  <div class='ocr_page' id='page_1' title='image "/cluster/home/n/w/nwhite01/storage/ocr_20150623/160/mdp.39015078384693/550.png"; bbox 0 0 4152 6280; ppageno 0'>
   <div class='ocr_carea' id='block_1_1' title="bbox 493 406 630 467">
    <p class='ocr_par' dir='ltr' id='par_1_1' title="bbox 493 406 630 467">
     <span class='ocr_line' id='line_1_1' title="bbox 493 406 630 467; baseline 0.007 -1"><span class='ocrx_word' id='word_1_1' title='bbox 493 406 630 467; x_wconf 60' lang='grc'><strong>1085</strong></span> 
     </span>
    </p>
   </div>
   <div class='ocr_carea' id='block_1_2' title="bbox 1372 405 2782 479">
    <p class='ocr_par' dir='ltr' id='par_1_2' title="bbox 1372 405 2782 479">
     <span class='ocr_line' id='line_1_2' title="bbox 1372 405 2782 479; baseline 0.009 -13"><span class='ocrx_word' id='word_1_2' title='bbox 1372 406 1476 470; x_wconf 87' lang='lat' dir='ltr'><strong>DE</strong></span> <span class='ocrx_word' id='word_1_3' title='bbox 1507 407 1866 469; x_wconf 74' lang='lat' dir='ltr'><strong>CORPORE</strong></span> <span class='ocrx_word' id='word_1_4' title='bbox 1889 409 1985 470; x_wconf 85' lang='lat' dir='ltr'><strong>ET</strong></span> <span class='ocrx_word' id='word_1_5' title='bbox 2007 405 2411 473; x_wconf 75' lang='lat' dir='ltr'><strong>SANGUINE</strong></span> <span class='ocrx_word' id='word_1_6' title='bbox 2443 411 2782 479; x_wconf 75' lang='lat' dir='ltr'><strong>CHRISTI.</strong></span> 
     </span>
    </p>
   </div>
   <div class='ocr_carea' id='block_1_3' title="bbox 3620 418 3758 476">
    <p class='ocr_par' dir='ltr' id='par_1_3' title="bbox 3620 418 3758 476">
     <span class='ocr_line' id='line_1_3' title="bbox 3620 418 3758 476; baseline 0 -1"><span class='ocrx_word' id='word_1_7' title='bbox 3620 418 3758 476; x_wconf 74' lang='grc'><strong>1086</strong></span> 
     </span>
    </p>
   </div>
   <div class='ocr_carea' id='block_1_4' title="bbox 492 509 2105 595">
    <p class='ocr_par' dir='ltr' id='par_1_4' title="bbox 492 509 2076 586">
     <span class='ocr_line' id='line_1_4' title="bbox 492 509 2076 586; baseline 0.004 -20"><span class='ocrx_word' id='word_1_8' title='bbox 492 513 580 566; x_wconf 70' lang='grc' dir='ltr'><strong>καὶ</strong></span> <span class='ocrx_word' id='word_1_9' title='bbox 604 511 700 581; x_wconf 76' lang='grc' dir='ltr'><strong>τὴν</strong></span> <span class='ocrx_word' id='word_1_10' title='bbox 715 510 805 563; x_wconf 81' lang='grc' dir='ltr'><strong>τοῦ</strong></span> <span class='ocrx_word' id='word_1_11' title='bbox 829 509 984 580; x_wconf 69' lang='grc' dir='ltr'><strong>ἁγίου</strong></span> <span class='ocrx_word' id='word_1_12' title='bbox 1001 511 1138 566; x_wconf 88' lang='grc' dir='ltr'><strong>Πνεύ</strong></span> <span class='ocrx_word' id='word_1_13' title='bbox 1146 530 1312 582; x_wconf 88' lang='grc' dir='ltr'><strong>ματος</strong></span> <span class='ocrx_word' id='word_1_14' title='bbox 1335 515 1717 570; x_wconf 74' lang='grc' dir='ltr'><strong>ἐπικαλοῦνται</strong></span> <span class='ocrx_word' id='word_1_15' title='bbox 1736 518 1914 586; x_wconf 80' lang='grc' dir='ltr'><strong>χάριν,</strong></span> <span class='ocrx_word' id='word_1_16' title='bbox 1936 518 2076 572; x_wconf 83' lang='grc' dir='ltr'><strong>ὥστε</strong></span> 
     </span>
    </p>
   </div>
   <div class='ocr_carea' id='block_1_5' title="bbox 2207 509 3757 595">
    <p class='ocr_par' dir='ltr' id='par_1_5' title="bbox 2213 525 3757 595">
     <span class='ocr_line' id='line_1_5' title="bbox 2213 525 3757 595; baseline 0.001 -18"><span class='ocrx_word' id='word_1_17' title='bbox 2213 535 2504 588; x_wconf 86' lang='lat' dir='ltr'><strong>ecrantur;</strong></span> <span class='ocrx_word' id='word_1_18' title='bbox 2541 533 2727 595; x_wconf 84' lang='lat' dir='ltr'><strong>postea</strong></span> <span class='ocrx_word' id='word_1_19' title='bbox 2756 539 2888 581; x_wconf 88' lang='lat' dir='ltr'><strong>vero</strong></span> <span class='ocrx_word' id='word_1_20' title='bbox 2917 527 3222 582; x_wconf 86' lang='lat' dir='ltr'><strong>orationem</strong></span> <span class='ocrx_word' id='word_1_21' title='bbox 3247 525 3523 589; x_wconf 79' lang='lat' dir='ltr'><strong>adhibent,</strong></span> <span class='ocrx_word' id='word_1_22' title='bbox 3546 533 3600 578; x_wconf 92' lang='lat' dir='ltr'><strong>et</strong></span> <span class='ocrx_word' id='word_1_23' title='bbox 3627 531 3757 578; x_wconf 88' lang='lat' dir='ltr'><strong>san-</strong></span> 
     </span>
    </p>
   </div>
   <div class='ocr_carea' id='block_1_6' title="bbox 492 602 2078 677">
    <p class='ocr_par' dir='ltr' id='par_1_6' title="bbox 492 602 2078 677">
     <span class='ocr_line' id='line_1_6' title="bbox 492 602 2078 677; baseline 0.003 -21"><span class='ocrx_word' id='word_1_24' title='bbox 492 603 659 670; x_wconf 83' lang='grc' dir='ltr'><strong>αύτὴν</strong></span> <span class='ocrx_word' id='word_1_25' title='bbox 680 602 955 665; x_wconf 79' lang='grc' dir='ltr'><strong>ἐλθοῦσαν,</strong></span> <span class='ocrx_word' id='word_1_26' title='bbox 979 604 1045 656; x_wconf 80' lang='grc' dir='ltr'><strong>τὰ</strong></span> <span class='ocrx_word' id='word_1_27' title='bbox 1063 608 1180 672; x_wconf 79' lang='grc' dir='ltr'><strong>εἰρη</strong></span> <span class='ocrx_word' id='word_1_28' title='bbox 1191 604 1326 673; x_wconf 80' lang='grc' dir='ltr'><strong>μένα</strong></span> <span class='ocrx_word' id='word_1_29' title='bbox 1345 605 1466 657; x_wconf 70' lang='grc' dir='ltr'><strong>τότε</strong></span> <span class='ocrx_word' id='word_1_30' title='bbox 1487 608 1604 668; x_wconf 80' lang='grc' dir='ltr'><strong>τοῖς</strong></span> <span class='ocrx_word' id='word_1_31' title='bbox 1622 606 1718 659; x_wconf 92' lang='grc' dir='ltr'><strong>νῦν</strong></span> <span class='ocrx_word' id='word_1_32' title='bbox 1745 609 2078 677; x_wconf 71' lang='grc' dir='ltr'><strong>ἐφαρμόσαι,</strong></span> 
     </span>
    </p>
   </div>
   <div class='ocr_carea' id='block_1_7' title="bbox 494 693 2088 766">
    <p class='ocr_par' dir='ltr' id='par_1_7' title="bbox 494 693 2088 766">
     <span class='ocr_line' id='line_1_7' title="bbox 494 693 2088 766; baseline 0.002 -20"><span class='ocrx_word' id='word_1_33' title='bbox 494 695 586 746; x_wconf 70' lang='grc' dir='ltr'><strong>καὶ</strong></span> <span class='ocrx_word' id='word_1_34' title='bbox 617 693 684 746; x_wconf 79' lang='grc' dir='ltr'><strong>τὰ</strong></span> <span class='ocrx_word' id='word_1_35' title='bbox 713 694 1043 765; x_wconf 75' lang='grc' dir='ltr'><strong>προκείμενα</strong></span> <span class='ocrx_word' id='word_1_36' title='bbox 1066 694 1370 760; x_wconf 77' lang='grc' dir='ltr'><strong>τελειῶσαι,</strong></span> <span class='ocrx_word' id='word_1_37' title='bbox 1404 697 1498 748; x_wconf 70' lang='grc' dir='ltr'><strong>καὶ</strong></span> <span class='ocrx_word' id='word_1_38' title='bbox 1526 696 1660 766; x_wconf 75' lang='grc' dir='ltr'><strong>πρ³ς</strong></span> <span class='ocrx_word' id='word_1_39' title='bbox 1688 697 1746 749; x_wconf 83' lang='grc' dir='ltr'><strong>τὸ</strong></span> <span class='ocrx_word' id='word_1_40' title='bbox 1765 698 2088 751; x_wconf 72' lang='grc' dir='ltr'><strong>δεσποτικὸν</strong></span> 
     </span>
    </p>
   </div>
   <div class='ocr_carea' id='block_1_8' title="bbox 494 782 2083 859">
    <p class='ocr_par' dir='ltr' id='par_1_8' title="bbox 494 782 2083 859">
     <span class='ocr_line' id='line_1_8' title="bbox 494 782 2083 859; baseline 0.001 -19"><span class='ocrx_word' id='word_1_41' title='bbox 494 787 654 857; x_wconf 85' lang='grc' dir='ltr'><strong>σῶμα</strong></span> <span class='ocrx_word' id='word_1_42' title='bbox 675 787 768 840; x_wconf 66' lang='grc' dir='ltr'><strong>καὶ</strong></span> <span class='ocrx_word' id='word_1_43' title='bbox 790 782 928 856; x_wconf 77' lang='grc' dir='ltr'><strong>αἷμα</strong></span> <span class='ocrx_word' id='word_1_44' title='bbox 957 787 1323 856; x_wconf 75' lang='grc' dir='ltr'><strong>μεταποιῆσαι</strong></span> <span class='ocrx_word' id='word_1_45' title='bbox 1343 804 1358 820; x_wconf 88' lang='grc'><strong>·</strong></span> <span class='ocrx_word' id='word_1_46' title='bbox 1386 787 1524 856; x_wconf 79' lang='grc' dir='ltr'><strong>αὕτη</strong></span> <span class='ocrx_word' id='word_1_47' title='bbox 1553 788 1660 856; x_wconf 67' lang='grc' dir='ltr'><strong>γὰρ</strong></span> <span class='ocrx_word' id='word_1_48' title='bbox 1681 788 1775 841; x_wconf 72' lang='grc' dir='ltr'><strong>καὶ</strong></span> <span class='ocrx_word' id='word_1_49' title='bbox 1804 790 1860 841; x_wconf 79' lang='grc' dir='ltr'><strong>ὲν</strong></span> <span class='ocrx_word' id='word_1_50' title='bbox 1888 791 1956 858; x_wconf 81' lang='grc' dir='ltr'><strong>τῇ</strong></span> <span class='ocrx_word' id='word_1_51' title='bbox 1981 790 2083 859; x_wconf 85' lang='grc' dir='ltr'><strong>μή-</strong></span> 
     </span>
    </p>
   </div>
   <div class='ocr_carea' id='block_1_9' title="bbox 494 879 2084 950">
    <p class='ocr_par' dir='ltr' id='par_1_9' title="bbox 494 879 2084 950">
     <span class='ocr_line' id='line_1_9' title="bbox 494 879 2084 950; baseline 0.002 -19"><span class='ocrx_word' id='word_1_52' title='bbox 494 897 598 948; x_wconf 83' lang='grc' dir='ltr'><strong>τρᾳ</strong></span> <span class='ocrx_word' id='word_1_53' title='bbox 627 879 725 948; x_wconf 82' lang='grc' dir='ltr'><strong>τῆς</strong></span> <span class='ocrx_word' id='word_1_54' title='bbox 750 879 1026 950; x_wconf 78' lang='grc' dir='ltr'><strong>Παρθένου</strong></span> <span class='ocrx_word' id='word_1_55' title='bbox 1047 879 1146 950; x_wconf 80' lang='grc' dir='ltr'><strong>τὴν</strong></span> <span class='ocrx_word' id='word_1_56' title='bbox 1169 879 1429 950; x_wconf 78' lang='grc' dir='ltr'><strong>θεοφόρον</strong></span> <span class='ocrx_word' id='word_1_57' title='bbox 1453 881 1668 949; x_wconf 82' lang='grc' dir='ltr'><strong>ἐκείνην</strong></span> <span class='ocrx_word' id='word_1_58' title='bbox 1713 883 2084 950; x_wconf 72' lang='grc' dir='ltr'><strong>συνεστήσατο</strong></span> 
     </span>
    </p>
   </div>
   <div class='ocr_carea' id='block_1_10' title="bbox 496 965 2084 1044">
    <p class='ocr_par' dir='ltr' id='par_1_10' title="bbox 496 965 2084 1044">
     <span class='ocr_line' id='line_1_10' title="bbox 496 965 2084 1044; baseline 0.002 -20"><span class='ocrx_word' id='word_1_59' title='bbox 496 969 698 1042; x_wconf 76' lang='grc' dir='ltr'><strong>σάρκα,</strong></span> <span class='ocrx_word' id='word_1_60' title='bbox 731 973 872 1024; x_wconf 83' lang='grc' dir='ltr'><strong>κατὰ</strong></span> <span class='ocrx_word' id='word_1_61' title='bbox 920 973 980 1026; x_wconf 84' lang='grc' dir='ltr'><strong>τὸ</strong></span> <span class='ocrx_word' id='word_1_62' title='bbox 1009 965 1301 1042; x_wconf 71' lang='grc' dir='ltr'><strong>εἰρημένον</strong></span> <span class='ocrx_word' id='word_1_63' title='bbox 1330 973 1468 1041; x_wconf 74' lang='grc' dir='ltr'><strong>πρὸς</strong></span> <span class='ocrx_word' id='word_1_64' title='bbox 1499 973 1668 1044; x_wconf 79' lang='grc' dir='ltr'><strong>αὐτὴν</strong></span> <span class='ocrx_word' id='word_1_65' title='bbox 1709 973 1815 1025; x_wconf 77' lang='grc' dir='ltr'><strong>ὑπο</strong></span> <span class='ocrx_word' id='word_1_66' title='bbox 1851 972 1948 1026; x_wconf 81' lang='grc' dir='ltr'><strong>τοῦ</strong></span> <span class='ocrx_word' id='word_1_67' title='bbox 1984 976 2084 1040; x_wconf 80' lang='grc' dir='ltr'><strong>ἀγ-</strong></span> 
     </span>
    </p>
   </div>
   <div class='ocr_carea' id='block_1_11' title="bbox 495 1063 2084 1134">
    <p class='ocr_par' dir='ltr' id='par_1_11' title="bbox 495 1063 2084 1134">
     <span class='ocr_line' id='line_1_11' title="bbox 495 1063 2084 1134; baseline 0.002 -19"><span class='ocrx_word' id='word_1_68' title='bbox 495 1063 658 1130; x_wconf 75' lang='grc' dir='ltr'><strong>γέλου</strong></span> <span class='ocrx_word' id='word_1_69' title='bbox 685 1079 701 1095; x_wconf 78' lang='grc' dir='ltr'><strong>ο</strong></span> <span class='ocrx_word' id='word_1_70' title='bbox 768 1064 1014 1134; x_wconf 75' lang='grc' dir='ltr'><strong>Πνεῦμα</strong></span> <span class='ocrx_word' id='word_1_71' title='bbox 1063 1063 1238 1134; x_wconf 81' lang='grc' dir='ltr'><strong>ἅγιον</strong></span> <span class='ocrx_word' id='word_1_72' title='bbox 1269 1065 1665 1120; x_wconf 76' lang='grc' dir='ltr'><strong>ἐπελεύσεται</strong></span> <span class='ocrx_word' id='word_1_73' title='bbox 1705 1066 1802 1119; x_wconf 78' lang='grc' dir='ltr'><strong>ἐπὶ</strong></span> <span class='ocrx_word' id='word_1_74' title='bbox 1849 1065 1948 1130; x_wconf 84' lang='grc' dir='ltr'><strong>σὲ,</strong></span> <span class='ocrx_word' id='word_1_75' title='bbox 1984 1065 2084 1118; x_wconf 80' lang='grc' dir='ltr'><strong>καί</strong></span> 
     </span>
    </p>
   </div>
   <div class='ocr_carea' id='block_1_12' title="bbox 496 1154 2082 1225">
    <p class='ocr_par' dir='ltr' id='par_1_12' title="bbox 496 1154 2082 1225">
     <span class='ocr_line' id='line_1_12' title="bbox 496 1154 2082 1225; baseline -0.001 -17"><span class='ocrx_word' id='word_1_76' title='bbox 496 1155 751 1225; x_wconf 79' lang='grc' dir='ltr'><strong>δύναμις</strong></span> <span class='ocrx_word' id='word_1_77' title='bbox 792 1158 1092 1225; x_wconf 74' lang='grc' dir='ltr'><strong>Ὑψίστου</strong></span> <span class='ocrx_word' id='word_1_78' title='bbox 1125 1156 1470 1210; x_wconf 78' lang='grc' dir='ltr'><strong>ἐπισκιάσει</strong></span> <span class='ocrx_word' id='word_1_79' title='bbox 1505 1173 1628 1211; x_wconf 88' lang='grc' dir='ltr'><strong>σοι.</strong></span> <span class='ocrx_word' id='word_1_80' title='bbox 1662 1157 1761 1210; x_wconf 72' lang='grc' dir='ltr'><strong>Διὰ</strong></span> <span class='ocrx_word' id='word_1_81' title='bbox 1791 1156 1954 1211; x_wconf 90' lang='grc' dir='ltr'><strong>τοῦτο</strong></span> <span class='ocrx_word' id='word_1_82' title='bbox 1986 1154 2082 1208; x_wconf 72' lang='grc' dir='ltr'><strong>καὶ</strong></span> 
     </span>
    </p>
   </div>
   <div class='ocr_carea' id='block_1_13' title="bbox 497 1245 2083 1314">
    <p class='ocr_par' dir='ltr' id='par_1_13' title="bbox 497 1245 2083 1314">
     <span class='ocr_line' id='line_1_13' title="bbox 497 1245 2083 1314; baseline -0.001 -16"><span class='ocrx_word' id='word_1_83' title='bbox 497 1248 526 1298; x_wconf 84' lang='grc' dir='ltr'>ὁ</span> <span class='ocrx_word' id='word_1_84' title='bbox 571 1247 744 1314; x_wconf 80' lang='grc' dir='ltr'><strong>μέγας</strong></span> <span class='ocrx_word' id='word_1_85' title='bbox 795 1246 1106 1314; x_wconf 75' lang='grc' dir='ltr'><strong>Βασίλειος,</strong></span> <span class='ocrx_word' id='word_1_86' title='bbox 1138 1247 1274 1314; x_wconf 82' lang='grc' dir='ltr'><strong>μετὰ</strong></span> <span class='ocrx_word' id='word_1_87' title='bbox 1328 1246 1388 1298; x_wconf 64' lang='lat' dir='ltr'><strong>rb</strong></span> <span class='ocrx_word' id='word_1_88' title='bbox 1439 1249 1614 1299; x_wconf 86' lang='grc' dir='ltr'><strong>είπεῖν</strong></span> <span class='ocrx_word' id='word_1_89' title='bbox 1662 1245 1731 1299; x_wconf 83' lang='grc' dir='ltr'><strong>τὰ</strong></span> <span class='ocrx_word' id='word_1_90' title='bbox 1784 1245 2083 1298; x_wconf 72' lang='grc' dir='ltr'>δεσποτικὰ</span> 
     </span>
    </p>
   </div>
   <div class='ocr_carea' id='block_1_14' title="bbox 503 1337 2082 1409">
    <p class='ocr_par' dir='ltr' id='par_1_14' title="bbox 503 1337 2082 1409">
     <span class='ocr_line' id='line_1_14' title="bbox 503 1337 2082 1409; baseline -0.002 -18"><span class='ocrx_word' id='word_1_91' title='bbox 503 1339 728 1408; x_wconf 76' lang='grc' dir='ltr'><strong>ῥήματα</strong></span> <span class='ocrx_word' id='word_1_92' title='bbox 761 1337 1180 1409; x_wconf 75' lang='grc' dir='ltr'><strong>διηγηματικῶς</strong></span> <span class='ocrx_word' id='word_1_93' title='bbox 1212 1339 1288 1402; x_wconf 89' lang='grc' dir='ltr'><strong>ὡς</strong></span> <span class='ocrx_word' id='word_1_94' title='bbox 1319 1337 1453 1409; x_wconf 85' lang='grc' dir='ltr'><strong>παρ’</strong></span> <span class='ocrx_word' id='word_1_95' title='bbox 1488 1337 1655 1391; x_wconf 82' lang='grc' dir='ltr'><strong>αὐτοῦ</strong></span> <span class='ocrx_word' id='word_1_96' title='bbox 1692 1338 1958 1408; x_wconf 81' lang='grc' dir='ltr'><strong>εἰρημένα</strong></span> <span class='ocrx_word' id='word_1_97' title='bbox 1989 1337 2082 1390; x_wconf 75' lang='grc' dir='ltr'><strong>ἐπὶ</strong></span> 
     </span>
    </p>
   </div>
   <div class='ocr_carea' id='block_1_15' title="bbox 499 1429 2082 1499">
    <p class='ocr_par' dir='ltr' id='par_1_15' title="bbox 499 1429 2082 1499">
     <span class='ocr_line' id='line_1_15' title="bbox 499 1429 2082 1499; baseline 0 -17"><span class='ocrx_word' id='word_1_98' title='bbox 499 1431 594 1482; x_wconf 74' lang='grc' dir='ltr'><strong>τἰῦ</strong></span> <span class='ocrx_word' id='word_1_99' title='bbox 626 1430 784 1498; x_wconf 86' lang='grc' dir='ltr'><strong>ἁγίου</strong></span> <span class='ocrx_word' id='word_1_100' title='bbox 825 1430 1079 1499; x_wconf 84' lang='grc' dir='ltr'><strong>σώματος</strong></span> <span class='ocrx_word' id='word_1_101' title='bbox 1107 1431 1201 1482; x_wconf 81' lang='grc' dir='ltr'><strong>καὶ</strong></span> <span class='ocrx_word' id='word_1_102' title='bbox 1232 1430 1482 1499; x_wconf 80' lang='grc' dir='ltr'><strong>αἵματος,</strong></span> <span class='ocrx_word' id='word_1_103' title='bbox 1517 1429 1785 1482; x_wconf 72' lang='grc' dir='ltr'><strong>ἀντίτυπα</strong></span> <span class='ocrx_word' id='word_1_104' title='bbox 1825 1430 1980 1481; x_wconf 85' lang='grc' dir='ltr'><strong>καλεῖ</strong></span> <span class='ocrx_word' id='word_1_105' title='bbox 2013 1430 2082 1482; x_wconf 77' lang='grc' dir='ltr'><strong>τὰ</strong></span> 
     </span>
    </p>
   </div>
   <div class='ocr_carea' id='block_1_16' title="bbox 502 1521 2085 1592">
    <p class='ocr_par' dir='ltr' id='par_1_16' title="bbox 502 1521 2085 1592">
     <span class='ocr_line' id='line_1_16' title="bbox 502 1521 2085 1592; baseline 0 -18"><span class='ocrx_word' id='word_1_106' title='bbox 502 1523 862 1592; x_wconf 79' lang='grc' dir='ltr'><strong>προκείμενα,</strong></span> <span class='ocrx_word' id='word_1_107' title='bbox 913 1521 1073 1592; x_wconf 85' lang='grc' dir='ltr'><strong>δῆλον</strong></span> <span class='ocrx_word' id='word_1_108' title='bbox 1119 1521 1196 1585; x_wconf 85' lang='grc' dir='ltr'><strong>ὡς</strong></span> <span class='ocrx_word' id='word_1_109' title='bbox 1238 1523 1405 1592; x_wconf 83' lang='grc' dir='ltr'><strong>μήπω</strong></span> <span class='ocrx_word' id='word_1_110' title='bbox 1451 1521 1814 1590; x_wconf 82' lang='grc' dir='ltr'><strong>τετελεσμένα</strong></span> <span class='ocrx_word' id='word_1_111' title='bbox 1844 1521 1933 1574; x_wconf 82' lang='grc' dir='ltr'><strong>διὰ</strong></span> <span class='ocrx_word' id='word_1_112' title='bbox 1974 1522 2085 1574; x_wconf 86' lang='grc' dir='ltr'><strong>τῶν</strong></span> 
     </span>
    </p>
   </div>
   <div class='ocr_carea' id='block_1_17' title="bbox 506 1612 2085 1683">
    <p class='ocr_par' dir='ltr' id='par_1_17' title="bbox 506 1612 2085 1683">
     <span class='ocr_line' id='line_1_17' title="bbox 506 1612 2085 1683; baseline -0.002 -16"><span class='ocrx_word' id='word_1_113' title='bbox 506 1612 772 1683; x_wconf 72' lang='grc' dir='ltr'><strong>ῥημάτων</strong></span> <span class='ocrx_word' id='word_1_114' title='bbox 825 1613 1074 1677; x_wconf 72' lang='grc' dir='ltr'><strong>ἐκείνων,</strong></span> <span class='ocrx_word' id='word_1_115' title='bbox 1110 1614 1227 1667; x_wconf 83' lang='grc' dir='ltr'><strong>ἀλλ’</strong></span> <span class='ocrx_word' id='word_1_116' title='bbox 1263 1614 1343 1666; x_wconf 73' lang='grc' dir='ltr'><strong>ἔτι</strong></span> <span class='ocrx_word' id='word_1_117' title='bbox 1385 1613 1559 1666; x_wconf 81' lang='grc' dir='ltr'>τύπον</span> <span class='ocrx_word' id='word_1_118' title='bbox 1599 1613 1720 1666; x_wconf 83' lang='grc' dir='ltr'><strong>τινὰ</strong></span> <span class='ocrx_word' id='word_1_119' title='bbox 1769 1613 1864 1666; x_wconf 74' lang='grc' dir='ltr'><strong>καὶ</strong></span> <span class='ocrx_word' id='word_1_120' title='bbox 1899 1612 2085 1664; x_wconf 79' lang='grc' dir='ltr'><strong>εἰκόνα</strong></span> 
     </span>
    </p>
   </div>
   <div class='ocr_carea' id='block_1_18' title="bbox 504 1704 2098 1774">
    <p class='ocr_par' dir='ltr' id='par_1_18' title="bbox 504 1704 2098 1774">
     <span class='ocr_line' id='line_1_18' title="bbox 504 1704 2098 1774; baseline -0.001 -17"><span class='ocrx_word' id='word_1_121' title='bbox 504 1706 764 1774; x_wconf 76' lang='grc' dir='ltr'><strong>φέροντα.</strong></span> <span class='ocrx_word' id='word_1_122' title='bbox 805 1704 923 1760; x_wconf 58' lang='lat' dir='ltr'><strong>Rat</strong></span> <span class='ocrx_word' id='word_1_123' title='bbox 973 1706 1146 1769; x_wconf 77' lang='grc' dir='ltr'><strong>οὕτως</strong></span> <span class='ocrx_word' id='word_1_124' title='bbox 1189 1706 1352 1769; x_wconf 74' lang='grc' dir='ltr'><strong>εὐθὺς</strong></span> <span class='ocrx_word' id='word_1_125' title='bbox 1386 1707 1582 1773; x_wconf 78' lang='grc' dir='ltr'><strong>ἐφεξῆς</strong></span> <span class='ocrx_word' id='word_1_126' title='bbox 1632 1705 1695 1759; x_wconf 84' lang='grc' dir='ltr'><strong>τὸ</strong></span> <span class='ocrx_word' id='word_1_127' title='bbox 1741 1705 1964 1773; x_wconf 81' lang='grc' dir='ltr'><strong>Πνεῦμα</strong></span> <span class='ocrx_word' id='word_1_128' title='bbox 2023 1704 2098 1756; x_wconf 77' lang='grc' dir='ltr'><strong>τδ</strong></span> 
     </span>
    </p>
   </div>
   <div class='ocr_carea' id='block_1_19' title="bbox 505 1796 2086 1869">
    <p class='ocr_par' dir='ltr' id='par_1_19' title="bbox 505 1796 2086 1869">
     <span class='ocr_line' id='line_1_19' title="bbox 505 1796 2086 1869; baseline -0.002 -20"><span class='ocrx_word' id='word_1_129' title='bbox 505 1796 662 1864; x_wconf 74' lang='grc' dir='ltr'><strong>ἅγιον</strong></span> <span class='ocrx_word' id='word_1_130' title='bbox 691 1798 866 1852; x_wconf 76' lang='grc' dir='ltr'><strong>ἐλθεῖν</strong></span> <span class='ocrx_word' id='word_1_131' title='bbox 891 1798 1204 1869; x_wconf 76' lang='grc' dir='ltr'><strong>ἐπεύχεται,</strong></span> <span class='ocrx_word' id='word_1_132' title='bbox 1246 1799 1339 1852; x_wconf 73' lang='grc' dir='ltr'><strong>καὶ</strong></span> <span class='ocrx_word' id='word_1_133' title='bbox 1362 1797 1636 1860; x_wconf 82' lang='grc' dir='ltr'><strong>ἀναδεῖξαι</strong></span> <span class='ocrx_word' id='word_1_134' title='bbox 1671 1797 1763 1848; x_wconf 79' lang='grc' dir='ltr'><strong>τὸν</strong></span> <span class='ocrx_word' id='word_1_135' title='bbox 1791 1801 1891 1864; x_wconf 77' lang='grc' dir='ltr'><strong>μὲν</strong></span> <span class='ocrx_word' id='word_1_136' title='bbox 1922 1796 2086 1864; x_wconf 80' lang='grc' dir='ltr'>ἄρτον</span> 
     </span>
    </p>
   </div>
   <div class='ocr_carea' id='block_1_20' title="bbox 2186 615 3760 687">
    <p class='ocr_par' dir='ltr' id='par_1_20' title="bbox 2186 615 3760 687">
     <span class='ocr_line' id='line_1_20' title="bbox 2186 615 3760 687; baseline 0.002 -17"><span class='ocrx_word' id='word_1_137' title='bbox 2186 615 2256 670; x_wconf 85' lang='lat' dir='ltr'><strong>cti</strong></span> <span class='ocrx_word' id='word_1_138' title='bbox 2291 617 2526 684; x_wconf 72' lang='lat' dir='ltr'><strong>Spiritus</strong></span> <span class='ocrx_word' id='word_1_139' title='bbox 2549 619 2778 687; x_wconf 76' lang='lat' dir='ltr'><strong>gratiam</strong></span> <span class='ocrx_word' id='word_1_140' title='bbox 2809 619 3082 684; x_wconf 83' lang='lat' dir='ltr'><strong>invocant,</strong></span> <span class='ocrx_word' id='word_1_141' title='bbox 3147 630 3206 674; x_wconf 92' lang='lat' dir='ltr'><strong>ut</strong></span> <span class='ocrx_word' id='word_1_142' title='bbox 3260 635 3321 672; x_wconf 84' lang='lat' dir='ltr'><strong>ea</strong></span> <span class='ocrx_word' id='word_1_143' title='bbox 3385 619 3670 682; x_wconf 77' lang='lat' dir='ltr'><strong>accedens,</strong></span> <span class='ocrx_word' id='word_1_144' title='bbox 3695 632 3760 673; x_wconf 80' lang='lat' dir='ltr'><strong>ea</strong></span> 
     </span>
    </p>
   </div>
   <div class='ocr_carea' id='block_1_21' title="bbox 2183 709 3764 781">
    <p class='ocr_par' dir='ltr' id='par_1_21' title="bbox 2183 709 3764 781">
     <span class='ocr_line' id='line_1_21' title="bbox 2183 709 3764 781; baseline 0.004 -23"><span class='ocrx_word' id='word_1_145' title='bbox 2183 717 2442 774; x_wconf 62' lang='lat' dir='ltr'><strong>quietum</strong></span> <span class='ocrx_word' id='word_1_146' title='bbox 2467 709 2610 762; x_wconf 88' lang='lat' dir='ltr'><strong>dicta</strong></span> <span class='ocrx_word' id='word_1_147' title='bbox 2630 721 2777 772; x_wconf 92' lang='lat' dir='ltr'><strong>sunt,</strong></span> <span class='ocrx_word' id='word_1_148' title='bbox 2813 711 2981 766; x_wconf 82' lang='lat' dir='ltr'><strong>rebus</strong></span> <span class='ocrx_word' id='word_1_149' title='bbox 3037 711 3400 781; x_wconf 72' lang='lat' dir='ltr'><strong>praesentibus</strong></span> <span class='ocrx_word' id='word_1_150' title='bbox 3451 718 3764 764; x_wconf 86' lang='lat' dir='ltr'><strong>accommo-</strong></span> 
     </span>
    </p>
   </div>
   <div class='ocr_carea' id='block_1_22' title="bbox 2184 793 3760 869">
    <p class='ocr_par' dir='ltr' id='par_1_22' title="bbox 2184 793 3760 869">
     <span class='ocr_line' id='line_1_22' title="bbox 2184 793 3760 869; baseline 0.003 -22"><span class='ocrx_word' id='word_1_151' title='bbox 2184 793 2294 857; x_wconf 87' lang='lat' dir='ltr'><strong>det,</strong></span> <span class='ocrx_word' id='word_1_152' title='bbox 2318 803 2371 848; x_wconf 90' lang='lat' dir='ltr'><strong>et</strong></span> <span class='ocrx_word' id='word_1_153' title='bbox 2399 798 2674 866; x_wconf 86' lang='lat' dir='ltr'><strong>proposita</strong></span> <span class='ocrx_word' id='word_1_154' title='bbox 2703 798 2849 854; x_wconf 83' lang='lat' dir='ltr'><strong>dona</strong></span> <span class='ocrx_word' id='word_1_155' title='bbox 2901 801 3168 868; x_wconf 84' lang='lat' dir='ltr'><strong>perﬁciat,</strong></span> <span class='ocrx_word' id='word_1_156' title='bbox 3214 802 3379 869; x_wconf 88' lang='lat' dir='ltr'><strong>inque</strong></span> <span class='ocrx_word' id='word_1_157' title='bbox 3417 794 3760 854; x_wconf 79' lang='lat' dir='ltr'><strong>Duminicum</strong></span> 
     </span>
    </p>
   </div>
   <div class='ocr_carea' id='block_1_23' title="bbox 2184 879 3761 978">
    <p class='ocr_par' dir='ltr' id='par_1_23' title="bbox 2184 879 3761 978">
     <span class='ocr_line' id='line_1_23' title="bbox 2184 879 3761 978; baseline 0.001 -36"><span class='ocrx_word' id='word_1_158' title='bbox 2184 903 2380 956; x_wconf 84' lang='lat' dir='ltr'><strong>corpus</strong></span> <span class='ocrx_word' id='word_1_159' title='bbox 2411 896 2465 978; x_wconf 81' lang='lat' dir='ltr'><strong>et</strong></span> <span class='ocrx_word' id='word_1_160' title='bbox 2513 893 2837 956; x_wconf 69' lang='lat' dir='ltr'><strong>sanguinem</strong></span> <span class='ocrx_word' id='word_1_161' title='bbox 2901 901 3207 947; x_wconf 75' lang='lat' dir='ltr'><strong>convertat.</strong></span> <span class='ocrx_word' id='word_1_162' title='bbox 3239 894 3360 962; x_wconf 91' lang='lat' dir='ltr'><strong>lpsa</strong></span> <span class='ocrx_word' id='word_1_163' title='bbox 3412 879 3555 945; x_wconf 74' lang='lat' dir='ltr'><strong>enim</strong></span> <span class='ocrx_word' id='word_1_164' title='bbox 3598 897 3652 945; x_wconf 89' lang='lat' dir='ltr'><strong>et</strong></span> <span class='ocrx_word' id='word_1_165' title='bbox 3708 891 3761 943; x_wconf 91' lang='lat' dir='ltr'><strong>iu</strong></span> 
     </span>
    </p>
   </div>
   <div class='ocr_carea' id='block_1_24' title="bbox 2186 982 3765 1053">
    <p class='ocr_par' dir='ltr' id='par_1_24' title="bbox 2186 982 3765 1053">
     <span class='ocr_line' id='line_1_24' title="bbox 2186 982 3765 1053; baseline 0.001 -20"><span class='ocrx_word' id='word_1_166' title='bbox 2186 989 2341 1036; x_wconf 89' lang='lat' dir='ltr'><strong>utero</strong></span> <span class='ocrx_word' id='word_1_167' title='bbox 2429 982 2669 1052; x_wconf 81' lang='lat' dir='ltr'><strong>Virginis</strong></span> <span class='ocrx_word' id='word_1_168' title='bbox 2738 983 2998 1040; x_wconf 81' lang='lat' dir='ltr'><strong>deiferam</strong></span> <span class='ocrx_word' id='word_1_169' title='bbox 3065 984 3212 1040; x_wconf 82' lang='lat' dir='ltr'><strong>illam</strong></span> <span class='ocrx_word' id='word_1_170' title='bbox 3285 983 3594 1053; x_wconf 71' lang='lat' dir='ltr'><strong>procreavit</strong></span> <span class='ocrx_word' id='word_1_171' title='bbox 3645 989 3765 1035; x_wconf 86' lang='lat' dir='ltr'><strong>car-</strong></span> 
     </span>
    </p>
   </div>
   <div class='ocr_carea' id='block_1_25' title="bbox 2186 1073 3756 1148">
    <p class='ocr_par' dir='ltr' id='par_1_25' title="bbox 2186 1073 3756 1148">
     <span class='ocr_line' id='line_1_25' title="bbox 2186 1073 3756 1148; baseline -0.001 -19"><span class='ocrx_word' id='word_1_172' title='bbox 2186 1075 2508 1144; x_wconf 75' lang='lat' dir='ltr'><strong>nem,juxta</strong></span> <span class='ocrx_word' id='word_1_173' title='bbox 2539 1073 2697 1143; x_wconf 83' lang='lat' dir='ltr'><strong>illud,</strong></span> <span class='ocrx_word' id='word_1_174' title='bbox 2725 1079 2868 1148; x_wconf 91' lang='lat' dir='ltr'><strong>quod</strong></span> <span class='ocrx_word' id='word_1_175' title='bbox 2895 1079 2944 1132; x_wconf 91' lang='lat' dir='ltr'><strong>ei</strong></span> <span class='ocrx_word' id='word_1_176' title='bbox 3008 1079 3075 1132; x_wconf 91' lang='lat' dir='ltr'><strong>ab</strong></span> <span class='ocrx_word' id='word_1_177' title='bbox 3112 1077 3338 1147; x_wconf 77' lang='lat' dir='ltr'><strong>&#39;angelo</strong></span> <span class='ocrx_word' id='word_1_178' title='bbox 3386 1077 3591 1132; x_wconf 90' lang='lat' dir='ltr'><strong>dictum</strong></span> <span class='ocrx_word' id='word_1_179' title='bbox 3629 1083 3756 1130; x_wconf 86' lang='lat' dir='ltr'><strong>est:</strong></span> 
     </span>
    </p>
   </div>
   <div class='ocr_carea' id='block_1_26' title="bbox 2190 1167 3766 1240">
    <p class='ocr_par' dir='ltr' id='par_1_26' title="bbox 2190 1167 3766 1240">
     <span class='ocr_line' id='line_1_26' title="bbox 2190 1167 3766 1240; baseline 0 -18"><span class='ocrx_word' id='word_1_180' title='bbox 2190 1182 2218 1222; x_wconf 88' lang='grc' dir='ltr'><strong>ι·</strong></span> <span class='ocrx_word' id='word_1_181' title='bbox 2238 1171 2480 1240; x_wconf 88' lang='lat' dir='ltr'><strong>Spiritus</strong></span> <span class='ocrx_word' id='word_1_182' title='bbox 2533 1183 2755 1228; x_wconf 89' lang='lat' dir='ltr'><strong>sanctus</strong></span> <span class='ocrx_word' id='word_1_183' title='bbox 2788 1173 3134 1240; x_wconf 75' lang='lat' dir='ltr'><strong>superveniet</strong></span> <span class='ocrx_word' id='word_1_184' title='bbox 3188 1173 3238 1226; x_wconf 90' lang='lat' dir='ltr'><strong>in</strong></span> <span class='ocrx_word' id='word_1_185' title='bbox 3273 1183 3348 1236; x_wconf 91' lang='lat' dir='ltr'><strong>te,</strong></span> <span class='ocrx_word' id='word_1_186' title='bbox 3394 1179 3448 1226; x_wconf 87' lang='lat' dir='ltr'><strong>et</strong></span> <span class='ocrx_word' id='word_1_187' title='bbox 3473 1170 3646 1223; x_wconf 89' lang='lat' dir='ltr'><strong>virtus</strong></span> <span class='ocrx_word' id='word_1_188' title='bbox 3673 1167 3766 1222; x_wconf 88' lang='lat' dir='ltr'><strong>Al-</strong></span> 
     </span>
    </p>
   </div>
   <div class='ocr_carea' id='block_1_27' title="bbox 2187 1260 3765 1330">
    <p class='ocr_par' dir='ltr' id='par_1_27' title="bbox 2187 1260 3765 1330">
     <span class='ocr_line' id='line_1_27' title="bbox 2187 1260 3765 1330; baseline -0.001 -16"><span class='ocrx_word' id='word_1_189' title='bbox 2187 1263 2381 1318; x_wconf 89' lang='lat' dir='ltr'><strong>tissimi</strong></span> <span class='ocrx_word' id='word_1_190' title='bbox 2413 1265 2761 1320; x_wconf 83' lang='lat' dir='ltr'><strong>Obumbrabit</strong></span> <span class='ocrx_word' id='word_1_191' title='bbox 2785 1267 2909 1320; x_wconf 88' lang='lat' dir='ltr'><strong>tibi.</strong></span> <span class='ocrx_word' id='word_1_192' title='bbox 2939 1285 2958 1317; x_wconf 80' lang='grc' dir='ltr'><strong>ι</strong></span> <span class='ocrx_word' id='word_1_193' title='bbox 2997 1266 3200 1319; x_wconf 91' lang='lat' dir='ltr'><strong>Idcirco</strong></span> <span class='ocrx_word' id='word_1_194' title='bbox 3261 1273 3315 1318; x_wconf 89' lang='lat' dir='ltr'><strong>et</strong></span> <span class='ocrx_word' id='word_1_195' title='bbox 3350 1261 3583 1330; x_wconf 80' lang='lat' dir='ltr'><strong>magnus</strong></span> <span class='ocrx_word' id='word_1_196' title='bbox 3604 1260 3765 1314; x_wconf 87' lang='lat' dir='ltr'><strong>Basi-</strong></span> 
     </span>
    </p>
   </div>
   <div class='ocr_carea' id='block_1_28' title="bbox 2185 1353 3766 1426">
    <p class='ocr_par' dir='ltr' id='par_1_28' title="bbox 2185 1353 3766 1426">
     <span class='ocr_line' id='line_1_28' title="bbox 2185 1353 3766 1426; baseline -0.002 -15"><span class='ocrx_word' id='word_1_197' title='bbox 2185 1357 2309 1420; x_wconf 85' lang='lat' dir='ltr'><strong>lius,</strong></span> <span class='ocrx_word' id='word_1_198' title='bbox 2369 1366 2490 1426; x_wconf 88' lang='lat' dir='ltr'><strong>post</strong></span> <span class='ocrx_word' id='word_1_199' title='bbox 2544 1359 2766 1412; x_wconf 88' lang='lat' dir='ltr'><strong>recitata</strong></span> <span class='ocrx_word' id='word_1_200' title='bbox 2804 1358 3017 1412; x_wconf 87' lang='lat' dir='ltr'><strong>Domini</strong></span> <span class='ocrx_word' id='word_1_201' title='bbox 3097 1359 3280 1420; x_wconf 83' lang='lat' dir='ltr'><strong>verba,</strong></span> <span class='ocrx_word' id='word_1_202' title='bbox 3332 1364 3392 1409; x_wconf 88' lang='lat' dir='ltr'><strong>ut</strong></span> <span class='ocrx_word' id='word_1_203' title='bbox 3452 1370 3489 1409; x_wconf 54' lang='lat' dir='ltr'><strong>a‘</strong></span> <span class='ocrx_word' id='word_1_204' title='bbox 3532 1369 3590 1409; x_wconf 88' lang='lat' dir='ltr'><strong>se</strong></span> <span class='ocrx_word' id='word_1_205' title='bbox 3621 1353 3766 1408; x_wconf 87' lang='lat' dir='ltr'><strong>dicta</strong></span> 
     </span>
    </p>
   </div>
   <div class='ocr_carea' id='block_1_29' title="bbox 2186 1447 3768 1518">
    <p class='ocr_par' dir='ltr' id='par_1_29' title="bbox 2186 1447 3768 1518">
     <span class='ocr_line' id='line_1_29' title="bbox 2186 1447 3768 1518; baseline -0.003 -15"><span class='ocrx_word' id='word_1_206' title='bbox 2186 1464 2349 1516; x_wconf 89' lang='lat' dir='ltr'><strong>super</strong></span> <span class='ocrx_word' id='word_1_207' title='bbox 2377 1456 2568 1503; x_wconf 90' lang='lat' dir='ltr'><strong>sancto</strong></span> <span class='ocrx_word' id='word_1_208' title='bbox 2613 1463 2844 1518; x_wconf 91' lang='lat' dir='ltr'><strong>corpore</strong></span> <span class='ocrx_word' id='word_1_209' title='bbox 2876 1457 2931 1502; x_wconf 91' lang='lat' dir='ltr'><strong>et</strong></span> <span class='ocrx_word' id='word_1_210' title='bbox 2975 1448 3262 1517; x_wconf 79' lang='lat' dir='ltr'><strong>sanguine,</strong></span> <span class='ocrx_word' id='word_1_211' title='bbox 3296 1447 3539 1515; x_wconf 60' lang='lat' dir='ltr'><strong>a&#39;ntitypa</strong></span> <span class='ocrx_word' id='word_1_212' title='bbox 3609 1453 3768 1498; x_wconf 86' lang='lat' dir='ltr'><strong>vocat</strong></span> 
     </span>
    </p>
   </div>
   <div class='ocr_carea' id='block_1_30' title="bbox 2185 1534 3768 1610">
    <p class='ocr_par' dir='ltr' id='par_1_30' title="bbox 2185 1534 3768 1610">
     <span class='ocr_line' id='line_1_30' title="bbox 2185 1534 3768 1610; baseline -0.003 -18"><span class='ocrx_word' id='word_1_213' title='bbox 2185 1541 2465 1610; x_wconf 87' lang='lat' dir='ltr'><strong>proposita</strong></span> <span class='ocrx_word' id='word_1_214' title='bbox 2496 1542 2659 1602; x_wconf 90' lang='lat' dir='ltr'><strong>dona,</strong></span> <span class='ocrx_word' id='word_1_215' title='bbox 2712 1541 2972 1594; x_wconf 87' lang='lat' dir='ltr'><strong>nimirum</strong></span> <span class='ocrx_word' id='word_1_216' title='bbox 3019 1541 3176 1608; x_wconf 87' lang='lat' dir='ltr'><strong>quasi</strong></span> <span class='ocrx_word' id='word_1_217' title='bbox 3231 1535 3471 1591; x_wconf 87' lang='lat' dir='ltr'><strong>nondum</strong></span> <span class='ocrx_word' id='word_1_218' title='bbox 3525 1534 3768 1606; x_wconf 84' lang='lat' dir='ltr'><strong>perfecta</strong></span> 
     </span>
    </p>
   </div>
   <div class='ocr_carea' id='block_1_31' title="bbox 2187 1629 3773 1702">
    <p class='ocr_par' dir='ltr' id='par_1_31' title="bbox 2187 1629 3773 1702">
     <span class='ocr_line' id='line_1_31' title="bbox 2187 1629 3773 1702; baseline -0.006 -16"><span class='ocrx_word' id='word_1_219' title='bbox 2187 1647 2283 1702; x_wconf 88' lang='lat' dir='ltr'><strong>per</strong></span> <span class='ocrx_word' id='word_1_220' title='bbox 2349 1645 2411 1685; x_wconf 81' lang='lat' dir='ltr'><strong>ea</strong></span> <span class='ocrx_word' id='word_1_221' title='bbox 2490 1631 2682 1695; x_wconf 85' lang='lat' dir='ltr'><strong>verba,</strong></span> <span class='ocrx_word' id='word_1_222' title='bbox 2775 1645 2962 1682; x_wconf 85' lang='lat' dir='ltr'><strong>verum</strong></span> <span class='ocrx_word' id='word_1_223' title='bbox 3049 1629 3228 1682; x_wconf 89' lang='lat' dir='ltr'><strong>adhuc</strong></span> <span class='ocrx_word' id='word_1_224' title='bbox 3321 1635 3508 1695; x_wconf 88' lang='lat' dir='ltr'><strong>typum</strong></span> <span class='ocrx_word' id='word_1_225' title='bbox 3579 1639 3773 1693; x_wconf 87' lang='lat' dir='ltr'><strong>quem-</strong></span> 
     </span>
    </p>
   </div>
   <div class='ocr_carea' id='block_1_32' title="bbox 2188 1716 3769 1794">
    <p class='ocr_par' dir='ltr' id='par_1_32' title="bbox 2188 1716 3769 1794">
     <span class='ocr_line' id='line_1_32' title="bbox 2188 1716 3769 1794; baseline -0.009 -15"><span class='ocrx_word' id='word_1_226' title='bbox 2188 1724 2312 1779; x_wconf 88' lang='lat' dir='ltr'><strong>dam</strong></span> <span class='ocrx_word' id='word_1_227' title='bbox 2347 1734 2401 1777; x_wconf 86' lang='lat' dir='ltr'><strong>et</strong></span> <span class='ocrx_word' id='word_1_228' title='bbox 2432 1723 2722 1794; x_wconf 83' lang='lat' dir='ltr'><strong>imaginem</strong></span> <span class='ocrx_word' id='word_1_229' title='bbox 2759 1719 3009 1776; x_wconf 79' lang='lat' dir='ltr'><strong>ferentia.</strong></span> <span class='ocrx_word' id='word_1_230' title='bbox 3041 1719 3229 1788; x_wconf 90' lang='lat' dir='ltr'><strong>ltaque</strong></span> <span class='ocrx_word' id='word_1_231' title='bbox 3261 1718 3522 1785; x_wconf 70' lang='lat' dir='ltr'><strong>deinCeps</strong></span> <span class='ocrx_word' id='word_1_232' title='bbox 3584 1716 3769 1770; x_wconf 83' lang='lat' dir='ltr'><strong>statim</strong></span> 
     </span>
    </p>
   </div>
   <div class='ocr_carea' id='block_1_33' title="bbox 2192 1808 3771 1884">
    <p class='ocr_par' dir='ltr' id='par_1_33' title="bbox 2192 1808 3771 1884">
     <span class='ocr_line' id='line_1_33' title="bbox 2192 1808 3771 1884; baseline -0.006 -15"><span class='ocrx_word' id='word_1_233' title='bbox 2192 1815 2431 1884; x_wconf 89' lang='lat' dir='ltr'><strong>Spiritus</strong></span> <span class='ocrx_word' id='word_1_234' title='bbox 2473 1822 2696 1870; x_wconf 89' lang='lat' dir='ltr'><strong>sanctus</strong></span> <span class='ocrx_word' id='word_1_235' title='bbox 2728 1814 2982 1867; x_wconf 86' lang='lat' dir='ltr'><strong>adveniat</strong></span> <span class='ocrx_word' id='word_1_236' title='bbox 3014 1823 3290 1881; x_wconf 87' lang='lat' dir='ltr'><strong>precatur,</strong></span> <span class='ocrx_word' id='word_1_237' title='bbox 3353 1808 3629 1876; x_wconf 75' lang='lat' dir='ltr'><strong>faciatque</strong></span> <span class='ocrx_word' id='word_1_238' title='bbox 3673 1820 3771 1874; x_wconf 84' lang='lat' dir='ltr'><strong>pa-</strong></span> 
     </span>
    </p>
   </div>
   <div class='ocr_carea' id='block_1_34' title="bbox 505 1882 2105 1977">
    <p class='ocr_par' dir='ltr' id='par_1_34' title="bbox 505 1886 2085 1960">
     <span class='ocr_line' id='line_1_34' title="bbox 505 1886 2085 1960; baseline -0.003 -18"><span class='ocrx_word' id='word_1_239' title='bbox 505 1890 640 1943; x_wconf 79' lang='grc' dir='ltr'><strong>αὺτὺ</strong></span> <span class='ocrx_word' id='word_1_240' title='bbox 674 1889 736 1943; x_wconf 73' lang='grc' dir='ltr'><strong>τὸ</strong></span> <span class='ocrx_word' id='word_1_241' title='bbox 779 1889 960 1960; x_wconf 79' lang='grc' dir='ltr'><strong>τίμιον</strong></span> <span class='ocrx_word' id='word_1_242' title='bbox 1003 1888 1184 1958; x_wconf 80' lang='grc' dir='ltr'><strong>σῶμα,</strong></span> <span class='ocrx_word' id='word_1_243' title='bbox 1226 1889 1286 1942; x_wconf 77' lang='grc' dir='ltr'><strong>τὸ</strong></span> <span class='ocrx_word' id='word_1_244' title='bbox 1319 1890 1376 1942; x_wconf 84' lang='grc' dir='ltr'><strong>δὲ</strong></span> <span class='ocrx_word' id='word_1_245' title='bbox 1426 1888 1690 1958; x_wconf 87' lang='grc' dir='ltr'><strong>ποτήριον</strong></span> <span class='ocrx_word' id='word_1_246' title='bbox 1720 1887 1854 1940; x_wconf 77' lang='grc' dir='ltr'><strong>αὐτὸ</strong></span> <span class='ocrx_word' id='word_1_247' title='bbox 1907 1886 1968 1938; x_wconf 72' lang='grc' dir='ltr'><strong>τὸ</strong></span> <span class='ocrx_word' id='word_1_248' title='bbox 2000 1886 2085 1938; x_wconf 84' lang='grc' dir='ltr'><strong>τί·</strong></span> 
     </span>
    </p>
   </div>
   <div class='ocr_carea' id='block_1_35' title="bbox 2207 1882 3768 1977">
    <p class='ocr_par' dir='ltr' id='par_1_35' title="bbox 2207 1899 3768 1977">
     <span class='ocr_line' id='line_1_35' title="bbox 2207 1899 3768 1977; baseline -0.006 -16"><span class='ocrx_word' id='word_1_249' title='bbox 2207 1924 2312 1963; x_wconf 76' lang='grc' dir='ltr'><strong>ιειιι</strong></span> <span class='ocrx_word' id='word_1_250' title='bbox 2357 1908 2579 1977; x_wconf 86' lang='lat' dir='ltr'><strong>quidem</strong></span> <span class='ocrx_word' id='word_1_251' title='bbox 2644 1907 2825 1976; x_wconf 88' lang='lat' dir='ltr'><strong>ipsum</strong></span> <span class='ocrx_word' id='word_1_252' title='bbox 2895 1904 3195 1974; x_wconf 90' lang='lat' dir='ltr'><strong>pretiosum</strong></span> <span class='ocrx_word' id='word_1_253' title='bbox 3259 1915 3478 1971; x_wconf 90' lang='lat' dir='ltr'><strong>corpus,</strong></span> <span class='ocrx_word' id='word_1_254' title='bbox 3541 1899 3768 1954; x_wconf 84' lang='lat' dir='ltr'><strong>calicem</strong></span> 
     </span>
    </p>
   </div>
   <div class='ocr_carea' id='block_1_36' title="bbox 511 1977 2086 2052">
    <p class='ocr_par' dir='ltr' id='par_1_36' title="bbox 511 1977 2086 2052">
     <span class='ocr_line' id='line_1_36' title="bbox 511 1977 2086 2052; baseline -0.003 -18"><span class='ocrx_word' id='word_1_255' title='bbox 511 1998 634 2051; x_wconf 88' lang='grc' dir='ltr'><strong>μιον</strong></span> <span class='ocrx_word' id='word_1_256' title='bbox 666 1977 826 2052; x_wconf 70' lang='grc' dir='ltr'><strong>αἷμα.</strong></span> <span class='ocrx_word' id='word_1_257' title='bbox 872 1981 982 2037; x_wconf 75' lang='grc' dir='ltr'><strong>Καὶ</strong></span> <span class='ocrx_word' id='word_1_258' title='bbox 1028 1980 1190 2035; x_wconf 81' lang='grc' dir='ltr'><strong>τοῦτό</strong></span> <span class='ocrx_word' id='word_1_259' title='bbox 1238 1999 1302 2050; x_wconf 90' lang='grc' dir='ltr'><strong>γε</strong></span> <span class='ocrx_word' id='word_1_260' title='bbox 1343 1982 1463 2034; x_wconf 88' lang='grc' dir='ltr'><strong>λίαν</strong></span> <span class='ocrx_word' id='word_1_261' title='bbox 1513 1983 1778 2044; x_wconf 74' lang='grc' dir='ltr'><strong>εἰκότως·</strong></span> <span class='ocrx_word' id='word_1_262' title='bbox 1832 1979 2086 2047; x_wconf 78' lang='grc' dir='ltr'><strong>καθάπερ</strong></span> 
     </span>
    </p>
   </div>
   <div class='ocr_carea' id='block_1_37' title="bbox 510 2071 2088 2166">
    <p class='ocr_par' dir='ltr' id='par_1_37' title="bbox 510 2071 2088 2166">
     <span class='ocr_line' id='line_1_37' title="bbox 510 2071 2088 2166; baseline -0.004 -37"><span class='ocrx_word' id='word_1_263' title='bbox 510 2071 620 2166; x_wconf 72' lang='grc' dir='ltr'><strong>γὰρ</strong></span> <span class='ocrx_word' id='word_1_264' title='bbox 655 2075 746 2127; x_wconf 74' lang='grc' dir='ltr'><strong>ἐπὶ</strong></span> <span class='ocrx_word' id='word_1_265' title='bbox 775 2077 874 2145; x_wconf 79' lang='grc' dir='ltr'><strong>τῆς</strong></span> <span class='ocrx_word' id='word_1_266' title='bbox 913 2071 1135 2145; x_wconf 81' lang='grc' dir='ltr'><strong>πρώτης</strong></span> <span class='ocrx_word' id='word_1_267' title='bbox 1157 2075 1373 2145; x_wconf 80' lang='grc' dir='ltr'><strong>ἐκείνης</strong></span> <span class='ocrx_word' id='word_1_268' title='bbox 1399 2072 1765 2144; x_wconf 82' lang='grc' dir='ltr'><strong>δημιουργίας</strong></span> <span class='ocrx_word' id='word_1_269' title='bbox 1793 2071 1958 2124; x_wconf 76' lang='grc' dir='ltr'><strong>ἔλασε</strong></span> <span class='ocrx_word' id='word_1_270' title='bbox 1989 2071 2088 2139; x_wconf 80' lang='grc' dir='ltr'><strong>μὲν</strong></span> 
     </span>
    </p>
   </div>
   <div class='ocr_carea' id='block_1_38' title="bbox 509 2163 2091 2239">
    <p class='ocr_par' dir='ltr' id='par_1_38' title="bbox 509 2163 2091 2239">
     <span class='ocr_line' id='line_1_38' title="bbox 509 2163 2091 2239; baseline -0.004 -16"><span class='ocrx_word' id='word_1_271' title='bbox 509 2163 546 2237; x_wconf 74' lang='grc' dir='ltr'>ἧ</span> <span class='ocrx_word' id='word_1_272' title='bbox 573 2169 646 2237; x_wconf 82' lang='grc' dir='ltr'><strong>γῆ</strong></span> <span class='ocrx_word' id='word_1_273' title='bbox 679 2168 776 2238; x_wconf 81' lang='grc' dir='ltr'><strong>τὴν</strong></span> <span class='ocrx_word' id='word_1_274' title='bbox 807 2173 900 2221; x_wconf 86' lang='grc' dir='ltr'><strong>τοῦ</strong></span> <span class='ocrx_word' id='word_1_275' title='bbox 951 2165 1272 2239; x_wconf 76' lang='grc' dir='ltr'><strong>βλαστάνειν</strong></span> <span class='ocrx_word' id='word_1_276' title='bbox 1316 2169 1385 2221; x_wconf 84' lang='grc' dir='ltr'><strong>τὰ</strong></span> <span class='ocrx_word' id='word_1_277' title='bbox 1414 2168 1472 2232; x_wconf 75' lang='grc' dir='ltr'><strong>ἐξ</strong></span> <span class='ocrx_word' id='word_1_278' title='bbox 1516 2167 1690 2236; x_wconf 83' lang='grc' dir='ltr'><strong>αὐτῆς</strong></span> <span class='ocrx_word' id='word_1_279' title='bbox 1736 2165 1970 2234; x_wconf 89' lang='grc' dir='ltr'><strong>δύναμιν</strong></span> <span class='ocrx_word' id='word_1_280' title='bbox 2002 2163 2091 2216; x_wconf 82' lang='grc' dir='ltr'><strong>διὰ</strong></span> 
     </span>
    </p>
   </div>
   <div class='ocr_carea' id='block_1_39' title="bbox 513 2257 2088 2333">
    <p class='ocr_par' dir='ltr' id='par_1_39' title="bbox 513 2257 2088 2333">
     <span class='ocr_line' id='line_1_39' title="bbox 513 2257 2088 2333; baseline -0.004 -17"><span class='ocrx_word' id='word_1_281' title='bbox 513 2263 608 2316; x_wconf 89' lang='grc' dir='ltr'><strong>τοῦ</strong></span> <span class='ocrx_word' id='word_1_282' title='bbox 640 2264 784 2315; x_wconf 82' lang='grc' dir='ltr'><strong>Θείον</strong></span> <span class='ocrx_word' id='word_1_283' title='bbox 822 2257 1272 2333; x_wconf 68' lang='grc' dir='ltr'><strong>προστάγματος,</strong></span> <span class='ocrx_word' id='word_1_284' title='bbox 1305 2257 1402 2315; x_wconf 73' lang='grc' dir='ltr'><strong>καὶ</strong></span> <span class='ocrx_word' id='word_1_285' title='bbox 1431 2262 1491 2313; x_wconf 71' lang='grc' dir='ltr'><strong>τὸ</strong></span> <span class='ocrx_word' id='word_1_286' title='bbox 1522 2261 1858 2331; x_wconf 81' lang='grc' dir='ltr'><strong>πρόσταγμα</strong></span> <span class='ocrx_word' id='word_1_287' title='bbox 1890 2261 2088 2324; x_wconf 78' lang='grc' dir='ltr'><strong>ἐκεῖνο,</strong></span> 
     </span>
    </p>
   </div>
   <div class='ocr_carea' id='block_1_40' title="bbox 513 2354 2090 2443">
    <p class='ocr_par' dir='ltr' id='par_1_40' title="bbox 513 2354 2090 2443">
     <span class='ocr_line' id='line_1_40' title="bbox 513 2354 2090 2443; baseline -0.003 -34"><span class='ocrx_word' id='word_1_288' title='bbox 513 2356 657 2443; x_wconf 73' lang='grc' dir='ltr'><strong>καθά</strong></span> <span class='ocrx_word' id='word_1_289' title='bbox 704 2374 871 2427; x_wconf 77' lang='grc' dir='ltr'><strong>φησιν</strong></span> <span class='ocrx_word' id='word_1_290' title='bbox 910 2357 942 2443; x_wconf 24' lang='grc' dir='ltr'><strong>ὁ.</strong></span> <span class='ocrx_word' id='word_1_291' title='bbox 990 2355 1154 2419; x_wconf 74' lang='grc' dir='ltr'><strong>αὒτδς</strong></span> <span class='ocrx_word' id='word_1_292' title='bbox 1205 2355 1551 2420; x_wconf 77' lang='grc' dir='ltr'><strong>διδάσκαλος,</strong></span> <span class='ocrx_word' id='word_1_293' title='bbox 1609 2355 1976 2423; x_wconf 76' lang='grc' dir='ltr'><strong>ἐναπομεϊναν</strong></span> <span class='ocrx_word' id='word_1_294' title='bbox 2024 2354 2090 2424; x_wconf 78' lang='grc' dir='ltr'><strong>τῇ</strong></span> 
     </span>
    </p>
   </div>
   <div class='ocr_carea' id='block_1_41' title="bbox 513 2439 2094 2522">
    <p class='ocr_par' dir='ltr' id='par_1_41' title="bbox 513 2439 2094 2522">
     <span class='ocr_line' id='line_1_41' title="bbox 513 2439 2094 2522; baseline -0.004 -19"><span class='ocrx_word' id='word_1_295' title='bbox 513 2440 609 2522; x_wconf 67' lang='grc' dir='ltr'><strong>γῇ,</strong></span> <span class='ocrx_word' id='word_1_296' title='bbox 642 2450 742 2519; x_wconf 79' lang='grc' dir='ltr'><strong>τὴν</strong></span> <span class='ocrx_word' id='word_1_297' title='bbox 773 2448 867 2502; x_wconf 89' lang='grc' dir='ltr'><strong>τοῦ</strong></span> <span class='ocrx_word' id='word_1_298' title='bbox 919 2439 1244 2518; x_wconf 77' lang='grc' dir='ltr'><strong>βλαστάνειν</strong></span> <span class='ocrx_word' id='word_1_299' title='bbox 1288 2449 1432 2517; x_wconf 77' lang='grc' dir='ltr'><strong>αὐτῇ</strong></span> <span class='ocrx_word' id='word_1_300' title='bbox 1477 2446 1747 2514; x_wconf 82' lang='grc' dir='ltr'><strong>διηνεκῶς</strong></span> <span class='ocrx_word' id='word_1_301' title='bbox 1792 2445 2094 2516; x_wconf 80' lang='grc' dir='ltr'><strong>παρέχεται</strong></span> 
     </span>
    </p>
   </div>
   <div class='ocr_carea' id='block_1_42' title="bbox 514 2534 2090 2614">
    <p class='ocr_par' dir='ltr' id='par_1_42' title="bbox 514 2534 2090 2614">
     <span class='ocr_line' id='line_1_42' title="bbox 514 2534 2090 2614; baseline -0.004 -16"><span class='ocrx_word' id='word_1_302' title='bbox 514 2545 748 2614; x_wconf 82' lang='grc' dir='ltr'><strong>δύναμιν</strong></span> <span class='ocrx_word' id='word_1_303' title='bbox 772 2560 786 2576; x_wconf 76' lang='grc' dir='ltr'><strong>ο</strong></span> <span class='ocrx_word' id='word_1_304' title='bbox 820 2542 981 2612; x_wconf 83' lang='grc' dir='ltr'><strong>χρεία</strong></span> <span class='ocrx_word' id='word_1_305' title='bbox 1008 2534 1066 2595; x_wconf 68' lang='grc' dir='ltr'><strong>δὲ</strong></span> <span class='ocrx_word' id='word_1_306' title='bbox 1103 2541 1254 2609; x_wconf 84' lang='grc' dir='ltr'><strong>ὅμως</strong></span> <span class='ocrx_word' id='word_1_307' title='bbox 1301 2539 1394 2593; x_wconf 65' lang='grc' dir='ltr'><strong>καὶ</strong></span> <span class='ocrx_word' id='word_1_308' title='bbox 1427 2539 1708 2608; x_wconf 80' lang='grc' dir='ltr'><strong>ἡμετέρας</strong></span> <span class='ocrx_word' id='word_1_309' title='bbox 1747 2537 2090 2606; x_wconf 78' lang='grc' dir='ltr'><strong>ἐπιμελείας,</strong></span> 
     </span>
    </p>
   </div>
   <div class='ocr_carea' id='block_1_43' title="bbox 518 2625 2094 2707">
    <p class='ocr_par' dir='ltr' id='par_1_43' title="bbox 518 2625 2094 2707">
     <span class='ocr_line' id='line_1_43' title="bbox 518 2625 2094 2707; baseline -0.007 -16"><span class='ocrx_word' id='word_1_310' title='bbox 518 2636 611 2691; x_wconf 75' lang='grc' dir='ltr'><strong>καὶ</strong></span> <span class='ocrx_word' id='word_1_311' title='bbox 634 2633 959 2707; x_wconf 84' lang='grc' dir='ltr'><strong>γεωργικῶν</strong></span> <span class='ocrx_word' id='word_1_312' title='bbox 994 2633 1196 2704; x_wconf 83' lang='grc' dir='ltr'><strong>χειρῶν</strong></span> <span class='ocrx_word' id='word_1_313' title='bbox 1229 2635 1306 2694; x_wconf 80' lang='grc' dir='ltr'><strong>είς</strong></span> <span class='ocrx_word' id='word_1_314' title='bbox 1333 2625 1392 2684; x_wconf 69' lang='lat' dir='ltr'><strong>to</strong></span> <span class='ocrx_word' id='word_1_315' title='bbox 1433 2630 1835 2700; x_wconf 83' lang='grc' dir='ltr'><strong>τελεσιουργεῖν</strong></span> <span class='ocrx_word' id='word_1_316' title='bbox 1865 2631 1934 2682; x_wconf 79' lang='grc' dir='ltr'><strong>τὰ</strong></span> <span class='ocrx_word' id='word_1_317' title='bbox 1961 2629 2094 2697; x_wconf 75' lang='grc' dir='ltr'><strong>φυό-</strong></span> 
     </span>
    </p>
   </div>
   <div class='ocr_carea' id='block_1_44' title="bbox 521 2717 2096 2797">
    <p class='ocr_par' dir='ltr' id='par_1_44' title="bbox 521 2717 2096 2797">
     <span class='ocr_line' id='line_1_44' title="bbox 521 2717 2096 2797; baseline -0.007 -16"><span class='ocrx_word' id='word_1_318' title='bbox 521 2746 660 2797; x_wconf 90' lang='grc' dir='ltr'><strong>μενα</strong></span> <span class='ocrx_word' id='word_1_319' title='bbox 683 2745 697 2760; x_wconf 78' lang='lat'>&#39;</span> <span class='ocrx_word' id='word_1_320' title='bbox 731 2729 822 2780; x_wconf 77' lang='grc' dir='ltr'><strong>τὸν</strong></span> <span class='ocrx_word' id='word_1_321' title='bbox 867 2726 1032 2779; x_wconf 84' lang='grc' dir='ltr'><strong>αὐτὸν</strong></span> <span class='ocrx_word' id='word_1_322' title='bbox 1080 2720 1284 2794; x_wconf 82' lang='grc' dir='ltr'><strong>τρόπον</strong></span> <span class='ocrx_word' id='word_1_323' title='bbox 1313 2726 1407 2776; x_wconf 75' lang='grc' dir='ltr'><strong>καὶ</strong></span> <span class='ocrx_word' id='word_1_324' title='bbox 1459 2724 1486 2776; x_wconf 81' lang='grc' dir='ltr'>ὁ</span> <span class='ocrx_word' id='word_1_325' title='bbox 1522 2722 1681 2790; x_wconf 83' lang='grc' dir='ltr'><strong>λόγος</strong></span> <span class='ocrx_word' id='word_1_326' title='bbox 1731 2720 1912 2783; x_wconf 79' lang='grc' dir='ltr'><strong>οὗτος,</strong></span> <span class='ocrx_word' id='word_1_327' title='bbox 1949 2717 2096 2785; x_wconf 76' lang='grc' dir='ltr'><strong>ἅπαξ</strong></span> 
     </span>
    </p>
   </div>
   <div class='ocr_carea' id='block_1_45' title="bbox 521 2807 2105 2890">
    <p class='ocr_par' dir='ltr' id='par_1_45' title="bbox 521 2807 2105 2890">
     <span class='ocr_line' id='line_1_45' title="bbox 521 2807 2105 2890; baseline -0.007 -17"><span class='ocrx_word' id='word_1_328' title='bbox 521 2820 706 2890; x_wconf 71' lang='grc' dir='ltr'><strong>ῥηθείς</strong></span> <span class='ocrx_word' id='word_1_329' title='bbox 735 2819 840 2871; x_wconf 58' lang='grc' dir='ltr'><strong>ὑπο</strong></span> <span class='ocrx_word' id='word_1_330' title='bbox 872 2818 964 2870; x_wconf 86' lang='grc' dir='ltr'><strong>τοῦ</strong></span> <span class='ocrx_word' id='word_1_331' title='bbox 995 2817 1271 2886; x_wconf 76' lang='grc' dir='ltr'><strong>Σωτῆρος,</strong></span> <span class='ocrx_word' id='word_1_332' title='bbox 1303 2815 1378 2878; x_wconf 85' lang='grc' dir='ltr'><strong>ὼς</strong></span> <span class='ocrx_word' id='word_1_333' title='bbox 1407 2815 1501 2866; x_wconf 73' lang='grc' dir='ltr'><strong>καὶ</strong></span> <span class='ocrx_word' id='word_1_334' title='bbox 1534 2816 1561 2867; x_wconf 82' lang='grc' dir='ltr'>ὁ</span> <span class='ocrx_word' id='word_1_335' title='bbox 1602 2807 1742 2874; x_wconf 81' lang='grc' dir='ltr'><strong>Οείός</strong></span> <span class='ocrx_word' id='word_1_336' title='bbox 1787 2827 1922 2881; x_wconf 79' lang='grc' dir='ltr'><strong>φησι</strong></span> <span class='ocrx_word' id='word_1_337' title='bbox 1951 2813 2105 2880; x_wconf 87' lang='grc' dir='ltr'><strong>Χρυ-·</strong></span> 
     </span>
    </p>
   </div>
   <div class='ocr_carea' id='block_1_46' title="bbox 522 2902 2102 2981">
    <p class='ocr_par' dir='ltr' id='par_1_46' title="bbox 522 2902 2102 2981">
     <span class='ocr_line' id='line_1_46' title="bbox 522 2902 2102 2981; baseline -0.004 -17"><span class='ocrx_word' id='word_1_338' title='bbox 522 2912 811 2981; x_wconf 86' lang='grc' dir='ltr'><strong>σόστομος,</strong></span> <span class='ocrx_word' id='word_1_339' title='bbox 852 2911 940 2964; x_wconf 82' lang='grc' dir='ltr'><strong>διὰ</strong></span> <span class='ocrx_word' id='word_1_340' title='bbox 991 2902 1193 2972; x_wconf 69' lang='grc' dir='ltr'><strong>παντὸς</strong></span> <span class='ocrx_word' id='word_1_341' title='bbox 1239 2904 1490 2978; x_wconf 75' lang='grc' dir='ltr'><strong>ἐνεργεῖ·</strong></span> <span class='ocrx_word' id='word_1_342' title='bbox 1544 2902 1801 2974; x_wconf 82' lang='grc' dir='ltr'><strong>συνεργεῖ</strong></span> <span class='ocrx_word' id='word_1_343' title='bbox 1841 2902 1908 2978; x_wconf 24' lang='grc' dir='ltr'><strong>’δξ</strong></span> <span class='ocrx_word' id='word_1_344' title='bbox 1949 2907 2102 2973; x_wconf 77' lang='grc' dir='ltr'><strong>ὅμως</strong></span> 
     </span>
    </p>
   </div>
   <div class='ocr_carea' id='block_1_47' title="bbox 521 2979 2099 3074">
    <p class='ocr_par' dir='ltr' id='par_1_47' title="bbox 521 2979 2099 3074">
     <span class='ocr_line' id='line_1_47' title="bbox 521 2979 2099 3074; baseline 0.004 -22"><span class='ocrx_word' id='word_1_345' title='bbox 521 3006 614 3059; x_wconf 78' lang='grc' dir='ltr'><strong>καὶ</strong></span> <span class='ocrx_word' id='word_1_346' title='bbox 645 3007 678 3074; x_wconf 80' lang='grc' dir='ltr'><strong>ἡ</strong></span> <span class='ocrx_word' id='word_1_347' title='bbox 703 3005 803 3074; x_wconf 81' lang='grc' dir='ltr'><strong>τῆς</strong></span> <span class='ocrx_word' id='word_1_348' title='bbox 840 3003 989 3064; x_wconf 79' lang='grc' dir='ltr'><strong>θείας</strong></span> <span class='ocrx_word' id='word_1_349' title='bbox 1038 2999 1344 3072; x_wconf 76' lang='grc' dir='ltr'><strong>ἱερωσύνης</strong></span> <span class='ocrx_word' id='word_1_350' title='bbox 1382 3000 1616 3068; x_wconf 84' lang='grc' dir='ltr'><strong>δύναμις</strong></span> <span class='ocrx_word' id='word_1_351' title='bbox 1665 2999 1752 3051; x_wconf 75' lang='grc' dir='ltr'><strong>διὰ</strong></span> <span class='ocrx_word' id='word_1_352' title='bbox 1790 2979 1890 3066; x_wconf 72' lang='grc' dir='ltr'><strong>τῆς</strong></span> <span class='ocrx_word' id='word_1_353' title='bbox 1931 2996 2099 3065; x_wconf 81' lang='grc' dir='ltr'><strong>εὐχῆς</strong></span> 
     </span>
    </p>
   </div>
   <div class='ocr_carea' id='block_1_48' title="bbox 522 3089 2100 3163">
    <p class='ocr_par' dir='ltr' id='par_1_48' title="bbox 522 3089 2100 3163">
     <span class='ocr_line' id='line_1_48' title="bbox 522 3089 2100 3163; baseline -0.007 -13"><span class='ocrx_word' id='word_1_354' title='bbox 522 3100 618 3151; x_wconf 70' lang='grc' dir='ltr'><strong>καὶ</strong></span> <span class='ocrx_word' id='word_1_355' title='bbox 642 3099 740 3163; x_wconf 73' lang='grc' dir='ltr'><strong>τῆς</strong></span> <span class='ocrx_word' id='word_1_356' title='bbox 771 3092 1022 3163; x_wconf 81' lang='grc' dir='ltr'><strong>εὐλογίας</strong></span> <span class='ocrx_word' id='word_1_357' title='bbox 1055 3095 1134 3156; x_wconf 82' lang='grc' dir='ltr'><strong>είς</strong></span> <span class='ocrx_word' id='word_1_358' title='bbox 1167 3093 1270 3161; x_wconf 85' lang='grc' dir='ltr'><strong>τὴν</strong></span> <span class='ocrx_word' id='word_1_359' title='bbox 1309 3093 1417 3145; x_wconf 89' lang='grc' dir='ltr'><strong>τῶν</strong></span> <span class='ocrx_word' id='word_1_360' title='bbox 1449 3092 1833 3160; x_wconf 80' lang='grc' dir='ltr'><strong>προκειμένων</strong></span> <span class='ocrx_word' id='word_1_361' title='bbox 1878 3089 2100 3140; x_wconf 82' lang='grc' dir='ltr'><strong>τελείω-</strong></span> 
     </span>
    </p>
   </div>
   <div class='ocr_carea' id='block_1_49' title="bbox 2191 1991 3775 2068">
    <p class='ocr_par' dir='ltr' id='par_1_49' title="bbox 2191 1991 3775 2068">
     <span class='ocr_line' id='line_1_49' title="bbox 2191 1991 3775 2068; baseline -0.008 -14"><span class='ocrx_word' id='word_1_362' title='bbox 2191 2010 2371 2055; x_wconf 90' lang='lat' dir='ltr'><strong>autem</strong></span> <span class='ocrx_word' id='word_1_363' title='bbox 2435 1999 2620 2068; x_wconf 88' lang='lat' dir='ltr'><strong>ipsum</strong></span> <span class='ocrx_word' id='word_1_364' title='bbox 2683 1997 2991 2066; x_wconf 87' lang='lat' dir='ltr'><strong>pretiosum</strong></span> <span class='ocrx_word' id='word_1_365' title='bbox 3047 1993 3388 2062; x_wconf 84' lang='lat' dir='ltr'><strong>sanguinem.</strong></span> <span class='ocrx_word' id='word_1_366' title='bbox 3415 1991 3583 2058; x_wconf 87' lang='lat' dir='ltr'><strong>quue</strong></span> <span class='ocrx_word' id='word_1_367' title='bbox 3628 1998 3775 2043; x_wconf 91' lang='lat' dir='ltr'><strong>certe</strong></span> 
     </span>
    </p>
   </div>
   <div class='ocr_carea' id='block_1_50' title="bbox 2185 2082 3773 2166">
    <p class='ocr_par' dir='ltr' id='par_1_50' title="bbox 2185 2082 3773 2166">
     <span class='ocr_line' id='line_1_50' title="bbox 2185 2082 3773 2166; baseline -0.009 -19"><span class='ocrx_word' id='word_1_368' title='bbox 2185 2094 2308 2162; x_wconf 89' lang='lat' dir='ltr'><strong>jure</strong></span> <span class='ocrx_word' id='word_1_369' title='bbox 2342 2094 2547 2160; x_wconf 89' lang='lat' dir='ltr'><strong>optimo</strong></span> <span class='ocrx_word' id='word_1_370' title='bbox 2580 2109 2592 2144; x_wconf 93' lang='lat'><strong>:</strong></span> <span class='ocrx_word' id='word_1_371' title='bbox 2621 2083 3366 2166; x_wconf 77' lang='lat' dir='ltr'><strong>namquemadmadmodum</strong></span> <span class='ocrx_word' id='word_1_372' title='bbox 3400 2083 3452 2136; x_wconf 91' lang='lat' dir='ltr'><strong>in</strong></span> <span class='ocrx_word' id='word_1_373' title='bbox 3480 2083 3567 2136; x_wconf 91' lang='lat' dir='ltr'><strong>illa</strong></span> <span class='ocrx_word' id='word_1_374' title='bbox 3600 2082 3773 2149; x_wconf 87' lang='lat' dir='ltr'><strong>prima</strong></span> 
     </span>
    </p>
   </div>
   <div class='ocr_carea' id='block_1_51' title="bbox 2192 2173 3774 2249">
    <p class='ocr_par' dir='ltr' id='par_1_51' title="bbox 2192 2173 3774 2249">
     <span class='ocr_line' id='line_1_51' title="bbox 2192 2173 3774 2249; baseline -0.008 -10"><span class='ocrx_word' id='word_1_375' title='bbox 2192 2183 2379 2239; x_wconf 85' lang='lat' dir='ltr'><strong>mundi</strong></span> <span class='ocrx_word' id='word_1_376' title='bbox 2414 2183 2788 2247; x_wconf 81' lang='lat' dir='ltr'><strong>fabricatione,</strong></span> <span class='ocrx_word' id='word_1_377' title='bbox 2835 2178 2975 2235; x_wconf 78' lang='lat' dir='ltr'><strong>terra</strong></span> <span class='ocrx_word' id='word_1_378' title='bbox 3012 2175 3376 2249; x_wconf 83' lang='lat' dir='ltr'><strong>germinandi,</strong></span> <span class='ocrx_word' id='word_1_379' title='bbox 3425 2188 3548 2242; x_wconf 65' lang='lat' dir='ltr'><strong>quae</strong></span> <span class='ocrx_word' id='word_1_380' title='bbox 3599 2173 3668 2226; x_wconf 93' lang='lat' dir='ltr'><strong>ab</strong></span> <span class='ocrx_word' id='word_1_381' title='bbox 3708 2187 3774 2226; x_wconf 90' lang='lat' dir='ltr'><strong>ea</strong></span> 
     </span>
    </p>
   </div>
   <div class='ocr_carea' id='block_1_52' title="bbox 2193 2261 3777 2340">
    <p class='ocr_par' dir='ltr' id='par_1_52' title="bbox 2193 2261 3777 2340">
     <span class='ocr_line' id='line_1_52' title="bbox 2193 2261 3777 2340; baseline -0.013 -6"><span class='ocrx_word' id='word_1_382' title='bbox 2193 2273 2500 2334; x_wconf 70' lang='lat' dir='ltr'><strong>nascuntur</strong></span> <span class='ocrx_word' id='word_1_383' title='bbox 2543 2275 2649 2327; x_wconf 85' lang='lat' dir='ltr'><strong>vim</strong></span> <span class='ocrx_word' id='word_1_384' title='bbox 2688 2281 2741 2327; x_wconf 92' lang='lat' dir='ltr'><strong>et</strong></span> <span class='ocrx_word' id='word_1_385' title='bbox 2765 2269 3071 2340; x_wconf 83' lang='lat' dir='ltr'><strong>potentiam</strong></span> <span class='ocrx_word' id='word_1_386' title='bbox 3104 2281 3202 2338; x_wconf 84' lang='lat' dir='ltr'><strong>per</strong></span> <span class='ocrx_word' id='word_1_387' title='bbox 3232 2265 3474 2321; x_wconf 85' lang='lat' dir='ltr'><strong>divinum</strong></span> <span class='ocrx_word' id='word_1_388' title='bbox 3534 2261 3777 2314; x_wconf 90' lang='lat' dir='ltr'><strong>manda-</strong></span> 
     </span>
    </p>
   </div>
   <div class='ocr_carea' id='block_1_53' title="bbox 2197 2350 3778 2437">
    <p class='ocr_par' dir='ltr' id='par_1_53' title="bbox 2197 2350 3778 2437">
     <span class='ocr_line' id='line_1_53' title="bbox 2197 2350 3778 2437; baseline -0.014 -11"><span class='ocrx_word' id='word_1_389' title='bbox 2197 2381 2311 2426; x_wconf 91' lang='lat' dir='ltr'><strong>tum</strong></span> <span class='ocrx_word' id='word_1_390' title='bbox 2345 2369 2575 2437; x_wconf 83' lang='lat' dir='ltr'><strong>accepit,</strong></span> <span class='ocrx_word' id='word_1_391' title='bbox 2635 2366 2801 2435; x_wconf 89' lang='lat' dir='ltr'><strong>idque</strong></span> <span class='ocrx_word' id='word_1_392' title='bbox 2825 2366 3164 2422; x_wconf 86' lang='lat' dir='ltr'><strong>mandatum,</strong></span> <span class='ocrx_word' id='word_1_393' title='bbox 3216 2353 3674 2428; x_wconf 88' lang='lat' dir='ltr'><strong>quemadmodum</strong></span> <span class='ocrx_word' id='word_1_394' title='bbox 3700 2350 3778 2406; x_wconf 88' lang='lat' dir='ltr'><strong>ait</strong></span> 
     </span>
    </p>
   </div>
   <div class='ocr_carea' id='block_1_54' title="bbox 2197 2442 3778 2526">
    <p class='ocr_par' dir='ltr' id='par_1_54' title="bbox 2197 2442 3778 2526">
     <span class='ocr_line' id='line_1_54' title="bbox 2197 2442 3778 2526; baseline -0.013 -8"><span class='ocrx_word' id='word_1_395' title='bbox 2197 2466 2338 2518; x_wconf 88' lang='lat' dir='ltr'><strong>idem</strong></span> <span class='ocrx_word' id='word_1_396' title='bbox 2383 2462 2596 2522; x_wconf 85' lang='lat' dir='ltr'><strong>doctor,</strong></span> <span class='ocrx_word' id='word_1_397' title='bbox 2648 2457 2702 2511; x_wconf 92' lang='lat' dir='ltr'><strong>in</strong></span> <span class='ocrx_word' id='word_1_398' title='bbox 2737 2457 2853 2526; x_wconf 86' lang='lat' dir='ltr'><strong>ipsa</strong></span> <span class='ocrx_word' id='word_1_399' title='bbox 2886 2464 3030 2509; x_wconf 87' lang='lat' dir='ltr'><strong>terra</strong></span> <span class='ocrx_word' id='word_1_400' title='bbox 3063 2464 3389 2522; x_wconf 79' lang='lat' dir='ltr'><strong>permanens</strong></span> <span class='ocrx_word' id='word_1_401' title='bbox 3422 2447 3673 2509; x_wconf 88' lang='lat' dir='ltr'><strong>insitum,</strong></span> <span class='ocrx_word' id='word_1_402' title='bbox 3726 2442 3778 2498; x_wconf 90' lang='lat' dir='ltr'><strong>ei</strong></span> 
     </span>
    </p>
   </div>
   <div class='ocr_carea' id='block_1_55' title="bbox 2198 2527 3776 2624">
    <p class='ocr_par' dir='ltr' id='par_1_55' title="bbox 2198 2527 3776 2624">
     <span class='ocr_line' id='line_1_55' title="bbox 2198 2527 3776 2624; baseline -0.015 -14"><span class='ocrx_word' id='word_1_403' title='bbox 2198 2557 2306 2610; x_wconf 76' lang='lat' dir='ltr'><strong>vim</strong></span> <span class='ocrx_word' id='word_1_404' title='bbox 2338 2549 2686 2624; x_wconf 81' lang='lat' dir='ltr'><strong>germinaudi</strong></span> <span class='ocrx_word' id='word_1_405' title='bbox 2735 2557 2996 2618; x_wconf 83' lang='lat' dir='ltr'><strong>perpetuo</strong></span> <span class='ocrx_word' id='word_1_406' title='bbox 3035 2542 3238 2614; x_wconf 61' lang='lat' dir='ltr'><strong>praebet</strong></span> <span class='ocrx_word' id='word_1_407' title='bbox 3270 2527 3450 2609; x_wconf 37' lang='lat' dir='ltr'><strong>{opus</strong></span> <span class='ocrx_word' id='word_1_408' title='bbox 3479 2545 3562 2593; x_wconf 92' lang='lat' dir='ltr'><strong>est</strong></span> <span class='ocrx_word' id='word_1_409' title='bbox 3595 2545 3776 2590; x_wconf 82' lang='lat' dir='ltr'><strong>tamen</strong></span> 
     </span>
    </p>
   </div>
   <div class='ocr_carea' id='block_1_56' title="bbox 2197 2625 3781 2708">
    <p class='ocr_par' dir='ltr' id='par_1_56' title="bbox 2197 2625 3781 2708">
     <span class='ocr_line' id='line_1_56' title="bbox 2197 2625 3781 2708; baseline -0.015 -7"><span class='ocrx_word' id='word_1_410' title='bbox 2197 2656 2252 2702; x_wconf 90' lang='lat' dir='ltr'><strong>et</strong></span> <span class='ocrx_word' id='word_1_411' title='bbox 2274 2651 2461 2701; x_wconf 79' lang='lat' dir='ltr'><strong>nostra</strong></span> <span class='ocrx_word' id='word_1_412' title='bbox 2493 2657 2651 2704; x_wconf 91' lang='lat' dir='ltr'><strong>cura,</strong></span> <span class='ocrx_word' id='word_1_413' title='bbox 2704 2637 3070 2708; x_wconf 84' lang='lat' dir='ltr'><strong>agricolarum</strong></span> <span class='ocrx_word' id='word_1_414' title='bbox 3105 2633 3359 2689; x_wconf 89' lang='lat' dir='ltr'><strong>manibus</strong></span> <span class='ocrx_word' id='word_1_415' title='bbox 3401 2627 3466 2684; x_wconf 83' lang='lat' dir='ltr'><strong>ad</strong></span> <span class='ocrx_word' id='word_1_416' title='bbox 3499 2643 3562 2682; x_wconf 88' lang='lat' dir='ltr'><strong>ea</strong></span> <span class='ocrx_word' id='word_1_417' title='bbox 3616 2625 3781 2694; x_wconf 82' lang='lat' dir='ltr'><strong>perti-</strong></span> 
     </span>
    </p>
   </div>
   <div class='ocr_carea' id='block_1_57' title="bbox 2200 2718 3782 2806">
    <p class='ocr_par' dir='ltr' id='par_1_57' title="bbox 2200 2718 3782 2806">
     <span class='ocr_line' id='line_1_57' title="bbox 2200 2718 3782 2806; baseline -0.014 -12"><span class='ocrx_word' id='word_1_418' title='bbox 2200 2740 2386 2794; x_wconf 89' lang='lat' dir='ltr'><strong>cienda</strong></span> <span class='ocrx_word' id='word_1_419' title='bbox 2417 2752 2535 2804; x_wconf 71' lang='lat' dir='ltr'><strong>quae</strong></span> <span class='ocrx_word' id='word_1_420' title='bbox 2567 2733 2865 2806; x_wconf 87' lang='lat' dir='ltr'><strong>producit:</strong></span> <span class='ocrx_word' id='word_1_421' title='bbox 2914 2728 3104 2785; x_wconf 86' lang='lat' dir='ltr'><strong>eodem</strong></span> <span class='ocrx_word' id='word_1_422' title='bbox 3151 2723 3314 2779; x_wconf 87' lang='lat' dir='ltr'><strong>modo</strong></span> <span class='ocrx_word' id='word_1_423' title='bbox 3345 2732 3400 2776; x_wconf 88' lang='lat' dir='ltr'><strong>et</strong></span> <span class='ocrx_word' id='word_1_424' title='bbox 3449 2732 3631 2775; x_wconf 86' lang='lat' dir='ltr'><strong>sermo</strong></span> <span class='ocrx_word' id='word_1_425' title='bbox 3679 2718 3782 2772; x_wconf 83' lang='lat' dir='ltr'><strong>iste</strong></span> 
     </span>
    </p>
   </div>
   <div class='ocr_carea' id='block_1_58' title="bbox 2201 2811 3772 2888">
    <p class='ocr_par' dir='ltr' id='par_1_58' title="bbox 2201 2811 3772 2888">
     <span class='ocr_line' id='line_1_58' title="bbox 2201 2811 3772 2888; baseline -0.017 -1"><span class='ocrx_word' id='word_1_426' title='bbox 2201 2831 2366 2888; x_wconf 75' lang='lat' dir='ltr'><strong>Semel</strong></span> <span class='ocrx_word' id='word_1_427' title='bbox 2410 2825 2590 2884; x_wconf 53' lang='lat' dir='ltr'><strong>e&#39;tlitus</strong></span> <span class='ocrx_word' id='word_1_428' title='bbox 2630 2842 2659 2880; x_wconf 90' lang='lat' dir='ltr'><strong>a</strong></span> <span class='ocrx_word' id='word_1_429' title='bbox 2697 2823 3008 2885; x_wconf 79' lang='lat' dir='ltr'><strong>Servatore,</strong></span> <span class='ocrx_word' id='word_1_430' title='bbox 3045 2830 3103 2873; x_wconf 90' lang='grc' dir='ltr'><strong>ιιι</strong></span> <span class='ocrx_word' id='word_1_431' title='bbox 3149 2817 3223 2870; x_wconf 87' lang='lat' dir='ltr'><strong>ait</strong></span> <span class='ocrx_word' id='word_1_432' title='bbox 3265 2816 3424 2870; x_wconf 86' lang='lat' dir='ltr'><strong>divus</strong></span> <span class='ocrx_word' id='word_1_433' title='bbox 3453 2811 3772 2878; x_wconf 85' lang='lat' dir='ltr'><strong>Chrysosto-</strong></span> 
     </span>
    </p>
   </div>
   <div class='ocr_carea' id='block_1_59' title="bbox 2203 2899 3780 2988">
    <p class='ocr_par' dir='ltr' id='par_1_59' title="bbox 2203 2899 3780 2988">
     <span class='ocr_line' id='line_1_59' title="bbox 2203 2899 3780 2988; baseline -0.016 -11"><span class='ocrx_word' id='word_1_434' title='bbox 2203 2925 2347 2985; x_wconf 80' lang='lat' dir='ltr'><strong>mus,</strong></span> <span class='ocrx_word' id='word_1_435' title='bbox 2381 2933 2596 2988; x_wconf 84' lang='lat' dir='ltr'><strong>semper</strong></span> <span class='ocrx_word' id='word_1_436' title='bbox 2640 2925 2901 2986; x_wconf 88' lang='lat' dir='ltr'><strong>operatur</strong></span> <span class='ocrx_word' id='word_1_437' title='bbox 2937 2913 3202 2977; x_wconf 83' lang='lat' dir='ltr'><strong>:adiuvat</strong></span> <span class='ocrx_word' id='word_1_438' title='bbox 3271 2915 3454 2960; x_wconf 89' lang='lat' dir='ltr'><strong>tamen</strong></span> <span class='ocrx_word' id='word_1_439' title='bbox 3505 2911 3560 2955; x_wconf 87' lang='lat' dir='ltr'><strong>et</strong></span> <span class='ocrx_word' id='word_1_440' title='bbox 3611 2899 3780 2954; x_wconf 90' lang='lat' dir='ltr'><strong>divini</strong></span> 
     </span>
    </p>
   </div>
   <div class='ocr_carea' id='block_1_60' title="bbox 2205 2994 3780 3072">
    <p class='ocr_par' dir='ltr' id='par_1_60' title="bbox 2205 2994 3780 3072">
     <span class='ocr_line' id='line_1_60' title="bbox 2205 2994 3780 3072; baseline -0.017 -1"><span class='ocrx_word' id='word_1_441' title='bbox 2205 3011 2498 3072; x_wconf 88' lang='lat' dir='ltr'><strong>sacerdotii</strong></span> <span class='ocrx_word' id='word_1_442' title='bbox 2543 3007 2777 3066; x_wconf 75' lang='lat' dir='ltr'><strong>facultas</strong></span> <span class='ocrx_word' id='word_1_443' title='bbox 2826 3001 3204 3062; x_wconf 83' lang='lat' dir='ltr'><strong>intercedente</strong></span> <span class='ocrx_word' id='word_1_444' title='bbox 3234 2998 3485 3054; x_wconf 89' lang='lat' dir='ltr'><strong>oratione</strong></span> <span class='ocrx_word' id='word_1_445' title='bbox 3512 3011 3574 3048; x_wconf 94' lang='lat' dir='ltr'><strong>ac</strong></span> <span class='ocrx_word' id='word_1_446' title='bbox 3611 2994 3780 3047; x_wconf 85' lang='lat' dir='ltr'><strong>bene-</strong></span> 
     </span>
    </p>
   </div>
   <div class='ocr_carea' id='block_1_61' title="bbox 2205 3084 3782 3172">
    <p class='ocr_par' dir='ltr' id='par_1_61' title="bbox 2205 3084 3782 3172">
     <span class='ocr_line' id='line_1_61' title="bbox 2205 3084 3782 3172; baseline -0.018 -9"><span class='ocrx_word' id='word_1_447' title='bbox 2205 3105 2462 3171; x_wconf 90' lang='lat' dir='ltr'><strong>dictione,</strong></span> <span class='ocrx_word' id='word_1_448' title='bbox 2487 3104 2554 3159; x_wconf 89' lang='lat' dir='ltr'><strong>ad</strong></span> <span class='ocrx_word' id='word_1_449' title='bbox 2590 3100 2992 3172; x_wconf 86' lang='lat' dir='ltr'><strong>propositorum</strong></span> <span class='ocrx_word' id='word_1_450' title='bbox 3027 3094 3445 3165; x_wconf 80' lang='lat' dir='ltr'><strong>perfectionem.</strong></span> <span class='ocrx_word' id='word_1_451' title='bbox 3482 3087 3606 3157; x_wconf 88' lang='lat' dir='ltr'><strong>lpsa</strong></span> <span class='ocrx_word' id='word_1_452' title='bbox 3636 3084 3782 3139; x_wconf 90' lang='lat' dir='ltr'><strong>enim</strong></span> 
     </span>
    </p>
   </div>
   <div class='ocr_carea' id='block_1_62' title="bbox 525 3180 2105 3279">
    <p class='ocr_par' dir='ltr' id='par_1_62' title="bbox 525 3180 2104 3260">
     <span class='ocr_line' id='line_1_62' title="bbox 525 3180 2104 3260; baseline 0.019 -16"><span class='ocrx_word' id='word_1_453' title='bbox 525 3183 610 3244; x_wconf 84' lang='grc' dir='ltr'><strong>σιν</strong></span> <span class='ocrx_word' id='word_1_454' title='bbox 627 3207 641 3221; x_wconf 90' lang='grc'><strong>·</strong></span> <span class='ocrx_word' id='word_1_455' title='bbox 664 3190 804 3260; x_wconf 80' lang='grc' dir='ltr'><strong>αὕτη</strong></span> <span class='ocrx_word' id='word_1_456' title='bbox 826 3188 932 3257; x_wconf 74' lang='grc' dir='ltr'><strong>γὰρ</strong></span> <span class='ocrx_word' id='word_1_457' title='bbox 955 3188 1048 3241; x_wconf 67' lang='grc' dir='ltr'><strong>καὶ</strong></span> <span class='ocrx_word' id='word_1_458' title='bbox 1072 3183 1132 3240; x_wconf 72' lang='grc' dir='ltr'><strong>τὸ</strong></span> <span class='ocrx_word' id='word_1_459' title='bbox 1155 3185 1250 3238; x_wconf 82' lang='grc' dir='ltr'><strong>τοῦ</strong></span> <span class='ocrx_word' id='word_1_460' title='bbox 1275 3183 1650 3256; x_wconf 71' lang='grc' dir='ltr'><strong>βαπτίσματος</strong></span> <span class='ocrx_word' id='word_1_461' title='bbox 1671 3181 1814 3250; x_wconf 66' lang='grc' dir='ltr'><strong>ὕδωρ</strong></span> <span class='ocrx_word' id='word_1_462' title='bbox 1840 3181 1900 3234; x_wconf 70' lang='grc' dir='ltr'><strong>δν</strong></span> <span class='ocrx_word' id='word_1_463' title='bbox 1915 3180 2104 3240; x_wconf 64' lang='grc' dir='ltr'><strong>ἁπλῶς</strong></span> 
     </span>
    </p>
   </div>
   <div class='ocr_carea' id='block_1_63' title="bbox 2207 3180 3784 3279">
    <p class='ocr_par' dir='ltr' id='par_1_63' title="bbox 2208 3180 3784 3266">
     <span class='ocr_line' id='line_1_63' title="bbox 2208 3180 3784 3266; baseline -0.018 -13"><span class='ocrx_word' id='word_1_464' title='bbox 2208 3208 2262 3253; x_wconf 90' lang='lat' dir='ltr'><strong>et</strong></span> <span class='ocrx_word' id='word_1_465' title='bbox 2291 3193 2636 3266; x_wconf 81' lang='lat' dir='ltr'><strong>baptismatis</strong></span> <span class='ocrx_word' id='word_1_466' title='bbox 2661 3205 2881 3262; x_wconf 86' lang='lat' dir='ltr'><strong>aquam,</strong></span> <span class='ocrx_word' id='word_1_467' title='bbox 2945 3205 3065 3258; x_wconf 70' lang='grc' dir='ltr'><strong>(ιιι-ιι</strong></span> <span class='ocrx_word' id='word_1_468' title='bbox 3096 3202 3234 3256; x_wconf 87' lang='lat' dir='ltr'><strong>aqua</strong></span> <span class='ocrx_word' id='word_1_469' title='bbox 3291 3180 3618 3251; x_wconf 84' lang='lat' dir='ltr'><strong>simpliciter</strong></span> <span class='ocrx_word' id='word_1_470' title='bbox 3643 3181 3784 3237; x_wconf 87' lang='lat' dir='ltr'><strong>erat,</strong></span> 
     </span>
    </p>
   </div>
   <div class='ocr_carea' id='block_1_64' title="bbox 523 3275 2102 3354">
    <p class='ocr_par' dir='ltr' id='par_1_64' title="bbox 523 3275 2102 3354">
     <span class='ocr_line' id='line_1_64' title="bbox 523 3275 2102 3354; baseline -0.011 -12"><span class='ocrx_word' id='word_1_471' title='bbox 523 3288 588 3343; x_wconf 77' lang='grc' dir='ltr'><strong>ἐκ</strong></span> <span class='ocrx_word' id='word_1_472' title='bbox 638 3285 738 3341; x_wconf 86' lang='grc' dir='ltr'><strong>τοῦ</strong></span> <span class='ocrx_word' id='word_1_473' title='bbox 799 3277 1127 3354; x_wconf 82' lang='grc' dir='ltr'><strong>φαινόμένου</strong></span> <span class='ocrx_word' id='word_1_474' title='bbox 1187 3281 1370 3350; x_wconf 81' lang='grc' dir='ltr'><strong>πάσης</strong></span> <span class='ocrx_word' id='word_1_475' title='bbox 1428 3277 1705 3348; x_wconf 79' lang='grc' dir='ltr'><strong>ἁμαρτίας</strong></span> <span class='ocrx_word' id='word_1_476' title='bbox 1769 3275 2102 3346; x_wconf 80' lang='grc' dir='ltr'><strong>καθαρτικὸν</strong></span> 
     </span>
    </p>
   </div>
   <div class='ocr_carea' id='block_1_65' title="bbox 524 3357 2104 3451">
    <p class='ocr_par' dir='ltr' id='par_1_65' title="bbox 524 3357 2104 3451">
     <span class='ocr_line' id='line_1_65' title="bbox 524 3357 2104 3451; baseline -0.011 -17"><span class='ocrx_word' id='word_1_477' title='bbox 524 3373 921 3451; x_wconf 78' lang='grc' dir='ltr'><strong>ἀπεργάζεται,</strong></span> <span class='ocrx_word' id='word_1_478' title='bbox 953 3375 1046 3429; x_wconf 86' lang='grc' dir='ltr'><strong>τοῦ</strong></span> <span class='ocrx_word' id='word_1_479' title='bbox 1082 3357 1228 3427; x_wconf 79' lang='grc' dir='ltr'><strong>Θείου</strong></span> <span class='ocrx_word' id='word_1_480' title='bbox 1267 3369 1585 3440; x_wconf 77' lang='grc' dir='ltr'><strong>Πνεῦματος</strong></span> <span class='ocrx_word' id='word_1_481' title='bbox 1620 3368 1953 3436; x_wconf 75' lang='grc' dir='ltr'><strong>ἀθεωρὴτως</strong></span> <span class='ocrx_word' id='word_1_482' title='bbox 1981 3377 2104 3418; x_wconf 70' lang='grc' dir='ltr'><strong>συν-ί</strong></span> 
     </span>
    </p>
   </div>
   <div class='ocr_carea' id='block_1_66' title="bbox 523 3458 2105 3546">
    <p class='ocr_par' dir='ltr' id='par_1_66' title="bbox 523 3458 2105 3546">
     <span class='ocr_line' id='line_1_66' title="bbox 523 3458 2105 3546; baseline -0.013 -17"><span class='ocrx_word' id='word_1_483' title='bbox 523 3471 812 3546; x_wconf 77' lang='grc' dir='ltr'><strong>τρέχοντος</strong></span> <span class='ocrx_word' id='word_1_484' title='bbox 836 3487 851 3502; x_wconf 73' lang='grc' dir='ltr'><strong><em>ο</em></strong></span> <span class='ocrx_word' id='word_1_485' title='bbox 885 3471 1025 3541; x_wconf 76' lang='grc' dir='ltr'><strong>αὕτη</strong></span> <span class='ocrx_word' id='word_1_486' title='bbox 1053 3469 1147 3524; x_wconf 70' lang='grc' dir='ltr'><strong>καὶ</strong></span> <span class='ocrx_word' id='word_1_487' title='bbox 1171 3467 1232 3520; x_wconf 81' lang='grc' dir='ltr'><strong>τὸ</strong></span> <span class='ocrx_word' id='word_1_488' title='bbox 1265 3466 1475 3535; x_wconf 87' lang='grc' dir='ltr'><strong>χρίσμα</strong></span> <span class='ocrx_word' id='word_1_489' title='bbox 1518 3463 1612 3516; x_wconf 84' lang='grc' dir='ltr'><strong>τοῦ</strong></span> <span class='ocrx_word' id='word_1_490' title='bbox 1650 3462 1825 3532; x_wconf 84' lang='grc' dir='ltr'><strong>μύρου</strong></span> <span class='ocrx_word' id='word_1_491' title='bbox 1853 3459 1950 3512; x_wconf 74' lang='grc' dir='ltr'><strong>καὶ</strong></span> <span class='ocrx_word' id='word_1_492' title='bbox 1977 3458 2105 3518; x_wconf 80' lang='grc' dir='ltr'><strong>τοὺς</strong></span> 
     </span>
    </p>
   </div>
   <div class='ocr_carea' id='block_1_67' title="bbox 530 3550 2109 3638">
    <p class='ocr_par' dir='ltr' id='par_1_67' title="bbox 530 3550 2109 3638">
     <span class='ocr_line' id='line_1_67' title="bbox 530 3550 2109 3638; baseline -0.013 -18"><span class='ocrx_word' id='word_1_493' title='bbox 530 3568 697 3638; x_wconf 81' lang='grc' dir='ltr'><strong>ἱερεῖς</strong></span> <span class='ocrx_word' id='word_1_494' title='bbox 727 3563 929 3627; x_wconf 74' lang='grc' dir='ltr'><strong>αὐτοὺς</strong></span> <span class='ocrx_word' id='word_1_495' title='bbox 959 3562 1052 3616; x_wconf 77' lang='grc' dir='ltr'><strong>καὶ</strong></span> <span class='ocrx_word' id='word_1_496' title='bbox 1081 3559 1254 3614; x_wconf 75' lang='grc' dir='ltr'><strong>τᾶλλα</strong></span> <span class='ocrx_word' id='word_1_497' title='bbox 1297 3557 1478 3611; x_wconf 79' lang='grc' dir='ltr'><strong>πάντα</strong></span> <span class='ocrx_word' id='word_1_498' title='bbox 1507 3555 1606 3622; x_wconf 85' lang='grc' dir='ltr'><strong>τῆς</strong></span> <span class='ocrx_word' id='word_1_499' title='bbox 1645 3550 1972 3619; x_wconf 81' lang='grc' dir='ltr'><strong>Ἐκκλησίας</strong></span> <span class='ocrx_word' id='word_1_500' title='bbox 2005 3557 2109 3617; x_wconf 65' lang='grc' dir='ltr'><strong>μυέ</strong></span> 
     </span>
    </p>
   </div>
   <div class='ocr_carea' id='block_1_68' title="bbox 531 3637 2106 3731">
    <p class='ocr_par' dir='ltr' id='par_1_68' title="bbox 531 3637 2106 3731">
     <span class='ocr_line' id='line_1_68' title="bbox 531 3637 2106 3731; baseline -0.014 -17"><span class='ocrx_word' id='word_1_501' title='bbox 531 3656 730 3731; x_wconf 81' lang='grc' dir='ltr'><strong>στήρια</strong></span> <span class='ocrx_word' id='word_1_502' title='bbox 776 3653 1146 3726; x_wconf 82' lang='grc' dir='ltr'><strong>τελεσιουργεϊ</strong></span> <span class='ocrx_word' id='word_1_503' title='bbox 1199 3649 1286 3704; x_wconf 72' lang='grc' dir='ltr'><strong>διὰ</strong></span> <span class='ocrx_word' id='word_1_504' title='bbox 1327 3650 1427 3716; x_wconf 74' lang='grc' dir='ltr'><strong>τῆς</strong></span> <span class='ocrx_word' id='word_1_505' title='bbox 1479 3645 1578 3699; x_wconf 87' lang='grc' dir='ltr'><strong>τοῦ</strong></span> <span class='ocrx_word' id='word_1_506' title='bbox 1618 3637 1894 3712; x_wconf 72' lang='grc' dir='ltr'><strong>πανάγιου</strong></span> <span class='ocrx_word' id='word_1_507' title='bbox 1935 3641 2106 3694; x_wconf 63' lang='grc' dir='ltr'><strong>Πνεύά</strong></span> 
     </span>
    </p>
   </div>
   <div class='ocr_carea' id='block_1_69' title="bbox 533 3732 2111 3825">
    <p class='ocr_par' dir='ltr' id='par_1_69' title="bbox 533 3732 2111 3825">
     <span class='ocr_line' id='line_1_69' title="bbox 533 3732 2111 3825; baseline -0.015 -17"><span class='ocrx_word' id='word_1_508' title='bbox 533 3759 704 3825; x_wconf 82' lang='grc' dir='ltr'><strong>ματος</strong></span> <span class='ocrx_word' id='word_1_509' title='bbox 750 3747 998 3823; x_wconf 77' lang='grc' dir='ltr'><strong>χάριτος.</strong></span> <span class='ocrx_word' id='word_1_510' title='bbox 1048 3745 1125 3800; x_wconf 79' lang='grc' dir='ltr'><strong>Οὐ</strong></span> <span class='ocrx_word' id='word_1_511' title='bbox 1156 3743 1336 3797; x_wconf 83' lang='grc' dir='ltr'><strong>τοίνυν</strong></span> <span class='ocrx_word' id='word_1_512' title='bbox 1387 3741 1454 3811; x_wconf 77' lang='grc' dir='ltr'><strong>τῇ</strong></span> <span class='ocrx_word' id='word_1_513' title='bbox 1489 3735 1737 3810; x_wconf 68' lang='grc' dir='ltr'><strong>ἡμετέρᾳ</strong></span> <span class='ocrx_word' id='word_1_514' title='bbox 1793 3736 1927 3805; x_wconf 80' lang='grc' dir='ltr'><strong>εὐχῇ</strong></span> <span class='ocrx_word' id='word_1_515' title='bbox 1975 3732 2111 3804; x_wconf 62' lang='grc' dir='ltr'><strong>θαρέ</strong></span> 
     </span>
    </p>
   </div>
   <div class='ocr_carea' id='block_1_70' title="bbox 537 3822 2112 3919">
    <p class='ocr_par' dir='ltr' id='par_1_70' title="bbox 537 3822 2112 3919">
     <span class='ocr_line' id='line_1_70' title="bbox 537 3822 2112 3919; baseline -0.016 -16"><span class='ocrx_word' id='word_1_516' title='bbox 537 3822 794 3919; x_wconf 58' lang='grc' dir='ltr'><strong>ροῦντες,</strong></span> <span class='ocrx_word' id='word_1_517' title='bbox 849 3841 976 3896; x_wconf 71' lang='grc' dir='ltr'><strong>οὐδὲ</strong></span> <span class='ocrx_word' id='word_1_518' title='bbox 1028 3837 1139 3893; x_wconf 84' lang='grc' dir='ltr'><strong>τῶν</strong></span> <span class='ocrx_word' id='word_1_519' title='bbox 1193 3833 1458 3908; x_wconf 66' lang='grc' dir='ltr'><strong>ῥημάτων</strong></span> <span class='ocrx_word' id='word_1_520' title='bbox 1515 3823 1741 3883; x_wconf 69' lang='grc' dir='ltr'><strong>ἐκείνων</strong></span> <span class='ocrx_word' id='word_1_521' title='bbox 1806 3822 2112 3894; x_wconf 77' lang='grc' dir='ltr'><strong>ἀδυναμίαν</strong></span> 
     </span>
    </p>
   </div>
   <div class='ocr_carea' id='block_1_71' title="bbox 531 3916 2108 4007">
    <p class='ocr_par' dir='ltr' id='par_1_71' title="bbox 531 3916 2108 4007">
     <span class='ocr_line' id='line_1_71' title="bbox 531 3916 2108 4007; baseline -0.018 -11"><span class='ocrx_word' id='word_1_522' title='bbox 531 3916 1041 4007; x_wconf 81' lang='grc' dir='ltr'><strong>καταγινώσκοντες</strong></span> <span class='ocrx_word' id='word_1_523' title='bbox 1068 3970 1083 3995; x_wconf 85' lang='grc'><strong>,</strong></span> <span class='ocrx_word' id='word_1_524' title='bbox 1128 3923 1479 4006; x_wconf 61' lang='grc' dir='ltr'><strong>ξπευχρμεθα</strong></span> <span class='ocrx_word' id='word_1_525' title='bbox 1533 3923 1646 3984; x_wconf 76' lang='grc' dir='ltr'><strong>τοῖς</strong></span> <span class='ocrx_word' id='word_1_526' title='bbox 1700 3916 2108 3990; x_wconf 78' lang='grc' dir='ltr'><strong>προκειμένοις,</strong></span> 
     </span>
    </p>
   </div>
   <div class='ocr_carea' id='block_1_72' title="bbox 533 4005 2113 4092">
    <p class='ocr_par' dir='ltr' id='par_1_72' title="bbox 533 4005 2113 4092">
     <span class='ocr_line' id='line_1_72' title="bbox 533 4005 2113 4092; baseline -0.019 -4"><span class='ocrx_word' id='word_1_527' title='bbox 533 4034 630 4088; x_wconf 78' lang='grc' dir='ltr'><strong>καὶ</strong></span> <span class='ocrx_word' id='word_1_528' title='bbox 659 4005 830 4092; x_wconf 75' lang='grc' dir='ltr'><strong>οῦτως</strong></span> <span class='ocrx_word' id='word_1_529' title='bbox 881 4025 1024 4080; x_wconf 78' lang='grc' dir='ltr'><strong>αὐτὰ</strong></span> <span class='ocrx_word' id='word_1_530' title='bbox 1057 4018 1402 4076; x_wconf 79' lang='grc' dir='ltr'><strong>τελειοῦσθαι</strong></span> <span class='ocrx_word' id='word_1_531' title='bbox 1453 4011 1808 4082; x_wconf 83' lang='grc' dir='ltr'><strong>πιστεύομεν,</strong></span> <span class='ocrx_word' id='word_1_532' title='bbox 1839 4009 1976 4062; x_wconf 81' lang='grc' dir='ltr'><strong>ἀλλὰ</strong></span> <span class='ocrx_word' id='word_1_533' title='bbox 2019 4005 2113 4066; x_wconf 73' lang='grc' dir='ltr'><strong>καὶ</strong></span> 
     </span>
    </p>
   </div>
   <div class='ocr_carea' id='block_1_73' title="bbox 535 4099 2111 4195">
    <p class='ocr_par' dir='ltr' id='par_1_73' title="bbox 535 4099 2111 4195">
     <span class='ocr_line' id='line_1_73' title="bbox 535 4099 2111 4195; baseline -0.019 -15"><span class='ocrx_word' id='word_1_534' title='bbox 535 4121 604 4180; x_wconf 75' lang='grc' dir='ltr'><strong>τὰ</strong></span> <span class='ocrx_word' id='word_1_535' title='bbox 632 4125 861 4195; x_wconf 80' lang='grc' dir='ltr'><strong>ῥήματα</strong></span> <span class='ocrx_word' id='word_1_536' title='bbox 899 4118 998 4188; x_wconf 80' lang='grc' dir='ltr'><strong>τὴν</strong></span> <span class='ocrx_word' id='word_1_537' title='bbox 1030 4114 1243 4176; x_wconf 75' lang='grc' dir='ltr'><strong>οἰκείαν</strong></span> <span class='ocrx_word' id='word_1_538' title='bbox 1275 4110 1474 4174; x_wconf 81' lang='grc' dir='ltr'><strong>σώζειν</strong></span> <span class='ocrx_word' id='word_1_539' title='bbox 1511 4102 1894 4174; x_wconf 85' lang='grc' dir='ltr'><strong>ὁμολογοῦμεν</strong></span> <span class='ocrx_word' id='word_1_540' title='bbox 1929 4099 2111 4167; x_wconf 70' lang='grc' dir='ltr'><strong>ἰσχὺν,</strong></span> 
     </span>
    </p>
   </div>
   <div class='ocr_carea' id='block_1_74' title="bbox 537 4196 2110 4286">
    <p class='ocr_par' dir='ltr' id='par_1_74' title="bbox 537 4196 2110 4286">
     <span class='ocr_line' id='line_1_74' title="bbox 537 4196 2110 4286; baseline -0.017 -14"><span class='ocrx_word' id='word_1_541' title='bbox 537 4220 629 4274; x_wconf 64' lang='grc' dir='ltr'><strong>καὶ</strong></span> <span class='ocrx_word' id='word_1_542' title='bbox 670 4219 771 4286; x_wconf 80' lang='grc' dir='ltr'><strong>τὴν</strong></span> <span class='ocrx_word' id='word_1_543' title='bbox 799 4215 900 4284; x_wconf 77' lang='grc' dir='ltr'><strong>τῆς</strong></span> <span class='ocrx_word' id='word_1_544' title='bbox 928 4211 1080 4271; x_wconf 85' lang='grc' dir='ltr'><strong>θείας</strong></span> <span class='ocrx_word' id='word_1_545' title='bbox 1117 4205 1420 4278; x_wconf 70' lang='grc' dir='ltr'><strong>ἱερωσύνης</strong></span> <span class='ocrx_word' id='word_1_546' title='bbox 1443 4200 1827 4269; x_wconf 75' lang='grc' dir='ltr'><strong>ἐπιδείκνυμεν</strong></span> <span class='ocrx_word' id='word_1_547' title='bbox 1855 4196 2110 4264; x_wconf 88' lang='grc' dir='ltr'><strong>δύναμιν,</strong></span> 
     </span>
    </p>
   </div>
   <div class='ocr_carea' id='block_1_75' title="bbox 537 4290 2115 4381">
    <p class='ocr_par' dir='ltr' id='par_1_75' title="bbox 537 4290 2115 4381">
     <span class='ocr_line' id='line_1_75' title="bbox 537 4290 2115 4381; baseline -0.017 -14"><span class='ocrx_word' id='word_1_548' title='bbox 537 4308 894 4381; x_wconf 80' lang='grc' dir='ltr'><strong>τελειωτικὴν</strong></span> <span class='ocrx_word' id='word_1_549' title='bbox 935 4305 1101 4360; x_wconf 79' lang='grc' dir='ltr'><strong>οὖσαν</strong></span> <span class='ocrx_word' id='word_1_550' title='bbox 1138 4301 1343 4381; x_wconf 66' lang='grc' dir='ltr'><strong>παντδς</strong></span> <span class='ocrx_word' id='word_1_551' title='bbox 1396 4295 1700 4368; x_wconf 83' lang='grc' dir='ltr'><strong>μυστηρίου</strong></span> <span class='ocrx_word' id='word_1_552' title='bbox 1729 4294 1794 4363; x_wconf 82' lang='grc' dir='ltr'><strong>τῇ</strong></span> <span class='ocrx_word' id='word_1_553' title='bbox 1824 4290 2115 4357; x_wconf 76' lang='grc' dir='ltr'><strong>ἐπικλήσει</strong></span> 
     </span>
    </p>
   </div>
   <div class='ocr_carea' id='block_1_76' title="bbox 538 4379 2116 4471">
    <p class='ocr_par' dir='ltr' id='par_1_76' title="bbox 538 4379 2116 4471">
     <span class='ocr_line' id='line_1_76' title="bbox 538 4379 2116 4471; baseline -0.019 -10"><span class='ocrx_word' id='word_1_554' title='bbox 538 4400 632 4461; x_wconf 78' lang='grc' dir='ltr'><strong>τοῦ</strong></span> <span class='ocrx_word' id='word_1_555' title='bbox 660 4406 727 4459; x_wconf 89' lang='grc' dir='ltr'><strong>δι’</strong></span> <span class='ocrx_word' id='word_1_556' title='bbox 770 4401 943 4471; x_wconf 68' lang='grc' dir='ltr'><strong>αὑτῆς</strong></span> <span class='ocrx_word' id='word_1_557' title='bbox 978 4379 1332 4469; x_wconf 68' lang='grc' dir='ltr'><strong>ἐνεργοῦντος</strong></span> <span class='ocrx_word' id='word_1_558' title='bbox 1371 4392 1526 4458; x_wconf 82' lang='grc' dir='ltr'><strong>ἁγίου</strong></span> <span class='ocrx_word' id='word_1_559' title='bbox 1583 4387 1900 4454; x_wconf 84' lang='grc' dir='ltr'><strong>Πνεύμστος</strong></span> <span class='ocrx_word' id='word_1_560' title='bbox 1924 4400 1937 4414; x_wconf 80' lang='grc' dir='ltr'><strong>ο</strong></span> <span class='ocrx_word' id='word_1_561' title='bbox 1974 4381 2116 4434; x_wconf 68' lang='grc' dir='ltr'><strong>οὕτω</strong></span> 
     </span>
    </p>
   </div>
   <div class='ocr_carea' id='block_1_77' title="bbox 539 4472 2118 4566">
    <p class='ocr_par' dir='ltr' id='par_1_77' title="bbox 539 4472 2118 4566">
     <span class='ocr_line' id='line_1_77' title="bbox 539 4472 2118 4566; baseline -0.017 -16"><span class='ocrx_word' id='word_1_562' title='bbox 539 4496 647 4566; x_wconf 67' lang='grc' dir='ltr'><strong>γὰρ</strong></span> <span class='ocrx_word' id='word_1_563' title='bbox 679 4494 773 4548; x_wconf 72' lang='grc' dir='ltr'><strong>καὶ</strong></span> <span class='ocrx_word' id='word_1_564' title='bbox 821 4494 848 4545; x_wconf 86' lang='grc' dir='ltr'>ὁ</span> <span class='ocrx_word' id='word_1_565' title='bbox 876 4492 1019 4552; x_wconf 79' lang='grc' dir='ltr'><strong>θεῖος</strong></span> <span class='ocrx_word' id='word_1_566' title='bbox 1052 4485 1442 4558; x_wconf 79' lang='grc' dir='ltr'><strong>Χρυσὸστομος</strong></span> <span class='ocrx_word' id='word_1_567' title='bbox 1471 4478 1627 4540; x_wconf 79' lang='grc' dir='ltr'><strong>αὖθις</strong></span> <span class='ocrx_word' id='word_1_568' title='bbox 1673 4480 1731 4530; x_wconf 85' lang='grc' dir='ltr'><strong>ὲν</strong></span> <span class='ocrx_word' id='word_1_569' title='bbox 1763 4475 1840 4544; x_wconf 80' lang='grc' dir='ltr'><strong>τῷ</strong></span> <span class='ocrx_word' id='word_1_570' title='bbox 1873 4472 2007 4541; x_wconf 80' lang='grc' dir='ltr'><strong>Περὶ</strong></span> <span class='ocrx_word' id='word_1_571' title='bbox 2038 4472 2118 4525; x_wconf 75' lang='grc' dir='ltr'><strong>ιε-</strong></span> 
     </span>
    </p>
   </div>
   <div class='ocr_carea' id='block_1_78' title="bbox 494 4567 2113 4657">
    <p class='ocr_par' dir='ltr' id='par_1_78' title="bbox 494 4567 2113 4657">
     <span class='ocr_line' id='line_1_78' title="bbox 494 4567 2113 4657; baseline -0.016 -15"><span class='ocrx_word' id='word_1_572' title='bbox 494 4586 498 4590; x_wconf 76' lang='grc'><strong>’</strong></span> <span class='ocrx_word' id='word_1_573' title='bbox 538 4588 821 4657; x_wconf 80' lang='grc' dir='ltr'><strong>ρωσύνης</strong></span> <span class='ocrx_word' id='word_1_574' title='bbox 859 4583 1030 4655; x_wconf 80' lang='grc' dir='ltr'><strong>τρίτῳ</strong></span> <span class='ocrx_word' id='word_1_575' title='bbox 1075 4579 1203 4650; x_wconf 79' lang='grc' dir='ltr'><strong>περὶ</strong></span> <span class='ocrx_word' id='word_1_576' title='bbox 1238 4574 1406 4632; x_wconf 79' lang='grc' dir='ltr'><strong>αὐτοῦ</strong></span> <span class='ocrx_word' id='word_1_577' title='bbox 1453 4572 1644 4626; x_wconf 86' lang='grc' dir='ltr'><strong>τούτου</strong></span> <span class='ocrx_word' id='word_1_578' title='bbox 1682 4569 1863 4622; x_wconf 87' lang='grc' dir='ltr'><strong>τοιάδε</strong></span> <span class='ocrx_word' id='word_1_579' title='bbox 1907 4567 2073 4636; x_wconf 84' lang='grc' dir='ltr'><strong>φησίν</strong></span> <span class='ocrx_word' id='word_1_580' title='bbox 2099 4579 2113 4596; x_wconf 74' lang='grc' dir='ltr'><strong>ο</strong></span> 
     </span>
    </p>
   </div>
   <div class='ocr_carea' id='block_1_79' title="bbox 550 4656 2122 4747">
    <p class='ocr_par' dir='ltr' id='par_1_79' title="bbox 550 4656 2122 4747">
     <span class='ocr_line' id='line_1_79' title="bbox 550 4656 2122 4747; baseline -0.017 -13"><span class='ocrx_word' id='word_1_581' title='bbox 550 4701 569 4734; x_wconf 82' lang='grc' dir='ltr'><strong>ι</strong></span> <span class='ocrx_word' id='word_1_582' title='bbox 612 4682 885 4747; x_wconf 82' lang='grc' dir='ltr'><strong>Ἕστηκεν</strong></span> <span class='ocrx_word' id='word_1_583' title='bbox 933 4671 963 4729; x_wconf 77' lang='grc' dir='ltr'>ὁ</span> <span class='ocrx_word' id='word_1_584' title='bbox 1004 4670 1206 4742; x_wconf 76' lang='grc' dir='ltr'><strong>ἱερεὺς,</strong></span> <span class='ocrx_word' id='word_1_585' title='bbox 1244 4670 1304 4722; x_wconf 85' lang='grc' dir='ltr'><strong>ού</strong></span> <span class='ocrx_word' id='word_1_586' title='bbox 1337 4667 1450 4736; x_wconf 82' lang='grc' dir='ltr'><strong>πῦρ</strong></span> <span class='ocrx_word' id='word_1_587' title='bbox 1489 4663 1840 4741; x_wconf 80' lang='grc' dir='ltr'><strong>καταφέρων,</strong></span> <span class='ocrx_word' id='word_1_588' title='bbox 1877 4659 2017 4712; x_wconf 68' lang='grc' dir='ltr'><strong>ἀλλὰ</strong></span> <span class='ocrx_word' id='word_1_589' title='bbox 2063 4656 2122 4708; x_wconf 81' lang='grc' dir='ltr'><strong>τὸ</strong></span> 
     </span>
    </p>
   </div>
   <div class='ocr_carea' id='block_1_80' title="bbox 545 4752 2126 4842">
    <p class='ocr_par' dir='ltr' id='par_1_80' title="bbox 545 4752 2126 4842">
     <span class='ocr_line' id='line_1_80' title="bbox 545 4752 2126 4842; baseline -0.017 -14"><span class='ocrx_word' id='word_1_590' title='bbox 545 4772 769 4842; x_wconf 76' lang='grc' dir='ltr'><strong>Πνεῦμα</strong></span> <span class='ocrx_word' id='word_1_591' title='bbox 795 4772 853 4822; x_wconf 75' lang='grc' dir='ltr'><strong>τὸ</strong></span> <span class='ocrx_word' id='word_1_592' title='bbox 885 4770 1062 4835; x_wconf 76' lang='grc' dir='ltr'><strong>ἅγιον,</strong></span> <span class='ocrx_word' id='word_1_593' title='bbox 1094 4764 1188 4817; x_wconf 71' lang='grc' dir='ltr'><strong>καὶ</strong></span> <span class='ocrx_word' id='word_1_594' title='bbox 1216 4761 1317 4832; x_wconf 77' lang='grc' dir='ltr'><strong>τὴν</strong></span> <span class='ocrx_word' id='word_1_595' title='bbox 1349 4757 1634 4827; x_wconf 78' lang='grc' dir='ltr'><strong>ἱκετηρίαν</strong></span> <span class='ocrx_word' id='word_1_596' title='bbox 1667 4754 1898 4807; x_wconf 73' lang='grc' dir='ltr'><strong>ἐπιπολὺ</strong></span> <span class='ocrx_word' id='word_1_597' title='bbox 1945 4752 2126 4833; x_wconf 84' lang='grc' dir='ltr'><strong>ποιεῖ-</strong></span> 
     </span>
    </p>
   </div>
   <div class='ocr_carea' id='block_1_81' title="bbox 544 4831 2129 4929">
    <p class='ocr_par' dir='ltr' id='par_1_81' title="bbox 544 4831 2129 4929">
     <span class='ocr_line' id='line_1_81' title="bbox 544 4831 2129 4929; baseline -0.02 -11"><span class='ocrx_word' id='word_1_598' title='bbox 544 4882 655 4926; x_wconf 87' lang='grc' dir='ltr'><strong>ται,</strong></span> <span class='ocrx_word' id='word_1_599' title='bbox 705 4862 804 4929; x_wconf 86' lang='grc' dir='ltr'><strong>οὐχ</strong></span> <span class='ocrx_word' id='word_1_600' title='bbox 842 4857 929 4912; x_wconf 78' lang='grc' dir='ltr'><strong>ἵνα</strong></span> <span class='ocrx_word' id='word_1_601' title='bbox 949 4873 1030 4918; x_wconf 86' lang='grc' dir='ltr'><strong>τις</strong></span> <span class='ocrx_word' id='word_1_602' title='bbox 1057 4852 1306 4922; x_wconf 77' lang='grc' dir='ltr'><strong>λαμπὰς,</strong></span> <span class='ocrx_word' id='word_1_603' title='bbox 1358 4845 1566 4901; x_wconf 80' lang='grc' dir='ltr'><strong>ἄνωθεν</strong></span> <span class='ocrx_word' id='word_1_604' title='bbox 1603 4845 1855 4910; x_wconf 78' lang='grc' dir='ltr'><strong>ἁφθεῖσα,</strong></span> <span class='ocrx_word' id='word_1_605' title='bbox 1894 4831 2129 4892; x_wconf 83' lang='grc' dir='ltr'><strong>κατανα-</strong></span> 
     </span>
    </p>
   </div>
   <div class='ocr_carea' id='block_1_82' title="bbox 547 4928 2130 5028">
    <p class='ocr_par' dir='ltr' id='par_1_82' title="bbox 547 4928 2130 5028">
     <span class='ocr_line' id='line_1_82' title="bbox 547 4928 2130 5028; baseline -0.02 -18"><span class='ocrx_word' id='word_1_606' title='bbox 547 4957 700 5028; x_wconf 76' lang='grc' dir='ltr'><strong>λώσῃ</strong></span> <span class='ocrx_word' id='word_1_607' title='bbox 853 4947 1214 5021; x_wconf 81' lang='grc' dir='ltr'><strong>προκείμενα,</strong></span> <span class='ocrx_word' id='word_1_608' title='bbox 1259 4941 1373 4995; x_wconf 80' lang='grc' dir='ltr'><strong>ἀλλ’</strong></span> <span class='ocrx_word' id='word_1_609' title='bbox 1404 4937 1471 4992; x_wconf 71' lang='grc' dir='ltr'><strong>ἶν’</strong></span> <span class='ocrx_word' id='word_1_610' title='bbox 1502 4939 1534 5007; x_wconf 82' lang='grc' dir='ltr'>ἡ</span> <span class='ocrx_word' id='word_1_611' title='bbox 1582 4936 1764 5004; x_wconf 83' lang='grc' dir='ltr'><strong>χάρις,</strong></span> <span class='ocrx_word' id='word_1_612' title='bbox 1787 4928 2130 4985; x_wconf 71' lang='grc' dir='ltr'><strong>ἐπιπεσοῦσα</strong></span> 
     </span>
    </p>
   </div>
   <div class='ocr_carea' id='block_1_83' title="bbox 547 5015 2131 5118">
    <p class='ocr_par' dir='ltr' id='par_1_83' title="bbox 547 5015 2131 5118">
     <span class='ocr_line' id='line_1_83' title="bbox 547 5015 2131 5118; baseline -0.018 -17"><span class='ocrx_word' id='word_1_613' title='bbox 547 5050 614 5118; x_wconf 75' lang='grc' dir='ltr'><strong>τῇ</strong></span> <span class='ocrx_word' id='word_1_614' title='bbox 641 5015 822 5116; x_wconf 45' lang='lat' dir='ltr'><strong>edcta},</strong></span> <span class='ocrx_word' id='word_1_615' title='bbox 849 5015 915 5095; x_wconf 48' lang='grc' dir='ltr'><strong>δέ</strong></span> <span class='ocrx_word' id='word_1_616' title='bbox 946 5015 1159 5106; x_wconf 72' lang='grc' dir='ltr'><strong>ἐκείνης</strong></span> <span class='ocrx_word' id='word_1_617' title='bbox 1182 5035 1278 5118; x_wconf 79' lang='grc' dir='ltr'><strong>τᾶς</strong></span> <span class='ocrx_word' id='word_1_618' title='bbox 1307 5033 1560 5114; x_wconf 68' lang='grc' dir='ltr'><strong>ἁπάντων</strong></span> <span class='ocrx_word' id='word_1_619' title='bbox 1595 5027 1774 5096; x_wconf 76' lang='grc' dir='ltr'><strong>ἀνάψῃ</strong></span> <span class='ocrx_word' id='word_1_620' title='bbox 1801 5023 1999 5094; x_wconf 75' lang='grc' dir='ltr'><strong>ψυχὰς,</strong></span> <span class='ocrx_word' id='word_1_621' title='bbox 2035 5015 2131 5074; x_wconf 53' lang='grc' dir='ltr'><strong>καλ</strong></span> 
     </span>
    </p>
   </div>
   <div class='ocr_carea' id='block_1_84' title="bbox 549 5110 2130 5214">
    <p class='ocr_par' dir='ltr' id='par_1_84' title="bbox 549 5110 2130 5214">
     <span class='ocr_line' id='line_1_84' title="bbox 549 5110 2130 5214; baseline -0.021 -18"><span class='ocrx_word' id='word_1_622' title='bbox 549 5110 818 5214; x_wconf 69' lang='grc' dir='ltr'><strong>ἀργυρίου</strong></span> <span class='ocrx_word' id='word_1_623' title='bbox 840 5128 1234 5206; x_wconf 80' lang='grc' dir='ltr'><strong>λαμπροτέρας</strong></span> <span class='ocrx_word' id='word_1_624' title='bbox 1256 5110 1513 5195; x_wconf 73' lang='grc' dir='ltr'><strong>ἀποδείξῃ</strong></span> <span class='ocrx_word' id='word_1_625' title='bbox 1539 5117 1683 5175; x_wconf 74' lang='grc' dir='ltr'><strong>πεπυ</strong></span> <span class='ocrx_word' id='word_1_626' title='bbox 1695 5119 1964 5189; x_wconf 81' lang='grc' dir='ltr'><strong>ρωμένου.</strong></span> <span class='ocrx_word' id='word_1_627' title='bbox 1987 5112 2130 5165; x_wconf 82' lang='grc' dir='ltr'><strong>Ἀλλ’</strong></span> 
     </span>
    </p>
   </div>
   <div class='ocr_carea' id='block_1_85' title="bbox 551 5209 2132 5302">
    <p class='ocr_par' dir='ltr' id='par_1_85' title="bbox 551 5209 2132 5302">
     <span class='ocr_line' id='line_1_85' title="bbox 551 5209 2132 5302; baseline -0.019 -13"><span class='ocrx_word' id='word_1_628' title='bbox 551 5209 662 5289; x_wconf 55' lang='lat' dir='ltr'><strong>odd‘</strong></span> <span class='ocrx_word' id='word_1_629' title='bbox 689 5229 1032 5302; x_wconf 59' lang='lat' dir='ltr'><strong>dtptptﬁoliav</strong></span> <span class='ocrx_word' id='word_1_630' title='bbox 1057 5225 1178 5279; x_wconf 80' lang='grc' dir='ltr'><strong>τινὰ</strong></span> <span class='ocrx_word' id='word_1_631' title='bbox 1214 5221 1304 5277; x_wconf 68' lang='grc' dir='ltr'><strong>καὶ</strong></span> <span class='ocrx_word' id='word_1_632' title='bbox 1331 5217 1555 5288; x_wconf 81' lang='grc' dir='ltr'><strong>ἀδηλίαν</strong></span> <span class='ocrx_word' id='word_1_633' title='bbox 1602 5212 1932 5285; x_wconf 81' lang='grc' dir='ltr'><strong>εὐχομένους</strong></span> <span class='ocrx_word' id='word_1_634' title='bbox 1983 5209 2132 5278; x_wconf 77' lang='grc' dir='ltr'><strong>ἡμᾶς</strong></span> 
     </span>
    </p>
   </div>
   <div class='ocr_carea' id='block_1_86' title="bbox 554 5302 2132 5389">
    <p class='ocr_par' dir='ltr' id='par_1_86' title="bbox 554 5302 2132 5389">
     <span class='ocr_line' id='line_1_86' title="bbox 554 5302 2132 5389; baseline -0.02 -9"><span class='ocrx_word' id='word_1_635' title='bbox 554 5323 884 5381; x_wconf 80' lang='grc' dir='ltr'><strong>ὑποπτεύειν</strong></span> <span class='ocrx_word' id='word_1_636' title='bbox 916 5319 1116 5389; x_wconf 87' lang='grc' dir='ltr'><strong>χρεὼν,</strong></span> <span class='ocrx_word' id='word_1_637' title='bbox 1145 5313 1312 5368; x_wconf 85' lang='grc' dir='ltr'><strong>αὑτοῦ</strong></span> <span class='ocrx_word' id='word_1_638' title='bbox 1345 5310 1437 5364; x_wconf 82' lang='grc' dir='ltr'><strong>τοῦ</strong></span> <span class='ocrx_word' id='word_1_639' title='bbox 1466 5307 1786 5375; x_wconf 83' lang='grc' dir='ltr'><strong>Θειουμένου</strong></span> <span class='ocrx_word' id='word_1_640' title='bbox 1825 5302 1920 5355; x_wconf 72' lang='grc' dir='ltr'><strong>καὶ</strong></span> <span class='ocrx_word' id='word_1_641' title='bbox 1961 5311 2132 5369; x_wconf 42' lang='grc' dir='ltr'><strong>μεταλ</strong></span> 
     </span>
    </p>
   </div>
   <div class='ocr_carea' id='block_1_87' title="bbox 553 5392 2130 5488">
    <p class='ocr_par' dir='ltr' id='par_1_87' title="bbox 553 5392 2130 5488">
     <span class='ocr_line' id='line_1_87' title="bbox 553 5392 2130 5488; baseline -0.02 -16"><span class='ocrx_word' id='word_1_642' title='bbox 553 5414 968 5488; x_wconf 55' lang='grc' dir='ltr'><strong>λαμϐανομένου</strong></span> <span class='ocrx_word' id='word_1_643' title='bbox 1009 5409 1281 5463; x_wconf 76' lang='grc' dir='ltr'><strong>Δεσπότου</strong></span> <span class='ocrx_word' id='word_1_644' title='bbox 1334 5401 1690 5461; x_wconf 80' lang='grc' dir='ltr'><strong>κελεύσαντος</strong></span> <span class='ocrx_word' id='word_1_645' title='bbox 1741 5396 1901 5448; x_wconf 88' lang='grc' dir='ltr'><strong>τοῦτο</strong></span> <span class='ocrx_word' id='word_1_646' title='bbox 1954 5392 2130 5444; x_wconf 85' lang='grc' dir='ltr'><strong>ποιεῖν</strong></span> 
     </span>
    </p>
   </div>
   <div class='ocr_carea' id='block_1_88' title="bbox 557 5483 2136 5580">
    <p class='ocr_par' dir='ltr' id='par_1_88' title="bbox 557 5483 2136 5580">
     <span class='ocr_line' id='line_1_88' title="bbox 557 5483 2136 5580; baseline -0.026 -4"><span class='ocrx_word' id='word_1_647' title='bbox 557 5483 724 5580; x_wconf 30' lang='lat' dir='ltr'><strong>ﬂii-ia?</strong></span> <span class='ocrx_word' id='word_1_648' title='bbox 781 5503 970 5560; x_wconf 79' lang='grc' dir='ltr'><strong>Τοῦτο</strong></span> <span class='ocrx_word' id='word_1_649' title='bbox 1023 5501 1155 5574; x_wconf 70' lang='grc' dir='ltr'><strong>γὰρ,</strong></span> <span class='ocrx_word' id='word_1_650' title='bbox 1207 5496 1360 5566; x_wconf 66' lang='grc' dir='ltr'><strong>φησὶ,</strong></span> <span class='ocrx_word' id='word_1_651' title='bbox 1409 5492 1630 5546; x_wconf 80' lang='grc' dir='ltr'><strong>ποιεῖτε</strong></span> <span class='ocrx_word' id='word_1_652' title='bbox 1683 5493 1770 5554; x_wconf 68' lang='grc' dir='ltr'><strong>εἰς</strong></span> <span class='ocrx_word' id='word_1_653' title='bbox 1818 5486 1933 5555; x_wconf 79' lang='grc' dir='ltr'><strong>τὴν</strong></span> <span class='ocrx_word' id='word_1_654' title='bbox 1982 5483 2136 5553; x_wconf 79' lang='grc' dir='ltr'><strong>ἐμὴν</strong></span> 
     </span>
    </p>
   </div>
   <div class='ocr_carea' id='block_1_89' title="bbox 558 5577 2136 5670">
    <p class='ocr_par' dir='ltr' id='par_1_89' title="bbox 558 5577 2136 5670">
     <span class='ocr_line' id='line_1_89' title="bbox 558 5577 2136 5670; baseline -0.021 -11"><span class='ocrx_word' id='word_1_655' title='bbox 558 5601 947 5670; x_wconf 76' lang='grc' dir='ltr'><strong>ἀνάμνησιν·</strong></span> <span class='ocrx_word' id='word_1_656' title='bbox 994 5595 1092 5648; x_wconf 63' lang='grc' dir='ltr'><strong>καὶ</strong></span> <span class='ocrx_word' id='word_1_657' title='bbox 1139 5585 1609 5655; x_wconf 77' lang='grc' dir='ltr'><strong>ἐπαγγειλαμένου</strong></span> <span class='ocrx_word' id='word_1_658' title='bbox 1660 5583 1856 5636; x_wconf 82' lang='grc' dir='ltr'><strong>δώσειν</strong></span> <span class='ocrx_word' id='word_1_659' title='bbox 1908 5577 2136 5644; x_wconf 76' lang='grc' dir='ltr'><strong>Πνεῦμα</strong></span> 
     </span>
    </p>
   </div>
   <div class='ocr_carea' id='block_1_90' title="bbox 562 5670 2134 5764">
    <p class='ocr_par' dir='ltr' id='par_1_90' title="bbox 562 5670 2134 5764">
     <span class='ocr_line' id='line_1_90' title="bbox 562 5670 2134 5764; baseline -0.02 -15"><span class='ocrx_word' id='word_1_660' title='bbox 562 5697 718 5764; x_wconf 77' lang='grc' dir='ltr'><strong>ἅγιον</strong></span> <span class='ocrx_word' id='word_1_661' title='bbox 762 5694 875 5754; x_wconf 83' lang='grc' dir='ltr'><strong>τοῖς</strong></span> <span class='ocrx_word' id='word_1_662' title='bbox 923 5687 1164 5743; x_wconf 89' lang='grc' dir='ltr'><strong>αἰτοῦσιν</strong></span> <span class='ocrx_word' id='word_1_663' title='bbox 1213 5682 1344 5738; x_wconf 72' lang='grc' dir='ltr'><strong>αὐτὸ</strong></span> <span class='ocrx_word' id='word_1_664' title='bbox 1399 5679 1590 5739; x_wconf 65' lang='grc' dir='ltr'><strong>ἅπασι,</strong></span> <span class='ocrx_word' id='word_1_665' title='bbox 1642 5676 1770 5745; x_wconf 81' lang='grc' dir='ltr'><strong>μήτι</strong></span> <span class='ocrx_word' id='word_1_666' title='bbox 1802 5691 1864 5740; x_wconf 89' lang='grc' dir='ltr'><strong>γε</strong></span> <span class='ocrx_word' id='word_1_667' title='bbox 1907 5670 2134 5740; x_wconf 81' lang='grc' dir='ltr'><strong>ἱερεῦσι,</strong></span> 
     </span>
    </p>
   </div>
   <div class='ocr_carea' id='block_1_91' title="bbox 565 5764 2139 5857">
    <p class='ocr_par' dir='ltr' id='par_1_91' title="bbox 565 5764 2139 5857">
     <span class='ocr_line' id='line_1_91' title="bbox 565 5764 2139 5857; baseline -0.02 -14"><span class='ocrx_word' id='word_1_668' title='bbox 565 5791 659 5843; x_wconf 68' lang='grc' dir='ltr'><strong>καὶ</strong></span> <span class='ocrx_word' id='word_1_669' title='bbox 696 5787 902 5857; x_wconf 69' lang='grc' dir='ltr'><strong>σφόδρα</strong></span> <span class='ocrx_word' id='word_1_670' title='bbox 930 5800 994 5850; x_wconf 89' lang='grc' dir='ltr'><strong>γε</strong></span> <span class='ocrx_word' id='word_1_671' title='bbox 1040 5779 1365 5852; x_wconf 81' lang='grc' dir='ltr'><strong>βουλομένου</strong></span> <span class='ocrx_word' id='word_1_672' title='bbox 1397 5771 1552 5824; x_wconf 86' lang='grc' dir='ltr'><strong>τοῦτο</strong></span> <span class='ocrx_word' id='word_1_673' title='bbox 1582 5768 1704 5822; x_wconf 71' lang='grc' dir='ltr'><strong>καθ’</strong></span> <span class='ocrx_word' id='word_1_674' title='bbox 1749 5766 1984 5832; x_wconf 70' lang='grc' dir='ltr'><strong>ἑκάστην</strong></span> <span class='ocrx_word' id='word_1_675' title='bbox 2022 5764 2139 5814; x_wconf 77' lang='grc' dir='ltr'><strong>ἐπι-</strong></span> 
     </span>
    </p>
   </div>
   <div class='ocr_carea' id='block_1_92' title="bbox 568 5853 2134 5948">
    <p class='ocr_par' dir='ltr' id='par_1_92' title="bbox 568 5853 2134 5948">
     <span class='ocr_line' id='line_1_92' title="bbox 568 5853 2134 5948; baseline -0.022 -10"><span class='ocrx_word' id='word_1_676' title='bbox 568 5882 837 5938; x_wconf 47' lang='grc' dir='ltr'><strong>τελεῖσθαι</strong></span> <span class='ocrx_word' id='word_1_677' title='bbox 871 5879 999 5942; x_wconf 78' lang='grc' dir='ltr'><strong>παρ’</strong></span> <span class='ocrx_word' id='word_1_678' title='bbox 1032 5874 1211 5948; x_wconf 79' lang='grc' dir='ltr'><strong>ἡμῶν,</strong></span> <span class='ocrx_word' id='word_1_679' title='bbox 1264 5870 1335 5932; x_wconf 82' lang='grc' dir='ltr'><strong>ὡς</strong></span> <span class='ocrx_word' id='word_1_680' title='bbox 1369 5869 1457 5920; x_wconf 65' lang='grc' dir='ltr'><strong>διὰ</strong></span> <span class='ocrx_word' id='word_1_681' title='bbox 1489 5863 1704 5920; x_wconf 78' lang='grc' dir='ltr'><strong>πάντων</strong></span> <span class='ocrx_word' id='word_1_682' title='bbox 1751 5859 1874 5927; x_wconf 74' lang='grc' dir='ltr'><strong>ἑξῆς</strong></span> <span class='ocrx_word' id='word_1_683' title='bbox 1905 5853 2134 5925; x_wconf 53' lang='grc' dir='ltr'><strong>ἀναμί-</strong></span> 
     </span>
    </p>
   </div>
   <div class='ocr_carea' id='block_1_93' title="bbox 2209 3268 3786 3360">
    <p class='ocr_par' dir='ltr' id='par_1_93' title="bbox 2209 3268 3786 3360">
     <span class='ocr_line' id='line_1_93' title="bbox 2209 3268 3786 3360; baseline -0.018 -17"><span class='ocrx_word' id='word_1_684' title='bbox 2209 3305 2308 3360; x_wconf 83' lang='lat' dir='ltr'><strong>pro</strong></span> <span class='ocrx_word' id='word_1_685' title='bbox 2358 3301 2424 3341; x_wconf 85' lang='lat' dir='ltr'><strong>eo</strong></span> <span class='ocrx_word' id='word_1_686' title='bbox 2497 3284 2640 3355; x_wconf 89' lang='lat' dir='ltr'><strong>quod</strong></span> <span class='ocrx_word' id='word_1_687' title='bbox 2711 3283 3026 3352; x_wconf 80' lang='lat' dir='ltr'><strong>apparebat,</strong></span> <span class='ocrx_word' id='word_1_688' title='bbox 3102 3277 3347 3332; x_wconf 84' lang='lat' dir='ltr'><strong>omnium</strong></span> <span class='ocrx_word' id='word_1_689' title='bbox 3437 3268 3786 3340; x_wconf 80' lang='lat' dir='ltr'><strong>peccatorum</strong></span> 
     </span>
    </p>
   </div>
   <div class='ocr_carea' id='block_1_94' title="bbox 2207 3361 3789 3450">
    <p class='ocr_par' dir='ltr' id='par_1_94' title="bbox 2207 3361 3789 3450">
     <span class='ocr_line' id='line_1_94' title="bbox 2207 3361 3789 3450; baseline -0.016 -16"><span class='ocrx_word' id='word_1_690' title='bbox 2207 3379 2561 3450; x_wconf 81' lang='lat' dir='ltr'><strong>expiatriccm</strong></span> <span class='ocrx_word' id='word_1_691' title='bbox 2598 3375 2746 3438; x_wconf 80' lang='lat' dir='ltr'><strong>facit,</strong></span> <span class='ocrx_word' id='word_1_692' title='bbox 2799 3375 2990 3427; x_wconf 89' lang='lat' dir='ltr'><strong>divino</strong></span> <span class='ocrx_word' id='word_1_693' title='bbox 3022 3370 3230 3438; x_wconf 86' lang='lat' dir='ltr'><strong>Spiritu</strong></span> <span class='ocrx_word' id='word_1_694' title='bbox 3275 3361 3622 3419; x_wconf 84' lang='lat' dir='ltr'><strong>invisibiliter</strong></span> <span class='ocrx_word' id='word_1_695' title='bbox 3651 3372 3789 3411; x_wconf 87' lang='lat' dir='ltr'><strong>con-</strong></span> 
     </span>
    </p>
   </div>
   <div class='ocr_carea' id='block_1_95' title="bbox 2208 3459 3790 3531">
    <p class='ocr_par' dir='ltr' id='par_1_95' title="bbox 2208 3459 3790 3531">
     <span class='ocr_line' id='line_1_95' title="bbox 2208 3459 3790 3531; baseline -0.018 -3"><span class='ocrx_word' id='word_1_696' title='bbox 2208 3480 2484 3528; x_wconf 85' lang='lat' dir='ltr'><strong>currente.</strong></span> <span class='ocrx_word' id='word_1_697' title='bbox 2518 3467 2642 3524; x_wconf 71' lang='lat' dir='ltr'><strong>lltec</strong></span> <span class='ocrx_word' id='word_1_698' title='bbox 2667 3477 2721 3522; x_wconf 91' lang='lat' dir='ltr'><strong>et</strong></span> <span class='ocrx_word' id='word_1_699' title='bbox 2760 3466 3003 3520; x_wconf 87' lang='lat' dir='ltr'><strong>chrisma</strong></span> <span class='ocrx_word' id='word_1_700' title='bbox 3039 3477 3148 3531; x_wconf 89' lang='lat' dir='ltr'><strong>quo</strong></span> <span class='ocrx_word' id='word_1_701' title='bbox 3185 3459 3461 3526; x_wconf 81' lang='lat' dir='ltr'><strong>ungimur,</strong></span> <span class='ocrx_word' id='word_1_702' title='bbox 3515 3462 3566 3506; x_wconf 92' lang='lat' dir='ltr'><strong>et</strong></span> <span class='ocrx_word' id='word_1_703' title='bbox 3608 3463 3790 3504; x_wconf 59' lang='lat' dir='ltr'><strong>sacero</strong></span> 
     </span>
    </p>
   </div>
   <div class='ocr_carea' id='block_1_96' title="bbox 2208 3538 3782 3632">
    <p class='ocr_par' dir='ltr' id='par_1_96' title="bbox 2208 3538 3782 3632">
     <span class='ocr_line' id='line_1_96' title="bbox 2208 3538 3782 3632; baseline -0.019 -12"><span class='ocrx_word' id='word_1_704' title='bbox 2208 3565 2360 3619; x_wconf 88' lang='lat' dir='ltr'><strong>dotes</strong></span> <span class='ocrx_word' id='word_1_705' title='bbox 2391 3563 2561 3632; x_wconf 86' lang='lat' dir='ltr'><strong>ipsos,</strong></span> <span class='ocrx_word' id='word_1_706' title='bbox 2587 3569 2639 3614; x_wconf 89' lang='lat' dir='ltr'><strong>et</strong></span> <span class='ocrx_word' id='word_1_707' title='bbox 2662 3558 2766 3613; x_wconf 75' lang='lat' dir='ltr'><strong>alia</strong></span> <span class='ocrx_word' id='word_1_708' title='bbox 2801 3556 2983 3610; x_wconf 89' lang='lat' dir='ltr'><strong>omnia</strong></span> <span class='ocrx_word' id='word_1_709' title='bbox 3011 3538 3263 3608; x_wconf 63' lang='lat' dir='ltr'><strong>Ecciesiae</strong></span> <span class='ocrx_word' id='word_1_710' title='bbox 3325 3542 3586 3617; x_wconf 83' lang='lat' dir='ltr'><strong>mysteria</strong></span> <span class='ocrx_word' id='word_1_711' title='bbox 3619 3547 3782 3610; x_wconf 77' lang='lat' dir='ltr'><strong>pera-</strong></span> 
     </span>
    </p>
   </div>
   <div class='ocr_carea' id='block_1_97' title="bbox 2210 3633 3789 3728">
    <p class='ocr_par' dir='ltr' id='par_1_97' title="bbox 2210 3633 3789 3728">
     <span class='ocr_line' id='line_1_97' title="bbox 2210 3633 3789 3728; baseline -0.018 -18"><span class='ocrx_word' id='word_1_712' title='bbox 2210 3659 2307 3728; x_wconf 74' lang='lat' dir='ltr'><strong>git,</strong></span> <span class='ocrx_word' id='word_1_713' title='bbox 2358 3669 2454 3724; x_wconf 88' lang='lat' dir='ltr'><strong>per</strong></span> <span class='ocrx_word' id='word_1_714' title='bbox 2487 3649 2833 3708; x_wconf 86' lang='lat' dir='ltr'><strong>sacrosancti</strong></span> <span class='ocrx_word' id='word_1_715' title='bbox 2866 3646 3105 3717; x_wconf 87' lang='lat' dir='ltr'><strong>Spiritus</strong></span> <span class='ocrx_word' id='word_1_716' title='bbox 3169 3641 3423 3712; x_wconf 81' lang='lat' dir='ltr'><strong>gratiam.</strong></span> <span class='ocrx_word' id='word_1_717' title='bbox 3485 3633 3648 3702; x_wconf 81' lang='lat' dir='ltr'><strong>Atqui</strong></span> <span class='ocrx_word' id='word_1_718' title='bbox 3682 3643 3789 3683; x_wconf 89' lang='lat' dir='ltr'><strong>non</strong></span> 
     </span>
    </p>
   </div>
   <div class='ocr_carea' id='block_1_98' title="bbox 2212 3722 3793 3812">
    <p class='ocr_par' dir='ltr' id='par_1_98' title="bbox 2212 3722 3793 3812">
     <span class='ocr_line' id='line_1_98' title="bbox 2212 3722 3793 3812; baseline -0.017 -10"><span class='ocrx_word' id='word_1_719' title='bbox 2212 3722 2444 3803; x_wconf 70' lang='lat' dir='ltr'><strong>orationi</strong></span> <span class='ocrx_word' id='word_1_720' title='bbox 2470 3757 2634 3812; x_wconf 89' lang='lat' dir='ltr'><strong>quam</strong></span> <span class='ocrx_word' id='word_1_721' title='bbox 2674 3738 2954 3794; x_wconf 88' lang='lat' dir='ltr'><strong>fundimus</strong></span> <span class='ocrx_word' id='word_1_722' title='bbox 2991 3733 3350 3792; x_wconf 79' lang='lat' dir='ltr'><strong>confidentes,</strong></span> <span class='ocrx_word' id='word_1_723' title='bbox 3392 3739 3572 3796; x_wconf 88' lang='lat' dir='ltr'><strong>neque</strong></span> <span class='ocrx_word' id='word_1_724' title='bbox 3612 3722 3793 3777; x_wconf 73' lang='lat' dir='ltr'><strong>verbis</strong></span> 
     </span>
    </p>
   </div>
   <div class='ocr_carea' id='block_1_99' title="bbox 2212 3815 3793 3905">
    <p class='ocr_par' dir='ltr' id='par_1_99' title="bbox 2212 3815 3793 3905">
     <span class='ocr_line' id='line_1_99' title="bbox 2212 3815 3793 3905; baseline -0.016 -9"><span class='ocrx_word' id='word_1_725' title='bbox 2212 3841 2322 3896; x_wconf 86' lang='lat' dir='ltr'><strong>illis</strong></span> <span class='ocrx_word' id='word_1_726' title='bbox 2352 3848 2414 3894; x_wconf 90' lang='lat' dir='ltr'><strong>ut</strong></span> <span class='ocrx_word' id='word_1_727' title='bbox 2457 3833 2856 3905; x_wconf 88' lang='lat' dir='ltr'><strong>impotentibus</strong></span> <span class='ocrx_word' id='word_1_728' title='bbox 2897 3828 3266 3885; x_wconf 83' lang='lat' dir='ltr'><strong>detrahentes,</strong></span> <span class='ocrx_word' id='word_1_729' title='bbox 3299 3818 3595 3891; x_wconf 85' lang='lat' dir='ltr'><strong>propositis</strong></span> <span class='ocrx_word' id='word_1_730' title='bbox 3627 3815 3793 3870; x_wconf 84' lang='lat' dir='ltr'><strong>donis</strong></span> 
     </span>
    </p>
   </div>
   <div class='ocr_carea' id='block_1_100' title="bbox 2215 3903 3795 4000">
    <p class='ocr_par' dir='ltr' id='par_1_100' title="bbox 2215 3903 3795 4000">
     <span class='ocr_line' id='line_1_100' title="bbox 2215 3903 3795 4000; baseline -0.018 -16"><span class='ocrx_word' id='word_1_731' title='bbox 2215 3931 2599 4000; x_wconf 85' lang='lat' dir='ltr'><strong>adprecamur,</strong></span> <span class='ocrx_word' id='word_1_732' title='bbox 2633 3921 2961 3990; x_wconf 89' lang='lat' dir='ltr'><strong>itaqueipsa</strong></span> <span class='ocrx_word' id='word_1_733' title='bbox 3016 3914 3211 3970; x_wconf 86' lang='lat' dir='ltr'><strong>confici</strong></span> <span class='ocrx_word' id='word_1_734' title='bbox 3252 3909 3549 3967; x_wconf 82' lang='lat' dir='ltr'><strong>credimus,</strong></span> <span class='ocrx_word' id='word_1_735' title='bbox 3614 3903 3706 3958; x_wconf 83' lang='lat' dir='ltr'><strong>sed</strong></span> <span class='ocrx_word' id='word_1_736' title='bbox 3741 3903 3795 3956; x_wconf 83' lang='lat' dir='ltr'><strong>et</strong></span> 
     </span>
    </p>
   </div>
   <div class='ocr_carea' id='block_1_101' title="bbox 2215 3996 3798 4087">
    <p class='ocr_par' dir='ltr' id='par_1_101' title="bbox 2215 3996 3798 4087">
     <span class='ocr_line' id='line_1_101' title="bbox 2215 3996 3798 4087; baseline -0.019 -14"><span class='ocrx_word' id='word_1_737' title='bbox 2215 4020 2378 4076; x_wconf 82' lang='lat' dir='ltr'><strong>verba</strong></span> <span class='ocrx_word' id='word_1_738' title='bbox 2411 4020 2526 4087; x_wconf 88' lang='lat' dir='ltr'><strong>ipsa</strong></span> <span class='ocrx_word' id='word_1_739' title='bbox 2569 4013 2854 4085; x_wconf 89' lang='lat' dir='ltr'><strong>proprium</strong></span> <span class='ocrx_word' id='word_1_740' title='bbox 2914 4008 3153 4062; x_wconf 88' lang='lat' dir='ltr'><strong>retinere</strong></span> <span class='ocrx_word' id='word_1_741' title='bbox 3193 4003 3362 4057; x_wconf 89' lang='lat' dir='ltr'><strong>robur</strong></span> <span class='ocrx_word' id='word_1_742' title='bbox 3391 3996 3687 4055; x_wconf 88' lang='lat' dir='ltr'><strong>credimus,</strong></span> <span class='ocrx_word' id='word_1_743' title='bbox 3743 4003 3798 4046; x_wconf 89' lang='lat' dir='ltr'><strong>et</strong></span> 
     </span>
    </p>
   </div>
   <div class='ocr_carea' id='block_1_102' title="bbox 2215 4091 3795 4170">
    <p class='ocr_par' dir='ltr' id='par_1_102' title="bbox 2215 4091 3795 4170">
     <span class='ocr_line' id='line_1_102' title="bbox 2215 4091 3795 4170; baseline -0.019 -3"><span class='ocrx_word' id='word_1_744' title='bbox 2215 4111 2384 4170; x_wconf 86' lang='lat' dir='ltr'><strong>divini</strong></span> <span class='ocrx_word' id='word_1_745' title='bbox 2416 4104 2710 4164; x_wconf 88' lang='lat' dir='ltr'><strong>sacerdotii</strong></span> <span class='ocrx_word' id='word_1_746' title='bbox 2744 4101 3058 4157; x_wconf 80' lang='lat' dir='ltr'><strong>facultatem</strong></span> <span class='ocrx_word' id='word_1_747' title='bbox 3083 4096 3306 4164; x_wconf 87' lang='lat' dir='ltr'><strong>insuper</strong></span> <span class='ocrx_word' id='word_1_748' title='bbox 3327 4091 3795 4149; x_wconf 80' lang='lat' dir='ltr'><strong>dcmonstramus,</strong></span> 
     </span>
    </p>
   </div>
   <div class='ocr_carea' id='block_1_103' title="bbox 2216 4174 3797 4272">
    <p class='ocr_par' dir='ltr' id='par_1_103' title="bbox 2216 4174 3797 4272">
     <span class='ocr_line' id='line_1_103' title="bbox 2216 4174 3797 4272; baseline -0.021 -14"><span class='ocrx_word' id='word_1_749' title='bbox 2216 4197 2678 4272; x_wconf 75' lang='lat' dir='ltr'><strong>quaeconiiciendi</strong></span> <span class='ocrx_word' id='word_1_750' title='bbox 2722 4193 2892 4248; x_wconf 88' lang='lat' dir='ltr'><strong>totlns</strong></span> <span class='ocrx_word' id='word_1_751' title='bbox 2951 4184 3195 4256; x_wconf 78' lang='lat' dir='ltr'><strong>mysterii</strong></span> <span class='ocrx_word' id='word_1_752' title='bbox 3249 4195 3344 4252; x_wconf 92' lang='lat' dir='ltr'><strong>per</strong></span> <span class='ocrx_word' id='word_1_753' title='bbox 3397 4174 3797 4232; x_wconf 89' lang='lat' dir='ltr'><strong>invocationem</strong></span> 
     </span>
    </p>
   </div>
   <div class='ocr_carea' id='block_1_104' title="bbox 2217 4266 3800 4361">
    <p class='ocr_par' dir='ltr' id='par_1_104' title="bbox 2217 4266 3800 4361">
     <span class='ocr_line' id='line_1_104' title="bbox 2217 4266 3800 4361; baseline -0.02 -12"><span class='ocrx_word' id='word_1_754' title='bbox 2217 4266 2454 4361; x_wconf 81' lang='lat' dir='ltr'><strong>Spiritus</strong></span> <span class='ocrx_word' id='word_1_755' title='bbox 2529 4277 2702 4342; x_wconf 77' lang='lat' dir='ltr'><strong>sancti</strong></span> <span class='ocrx_word' id='word_1_756' title='bbox 2762 4299 2855 4352; x_wconf 91' lang='lat' dir='ltr'><strong>per</strong></span> <span class='ocrx_word' id='word_1_757' title='bbox 2905 4295 3024 4335; x_wconf 82' lang='lat' dir='ltr'><strong>eam</strong></span> <span class='ocrx_word' id='word_1_758' title='bbox 3088 4274 3363 4345; x_wconf 74' lang='lat' dir='ltr'><strong>cperantis</strong></span> <span class='ocrx_word' id='word_1_759' title='bbox 3416 4270 3525 4323; x_wconf 87' lang='lat' dir='ltr'><strong>vim</strong></span> <span class='ocrx_word' id='word_1_760' title='bbox 3580 4266 3800 4320; x_wconf 87' lang='lat' dir='ltr'><strong>habeat.</strong></span> 
     </span>
    </p>
   </div>
   <div class='ocr_carea' id='block_1_105' title="bbox 2221 4358 3802 4438">
    <p class='ocr_par' dir='ltr' id='par_1_105' title="bbox 2221 4358 3802 4438">
     <span class='ocr_line' id='line_1_105' title="bbox 2221 4358 3802 4438; baseline -0.018 0"><span class='ocrx_word' id='word_1_761' title='bbox 2221 4358 2311 4438; x_wconf 85' lang='lat' dir='ltr'><strong>Sic</strong></span> <span class='ocrx_word' id='word_1_762' title='bbox 2352 4382 2499 4436; x_wconf 91' lang='lat' dir='ltr'><strong>enim</strong></span> <span class='ocrx_word' id='word_1_763' title='bbox 2561 4383 2614 4430; x_wconf 88' lang='lat' dir='ltr'><strong>et</strong></span> <span class='ocrx_word' id='word_1_764' title='bbox 2670 4375 2828 4428; x_wconf 85' lang='lat' dir='ltr'><strong>divus</strong></span> <span class='ocrx_word' id='word_1_765' title='bbox 2881 4372 3308 4438; x_wconf 85' lang='lat' dir='ltr'><strong>Chrysostomus</strong></span> <span class='ocrx_word' id='word_1_766' title='bbox 3381 4361 3605 4430; x_wconf 81' lang='lat' dir='ltr'><strong>pariter,</strong></span> <span class='ocrx_word' id='word_1_767' title='bbox 3664 4358 3802 4410; x_wconf 88' lang='lat' dir='ltr'><strong>libro</strong></span> 
     </span>
    </p>
   </div>
   <div class='ocr_carea' id='block_1_106' title="bbox 2225 4453 3804 4534">
    <p class='ocr_par' dir='ltr' id='par_1_106' title="bbox 2225 4453 3804 4534">
     <span class='ocr_line' id='line_1_106' title="bbox 2225 4453 3804 4534; baseline -0.017 -4"><span class='ocrx_word' id='word_1_768' title='bbox 2225 4475 2298 4529; x_wconf 84' lang='lat' dir='ltr'><strong>De</strong></span> <span class='ocrx_word' id='word_1_769' title='bbox 2329 4469 2656 4530; x_wconf 84' lang='lat' dir='ltr'><strong>Sacerdotio,</strong></span> <span class='ocrx_word' id='word_1_770' title='bbox 2702 4467 2804 4521; x_wconf 87' lang='lat' dir='ltr'><strong>hac</strong></span> <span class='ocrx_word' id='word_1_771' title='bbox 2833 4466 2949 4534; x_wconf 90' lang='lat' dir='ltr'><strong>ipsa</strong></span> <span class='ocrx_word' id='word_1_772' title='bbox 2982 4464 3048 4515; x_wconf 90' lang='lat' dir='ltr'><strong>de</strong></span> <span class='ocrx_word' id='word_1_773' title='bbox 3096 4475 3154 4512; x_wconf 91' lang='lat' dir='ltr'><strong>re</strong></span> <span class='ocrx_word' id='word_1_774' title='bbox 3181 4457 3304 4511; x_wconf 86' lang='lat' dir='ltr'><strong>talia</strong></span> <span class='ocrx_word' id='word_1_775' title='bbox 3345 4454 3519 4522; x_wconf 87' lang='lat' dir='ltr'><strong>inquit</strong></span> <span class='ocrx_word' id='word_1_776' title='bbox 3547 4467 3560 4504; x_wconf 86' lang='lat'><strong>:</strong></span> <span class='ocrx_word' id='word_1_777' title='bbox 3601 4466 3619 4502; x_wconf 87' lang='grc' dir='ltr'><strong>ι</strong></span> <span class='ocrx_word' id='word_1_778' title='bbox 3649 4453 3804 4503; x_wconf 84' lang='lat' dir='ltr'><strong>Astat</strong></span> 
     </span>
    </p>
   </div>
   <div class='ocr_carea' id='block_1_107' title="bbox 2150 4542 3804 4628">
    <p class='ocr_par' dir='ltr' id='par_1_107' title="bbox 2150 4542 3804 4628">
     <span class='ocr_line' id='line_1_107' title="bbox 2150 4542 3804 4628; baseline -0.016 -10"><span class='ocrx_word' id='word_1_779' title='bbox 2150 4564 2194 4618; x_wconf 80' lang='grc' dir='ltr'><strong>Ι)</strong></span> <span class='ocrx_word' id='word_1_780' title='bbox 2224 4565 2504 4628; x_wconf 76' lang='lat' dir='ltr'><strong>sacerdos,</strong></span> <span class='ocrx_word' id='word_1_781' title='bbox 2535 4574 2644 4615; x_wconf 90' lang='lat' dir='ltr'><strong>non</strong></span> <span class='ocrx_word' id='word_1_782' title='bbox 2666 4559 2845 4627; x_wconf 74' lang='lat' dir='ltr'><strong>ignem</strong></span> <span class='ocrx_word' id='word_1_783' title='bbox 2878 4553 3193 4611; x_wconf 79' lang='lat' dir='ltr'><strong>demiltcns,</strong></span> <span class='ocrx_word' id='word_1_784' title='bbox 3222 4545 3316 4600; x_wconf 90' lang='lat' dir='ltr'><strong>sed</strong></span> <span class='ocrx_word' id='word_1_785' title='bbox 3361 4542 3622 4611; x_wconf 81' lang='lat' dir='ltr'><strong>Spiritum</strong></span> <span class='ocrx_word' id='word_1_786' title='bbox 3681 4555 3804 4593; x_wconf 88' lang='lat' dir='ltr'><strong>san-</strong></span> 
     </span>
    </p>
   </div>
   <div class='ocr_carea' id='block_1_108' title="bbox 2226 4631 3804 4718">
    <p class='ocr_par' dir='ltr' id='par_1_108' title="bbox 2226 4631 3804 4718">
     <span class='ocr_line' id='line_1_108' title="bbox 2226 4631 3804 4718; baseline -0.018 -5"><span class='ocrx_word' id='word_1_787' title='bbox 2226 4669 2372 4715; x_wconf 88' lang='lat' dir='ltr'><strong>cttun</strong></span> <span class='ocrx_word' id='word_1_788' title='bbox 2401 4671 2415 4708; x_wconf 89' lang='lat'><strong>:</strong></span> <span class='ocrx_word' id='word_1_789' title='bbox 2471 4670 2534 4708; x_wconf 89' lang='lat' dir='ltr'><strong>ac</strong></span> <span class='ocrx_word' id='word_1_790' title='bbox 2587 4650 2814 4718; x_wconf 77' lang='lat' dir='ltr'><strong>supplex</strong></span> <span class='ocrx_word' id='word_1_791' title='bbox 2842 4647 2932 4700; x_wconf 83' lang='lat' dir='ltr'><strong>ditt</strong></span> <span class='ocrx_word' id='word_1_792' title='bbox 2963 4651 3240 4712; x_wconf 83' lang='lat' dir='ltr'><strong>precatur,</strong></span> <span class='ocrx_word' id='word_1_793' title='bbox 3283 4635 3388 4689; x_wconf 81' lang='lat' dir='ltr'><strong>non</strong></span> <span class='ocrx_word' id='word_1_794' title='bbox 3420 4635 3478 4686; x_wconf 85' lang='grc' dir='ltr'><strong>ιιι</strong></span> <span class='ocrx_word' id='word_1_795' title='bbox 3512 4632 3692 4699; x_wconf 88' lang='lat' dir='ltr'><strong>aliqua</strong></span> <span class='ocrx_word' id='word_1_796' title='bbox 3719 4631 3804 4684; x_wconf 79' lang='lat' dir='ltr'><strong>fax</strong></span> 
     </span>
    </p>
   </div>
   <div class='ocr_carea' id='block_1_109' title="bbox 2229 4721 3806 4815">
    <p class='ocr_par' dir='ltr' id='par_1_109' title="bbox 2229 4721 3806 4815">
     <span class='ocr_line' id='line_1_109' title="bbox 2229 4721 3806 4815; baseline -0.019 -12"><span class='ocrx_word' id='word_1_797' title='bbox 2229 4749 2462 4815; x_wconf 87' lang='lat' dir='ltr'><strong>desuper</strong></span> <span class='ocrx_word' id='word_1_798' title='bbox 2515 4754 2747 4796; x_wconf 88' lang='lat' dir='ltr'><strong>accensa</strong></span> <span class='ocrx_word' id='word_1_799' title='bbox 2773 4742 3063 4792; x_wconf 84' lang='lat' dir='ltr'><strong>consumat</strong></span> <span class='ocrx_word' id='word_1_800' title='bbox 3107 4726 3382 4800; x_wconf 87' lang='lat' dir='ltr'><strong>proposita</strong></span> <span class='ocrx_word' id='word_1_801' title='bbox 3411 4724 3581 4787; x_wconf 87' lang='lat' dir='ltr'><strong>dona,</strong></span> <span class='ocrx_word' id='word_1_802' title='bbox 3614 4721 3708 4774; x_wconf 63' lang='lat' dir='ltr'><strong>sed</strong></span> <span class='ocrx_word' id='word_1_803' title='bbox 3750 4729 3806 4774; x_wconf 91' lang='lat' dir='ltr'><strong>ut</strong></span> 
     </span>
    </p>
   </div>
   <div class='ocr_carea' id='block_1_110' title="bbox 2229 4815 3807 4912">
    <p class='ocr_par' dir='ltr' id='par_1_110' title="bbox 2229 4815 3807 4912">
     <span class='ocr_line' id='line_1_110' title="bbox 2229 4815 3807 4912; baseline -0.022 -17"><span class='ocrx_word' id='word_1_804' title='bbox 2229 4841 2399 4912; x_wconf 81' lang='lat' dir='ltr'><strong>gratia</strong></span> <span class='ocrx_word' id='word_1_805' title='bbox 2441 4839 2493 4892; x_wconf 88' lang='lat' dir='ltr'><strong>in</strong></span> <span class='ocrx_word' id='word_1_806' title='bbox 2523 4834 2756 4889; x_wconf 77' lang='lat' dir='ltr'><strong>hoStiam</strong></span> <span class='ocrx_word' id='word_1_807' title='bbox 2813 4827 3056 4894; x_wconf 84' lang='lat' dir='ltr'><strong>delapsa,</strong></span> <span class='ocrx_word' id='word_1_808' title='bbox 3112 4835 3209 4890; x_wconf 84' lang='lat' dir='ltr'><strong>per</strong></span> <span class='ocrx_word' id='word_1_809' title='bbox 3251 4833 3369 4872; x_wconf 84' lang='lat' dir='ltr'><strong>eam</strong></span> <span class='ocrx_word' id='word_1_810' title='bbox 3427 4815 3807 4868; x_wconf 83' lang='lat' dir='ltr'><strong>universorum</strong></span> 
     </span>
    </p>
   </div>
   <div class='ocr_carea' id='block_1_111' title="bbox 2229 4901 3808 4986">
    <p class='ocr_par' dir='ltr' id='par_1_111' title="bbox 2229 4901 3808 4986">
     <span class='ocr_line' id='line_1_111' title="bbox 2229 4901 3808 4986; baseline -0.02 0"><span class='ocrx_word' id='word_1_811' title='bbox 2229 4901 2444 4986; x_wconf 62' lang='lat' dir='ltr'><strong>anilitas</strong></span> <span class='ocrx_word' id='word_1_812' title='bbox 2488 4923 2771 4986; x_wconf 86' lang='lat' dir='ltr'><strong>accendat,</strong></span> <span class='ocrx_word' id='word_1_813' title='bbox 2823 4928 2876 4973; x_wconf 84' lang='lat' dir='ltr'><strong>et</strong></span> <span class='ocrx_word' id='word_1_814' title='bbox 2931 4922 3155 4984; x_wconf 80' lang='lat' dir='ltr'><strong>argento</strong></span> <span class='ocrx_word' id='word_1_815' title='bbox 3189 4911 3360 4980; x_wconf 68' lang='grc' dir='ltr'><strong>ἱειιὶῑο</strong></span> <span class='ocrx_word' id='word_1_816' title='bbox 3406 4901 3808 4976; x_wconf 70' lang='grc' dir='ltr'><strong>εριοιιιίὶιίὶοιοε</strong></span> 
     </span>
    </p>
   </div>
   <div class='ocr_carea' id='block_1_112' title="bbox 2229 4993 3809 5084">
    <p class='ocr_par' dir='ltr' id='par_1_112' title="bbox 2229 4993 3809 5084">
     <span class='ocr_line' id='line_1_112' title="bbox 2229 4993 3809 5084; baseline -0.022 -4"><span class='ocrx_word' id='word_1_817' title='bbox 2229 5022 2443 5080; x_wconf 78' lang='lat' dir='ltr'><strong>efficiat.</strong></span> <span class='ocrx_word' id='word_1_818' title='bbox 2465 5019 2570 5075; x_wconf 87' lang='lat' dir='ltr'><strong>Sed</strong></span> <span class='ocrx_word' id='word_1_819' title='bbox 2595 5028 2773 5084; x_wconf 89' lang='lat' dir='ltr'><strong>neque</strong></span> <span class='ocrx_word' id='word_1_820' title='bbox 2797 5009 3062 5066; x_wconf 71' lang='lat' dir='ltr'><strong>haesitatio</strong></span> <span class='ocrx_word' id='word_1_821' title='bbox 3088 5005 3192 5059; x_wconf 78' lang='lat' dir='ltr'><strong>ulla</strong></span> <span class='ocrx_word' id='word_1_822' title='bbox 3213 5017 3276 5057; x_wconf 90' lang='lat' dir='ltr'><strong>ac</strong></span> <span class='ocrx_word' id='word_1_823' title='bbox 3294 4997 3626 5055; x_wconf 87' lang='lat' dir='ltr'><strong>incertitudo</strong></span> <span class='ocrx_word' id='word_1_824' title='bbox 3648 4993 3809 5047; x_wconf 82' lang='lat' dir='ltr'><strong>nobis</strong></span> 
     </span>
    </p>
   </div>
   <div class='ocr_carea' id='block_1_113' title="bbox 2229 5088 3810 5184">
    <p class='ocr_par' dir='ltr' id='par_1_113' title="bbox 2229 5088 3810 5184">
     <span class='ocr_line' id='line_1_113' title="bbox 2229 5088 3810 5184; baseline -0.021 -16"><span class='ocrx_word' id='word_1_825' title='bbox 2229 5113 2582 5184; x_wconf 88' lang='lat' dir='ltr'><strong>precantibus</strong></span> <span class='ocrx_word' id='word_1_826' title='bbox 2615 5099 2957 5172; x_wconf 75' lang='lat' dir='ltr'><strong>SuSpicanda</strong></span> <span class='ocrx_word' id='word_1_827' title='bbox 2987 5105 3090 5160; x_wconf 80' lang='lat' dir='ltr'><strong>est,</strong></span> <span class='ocrx_word' id='word_1_828' title='bbox 3109 5109 3231 5150; x_wconf 90' lang='lat' dir='ltr'><strong>cum</strong></span> <span class='ocrx_word' id='word_1_829' title='bbox 3257 5093 3304 5146; x_wconf 89' lang='lat' dir='ltr'><strong>is</strong></span> <span class='ocrx_word' id='word_1_830' title='bbox 3329 5091 3420 5160; x_wconf 88' lang='lat' dir='ltr'><strong>qui</strong></span> <span class='ocrx_word' id='word_1_831' title='bbox 3451 5088 3736 5142; x_wconf 80' lang='lat' dir='ltr'><strong>deificatur</strong></span> <span class='ocrx_word' id='word_1_832' title='bbox 3760 5092 3810 5136; x_wconf 84' lang='lat' dir='ltr'><strong>ct</strong></span> 
     </span>
    </p>
   </div>
   <div class='ocr_carea' id='block_1_114' title="bbox 2233 5175 3812 5274">
    <p class='ocr_par' dir='ltr' id='par_1_114' title="bbox 2233 5175 3812 5274">
     <span class='ocr_line' id='line_1_114' title="bbox 2233 5175 3812 5274; baseline -0.021 -16"><span class='ocrx_word' id='word_1_833' title='bbox 2233 5175 2585 5274; x_wconf 62' lang='lat' dir='ltr'><strong>participatur</strong></span> <span class='ocrx_word' id='word_1_834' title='bbox 2609 5195 2872 5251; x_wconf 83' lang='lat' dir='ltr'><strong>Dominus</strong></span> <span class='ocrx_word' id='word_1_835' title='bbox 2903 5193 3007 5245; x_wconf 87' lang='lat' dir='ltr'><strong>hoc</strong></span> <span class='ocrx_word' id='word_1_836' title='bbox 3043 5203 3140 5242; x_wconf 89' lang='lat' dir='ltr'><strong>nos</strong></span> <span class='ocrx_word' id='word_1_837' title='bbox 3179 5185 3359 5239; x_wconf 72' lang='lat' dir='ltr'><strong>facere</strong></span> <span class='ocrx_word' id='word_1_838' title='bbox 3385 5179 3608 5254; x_wconf 78' lang='lat' dir='ltr'><strong>jusserit</strong></span> <span class='ocrx_word' id='word_1_839' title='bbox 3643 5193 3658 5244; x_wconf 89' lang='lat'>;</span> <span class='ocrx_word' id='word_1_840' title='bbox 3701 5175 3812 5227; x_wconf 80' lang='lat' dir='ltr'><strong>&quot;at:</strong></span> 
     </span>
    </p>
   </div>
   <div class='ocr_carea' id='block_1_115' title="bbox 2231 5272 3812 5360">
    <p class='ocr_par' dir='ltr' id='par_1_115' title="bbox 2231 5272 3812 5360">
     <span class='ocr_line' id='line_1_115' title="bbox 2231 5272 3812 5360; baseline -0.021 -10"><span class='ocrx_word' id='word_1_841' title='bbox 2231 5289 2798 5360; x_wconf 38' lang='lat' dir='ltr'><strong>enim,,ittquit,facite</strong></span> <span class='ocrx_word' id='word_1_842' title='bbox 2829 5287 2885 5338; x_wconf 85' lang='lat' dir='ltr'><strong>in</strong></span> <span class='ocrx_word' id='word_1_843' title='bbox 2932 5293 3104 5335; x_wconf 73' lang='lat' dir='ltr'><strong>meum</strong></span> <span class='ocrx_word' id='word_1_844' title='bbox 3153 5272 3812 5332; x_wconf 82' lang='lat' dir='ltr'><strong>commemorationem;ct</strong></span> 
     </span>
    </p>
   </div>
   <div class='ocr_carea' id='block_1_116' title="bbox 2237 5360 3849 5460">
    <p class='ocr_par' dir='ltr' id='par_1_116' title="bbox 2237 5360 3849 5460">
     <span class='ocr_line' id='line_1_116' title="bbox 2237 5360 3849 5460; baseline -0.022 -17"><span class='ocrx_word' id='word_1_845' title='bbox 2237 5387 2547 5460; x_wconf 82' lang='lat' dir='ltr'><strong>protttiscrit</strong></span> <span class='ocrx_word' id='word_1_846' title='bbox 2576 5400 2634 5438; x_wconf 84' lang='lat' dir='ltr'><strong>sc</strong></span> <span class='ocrx_word' id='word_1_847' title='bbox 2659 5384 2916 5438; x_wconf 88' lang='lat' dir='ltr'><strong>daturum</strong></span> <span class='ocrx_word' id='word_1_848' title='bbox 2974 5375 3240 5447; x_wconf 89' lang='lat' dir='ltr'><strong>Spiritum</strong></span> <span class='ocrx_word' id='word_1_849' title='bbox 3269 5378 3519 5426; x_wconf 89' lang='lat' dir='ltr'><strong>sanctum</strong></span> <span class='ocrx_word' id='word_1_850' title='bbox 3551 5360 3811 5419; x_wconf 83' lang='lat' dir='ltr'><strong>omnibus</strong></span> <span class='ocrx_word' id='word_1_851' title='bbox 3833 5413 3849 5420; x_wconf 59' lang='grc'><strong>,</strong></span> 
     </span>
    </p>
   </div>
   <div class='ocr_carea' id='block_1_117' title="bbox 2241 5455 3814 5551">
    <p class='ocr_par' dir='ltr' id='par_1_117' title="bbox 2241 5455 3814 5551">
     <span class='ocr_line' id='line_1_117' title="bbox 2241 5455 3814 5551; baseline -0.018 -16"><span class='ocrx_word' id='word_1_852' title='bbox 2241 5480 2332 5551; x_wconf 87' lang='lat' dir='ltr'><strong>qui</strong></span> <span class='ocrx_word' id='word_1_853' title='bbox 2359 5478 2615 5550; x_wconf 86' lang='lat' dir='ltr'><strong>petierint</strong></span> <span class='ocrx_word' id='word_1_854' title='bbox 2647 5491 2794 5541; x_wconf 86' lang='lat' dir='ltr'><strong>eum,</strong></span> <span class='ocrx_word' id='word_1_855' title='bbox 2836 5471 3032 5526; x_wconf 88' lang='lat' dir='ltr'><strong>nedum</strong></span> <span class='ocrx_word' id='word_1_856' title='bbox 3090 5463 3467 5522; x_wconf 86' lang='lat' dir='ltr'><strong>sacerdotibus</strong></span> <span class='ocrx_word' id='word_1_857' title='bbox 3515 5474 3529 5512; x_wconf 89' lang='lat'><strong>:</strong></span> <span class='ocrx_word' id='word_1_858' title='bbox 3575 5455 3814 5522; x_wconf 84' lang='lat' dir='ltr'><strong>velitque</strong></span> 
     </span>
    </p>
   </div>
   <div class='ocr_carea' id='block_1_118' title="bbox 2240 5547 3814 5640">
    <p class='ocr_par' dir='ltr' id='par_1_118' title="bbox 2240 5547 3814 5640">
     <span class='ocr_line' id='line_1_118' title="bbox 2240 5547 3814 5640; baseline -0.022 -10"><span class='ocrx_word' id='word_1_859' title='bbox 2240 5547 2602 5640; x_wconf 32' lang='lat' dir='ltr'><strong>hoc-singulis</strong></span> <span class='ocrx_word' id='word_1_860' title='bbox 2641 5568 2831 5621; x_wconf 88' lang='lat' dir='ltr'><strong>diebus</strong></span> <span class='ocrx_word' id='word_1_861' title='bbox 2855 5562 3048 5619; x_wconf 80' lang='lat' dir='ltr'><strong>conﬁci</strong></span> <span class='ocrx_word' id='word_1_862' title='bbox 3115 5571 3145 5613; x_wconf 88' lang='lat' dir='ltr'><strong>a</strong></span> <span class='ocrx_word' id='word_1_863' title='bbox 3213 5555 3393 5616; x_wconf 87' lang='lat' dir='ltr'><strong>nobis,</strong></span> <span class='ocrx_word' id='word_1_864' title='bbox 3446 5559 3504 5603; x_wconf 92' lang='lat' dir='ltr'><strong>ut</strong></span> <span class='ocrx_word' id='word_1_865' title='bbox 3551 5547 3814 5612; x_wconf 82' lang='lat' dir='ltr'><strong>deinceps</strong></span> 
     </span>
    </p>
   </div>
   <div class='ocr_carea' id='block_1_119' title="bbox 2241 5636 3817 5738">
    <p class='ocr_par' dir='ltr' id='par_1_119' title="bbox 2241 5636 3817 5738">
     <span class='ocr_line' id='line_1_119' title="bbox 2241 5636 3817 5738; baseline -0.021 -16"><span class='ocrx_word' id='word_1_866' title='bbox 2241 5683 2335 5738; x_wconf 87' lang='lat' dir='ltr'><strong>per</strong></span> <span class='ocrx_word' id='word_1_867' title='bbox 2360 5664 2541 5721; x_wconf 88' lang='lat' dir='ltr'><strong>omnia</strong></span> <span class='ocrx_word' id='word_1_868' title='bbox 2564 5666 2920 5716; x_wconf 90' lang='lat' dir='ltr'><strong>monstratur.</strong></span> <span class='ocrx_word' id='word_1_869' title='bbox 2952 5654 3108 5708; x_wconf 91' lang='lat' dir='ltr'><strong>Tune</strong></span> <span class='ocrx_word' id='word_1_870' title='bbox 3148 5649 3308 5705; x_wconf 86' lang='lat' dir='ltr'><strong>etiam</strong></span> <span class='ocrx_word' id='word_1_871' title='bbox 3342 5641 3592 5700; x_wconf 80' lang='lat' dir='ltr'><strong>fortassis</strong></span> <span class='ocrx_word' id='word_1_872' title='bbox 3621 5653 3686 5692; x_wconf 78' lang='lat' dir='ltr'><strong>ex</strong></span> <span class='ocrx_word' id='word_1_873' title='bbox 3715 5636 3817 5689; x_wconf 83' lang='lat' dir='ltr'><strong>hoc</strong></span> 
     </span>
    </p>
   </div>
   <div class='ocr_carea' id='block_1_120' title="bbox 2243 5729 3816 5829">
    <p class='ocr_par' dir='ltr' id='par_1_120' title="bbox 2243 5729 3816 5829">
     <span class='ocr_line' id='line_1_120' title="bbox 2243 5729 3816 5829; baseline -0.023 -11"><span class='ocrx_word' id='word_1_874' title='bbox 2243 5729 2508 5829; x_wconf 76' lang='lat' dir='ltr'><strong>baptisma</strong></span> <span class='ocrx_word' id='word_1_875' title='bbox 2536 5769 2750 5826; x_wconf 87' lang='lat' dir='ltr'><strong>quoque</strong></span> <span class='ocrx_word' id='word_1_876' title='bbox 2796 5756 3111 5819; x_wconf 87' lang='lat' dir='ltr'><strong>suspectum</strong></span> <span class='ocrx_word' id='word_1_877' title='bbox 3139 5742 3367 5805; x_wconf 79' lang='lat' dir='ltr'><strong>habeas,</strong></span> <span class='ocrx_word' id='word_1_878' title='bbox 3391 5735 3534 5808; x_wconf 83' lang='lat' dir='ltr'><strong>quod</strong></span> <span class='ocrx_word' id='word_1_879' title='bbox 3557 5729 3816 5802; x_wconf 79' lang='lat' dir='ltr'><strong>precibus</strong></span> 
     </span>
    </p>
   </div>
   <div class='ocr_carea' id='block_1_121' title="bbox 2245 5828 3815 5918">
    <p class='ocr_par' dir='ltr' id='par_1_121' title="bbox 2245 5828 3815 5918">
     <span class='ocr_line' id='line_1_121' title="bbox 2245 5828 3815 5918; baseline -0.02 -12"><span class='ocrx_word' id='word_1_880' title='bbox 2245 5828 2445 5914; x_wconf 69' lang='lat' dir='ltr'><strong>paritur</strong></span> <span class='ocrx_word' id='word_1_881' title='bbox 2475 5857 2637 5918; x_wconf 87' lang='lat' dir='ltr'><strong>atque</strong></span> <span class='ocrx_word' id='word_1_882' title='bbox 2671 5839 3114 5901; x_wconf 85' lang='lat' dir='ltr'><strong>invocationibus</strong></span> <span class='ocrx_word' id='word_1_883' title='bbox 3142 5831 3453 5897; x_wconf 86' lang='lat' dir='ltr'><strong>coniicitur,</strong></span> <span class='ocrx_word' id='word_1_884' title='bbox 3488 5834 3540 5882; x_wconf 88' lang='lat' dir='ltr'><strong>et</strong></span> <span class='ocrx_word' id='word_1_885' title='bbox 3561 5828 3815 5896; x_wconf 70' lang='lat' dir='ltr'><strong>peccato-</strong></span> 
     </span>
    </p>
   </div>
  </div>
