4152 6280
419 374 559 437 1087
1412 372 1470 432 Μ
1477 367 1656 430 ARCI
1695 363 2014 428 EPHESU
2054 364 2616 427 METROPOLlT/‘E
3537 347 3668 414 1088

421 496 545 536 rum
573 480 975 544 remissionem,
1030 496 1099 535 an
1124 496 1253 535 vere
1283 477 1565 549 acceperis
1595 476 1992 532 dubitationem

2103 495 2270 534 ντται.
2301 479 2371 532 Ἦ
2402 476 2466 532 σύ
2499 494 2564 547 γε
2594 475 2756 546 τυχὸν
2803 474 2867 528 ἐκ
2912 471 3127 534 τούτου,
3177 466 3355 521 καὶτὸ
3388 465 3670 535 βάπτισμα

427 574 671 641 aliquam
704 572 927 630 habeas.
956 586 1079 640 quae
1110 570 1205 624 tibi
1233 567 1557 624 sacerdotali
1583 568 1754 636 gratia
1794 579 1994 621 conce-

2103 570 2525 636 ὕποπτεύσειας,
2578 568 2648 624 δι’
2693 568 2872 638 εὐχῶν
2937 564 3142 635 ὁμοίως
3183 560 3279 613 καὶ
3331 558 3673 625 ἑπικλήσεων

423 665 571 718 ditur
593 663 616 716 ί
637 663 877 730 itemque
906 662 1011 716 alia
1036 662 1219 716 omnia
1260 658 1632 717 ecclesiastica
1669 656 1994 728 prmscribas

423 752 683 824 mysteria
709 753 734 806 ἓ
760 751 880 808 Non
908 754 982 808 ita
1026 762 1109 809 est
1134 751 1399 823 profecto,
1430 766 1537 806 non
1569 752 1641 804 ita
1670 758 1794 816 est;
1824 748 1994 802 ﬁdelis

419 846 565 900 enim
605 846 699 914 qui
747 845 997 916 promisit
1051 861 1111 901 se
1166 844 1456 899 nobiscum
1505 842 1762 897 omnibus
1804 840 1995 895 diebus

422 936 688 1001 futurum,
719 949 895 1005 usque
923 936 988 990 ad
1014 935 1541 991 consummationem
1584 931 1794 987 szeculi.
1818 932 1997 1000 Atque

421 1043 523 1083 nos
547 1028 768 1095 quidem
794 1028 909 1083 haec
945 1043 974 1082 a
998 1028 1209 1082 sanctis
1260 1025 1521 1096 apostolis
1550 1033 1603 1079 et
1644 1039 1837 1079 eorum
1865 1038 1995 1077 suc-

421 1119 735 1174 cessoribus
760 1121 1089 1190 accepimus,
1128 1128 1182 1172 et
1207 1120 1279 1173 ita
1304 1118 1624 1183 retinemus,
1655 1123 1714 1170 ut
1732 1132 1760 1170 a
1779 1124 1998 1171 senten-

422 1210 496 1262 tia
528 1211 630 1264 hac
655 1209 925 1264 dimoveri
979 1223 1339 1276 nequeamus,
1405 1217 1455 1262 et
1503 1209 1770 1261 rationem
1802 1220 1993 1261 eorum

423 1301 724 1357 reddimus.
760 1319 780 1352 ι
814 1301 970 1366 Quod
1020 1311 1200 1356 autem
1225 1300 1441 1355 Domini
1485 1302 1548 1354 de
1576 1299 1851 1371 mysteriis
1881 1313 1999 1352 ser-

424 1406 535 1454 mo,
563 1407 660 1459 per
696 1391 917 1446 modum
954 1392 1290 1446 recitationis
1345 1390 1610 1461 prolatus,
1631 1389 1696 1444 ad
1723 1390 1996 1444 donorum

422 1482 910 1539 sanctiﬁcatiouem
943 1482 1193 1551 suﬁiciat,
1221 1498 1385 1538 nemo
1413 1481 1811 1551 apostolorum,-
1838 1494 1998 1535 nemo

423 1574 710 1629 doctorum
745 1575 949 1630 dixisse
964 1576 1228 1631 cernitur.
1257 1575 1453 1630 Verum
1490 1575 1636 1643 quod
1672 1574 1757 1628 ille
1778 1573 1996 1643 quidem

426 1663 593 1717 semel
617 1663 686 1718 ab
710 1663 802 1719 illo
825 1664 1096 1734 prolatus,
1123 1666 1223 1719 hoc
1241 1665 1360 1733 ipso
1383 1666 1528 1735 quod
1546 1664 1615 1719 ab
1648 1663 1736 1717 illo
1757 1677 1999 1732 promin-

427 1756 597 1811 tiatus
641 1762 747 1820 est,
777 1756 1003 1826 perinde
1034 1764 1197 1826 atque
1242 1757 1297 1811 in
1322 1771 1499 1812 rerum
1523 1755 1878 1811 fabricatione
1907 1756 1999 1809 ha-

2095 660 2494 729 τελειούμενον,
2548 660 2642 713 καὶ
2692 659 2792 729 τὴν
2841 655 2953 710 τῶν
3009 653 3294 724 ἁμαρτιῶν
3349 650 3567 719 ἄφεσιν,
3625 648 3672 699 ei

2095 752 2314 822 ἀληθῶς
2351 751 2537 818 ἐδέξω,
2572 748 2869 817 δισταγμόν
2902 764 3025 800 τινα
3058 744 3249 815 σχοίης
3273 742 3364 796 διὰ
3394 740 3494 807 τῆς
3528 741 3671 806 ἱερα-

2094 845 2257 913 τικῆς
2276 845 2497 915 χάριτος
2522 841 2900 911 ὶπιδιδομένην
2917 879 2933 906 ,
2959 839 3055 892 καὶ
3089 836 3258 891 τᾶλλα
3288 833 3450 889 πάνθ’
3472 832 3674 900 ὁμοίως

2096 933 2532 1001 ἱκκλησιαστικὰ
2585 931 2867 1002 μυστήρια
2929 928 3315 998 διαγράψειας.
3383 922 3526 977 Ἀλλ’
3575 922 3674 975 οὐκ

2095 1025 2215 1080 ιστι
2244 1025 2442 1090 ταῦτα,
2469 1025 2571 1077 οὐκ
2595 1024 2735 1077 ἐστι’
2770 1020 2963 1084 πιστὸς
2990 1019 3100 1089 γὰρ
3130 1020 3158 1072 ό
3187 1014 3673 1084 ἱπαγγειλάμενος,

2100 1117 2222 1188 μεθ’
2250 1116 2411 1186 ἡμῶν
2462 1113 2685 1168 ῑσεσθαι
2734 1113 2832 1176 τὰς
2866 1112 3084 1182 ἡμέρας
3117 1109 3361 1172 ἁπάσας,
3408 1106 3537 1176 ἄχρι
3576 1103 3673 1171 τῆς

2098 1209 2412 1271 συντελείας
2440 1208 2537 1262 τοῦ
2563 1206 2777 1269 αἰῶνος.
2819 1204 3011 1272 Ἡμεῖς
3050 1202 3152 1272 μὲν
3172 1198 3267 1254 οὖν
3302 1199 3477 1253 ταῦτα
3523 1196 3674 1266 παρὶ

2095 1301 2206 1354 τῶν
2247 1299 2418 1367 ἁγίων
2442 1298 2760 1353 ἀποστόλων
2783 1296 2876 1349 καί⁸
2896 1294 3004 1347 τῶν
3027 1293 3270 1354 ἐκείνους
3300 1288 3674 1358 ἐκδεξαμένων

2099 1392 2528 1462 παραλαϐόντες,
2588 1392 2684 1445 καί⁵
2731 1388 3040 1457 κατέχομεν
3085 1382 3534 1455 ἀμεταποιήτως,
3583 1380 3675 1433 καὶ
3753 1392 3756 1394 ⁷

2098 1484 2192 1538 τὸν
2224 1482 2553 1553 γιγνόμενον
2584 1480 2673 1534 ἐπ’
2705 1479 2893 1542 αὐτοῖς
2920 1477 3251 1544 ἀποδίδομεν
3296 1472 3477 1540 λόγον*
3512 1472 3594 1524 ὃτι
3621 1470 3674 1524 δὲ

2099 1577 2129 1630 δ
2169 1575 2264 1629 τοῦ
2298 1573 2508 1643 Κυρίου
2542 1573 2671 1644 περὶ
2717 1572 2826 1625 τῶν
2874 1569 3192 1641 μυστηρίων
3223 1566 3404 1635 λόγος,
3438 1566 3504 1618 -ὲν
3546 1564 3677 1616 εῖδει

2098 1668 2410 1737 διηγήσεως
2448 1664 2766 1735 λεγόμενος,
2801 1663 2938 1734 πρὸς
2970 1660 3241 1730 ἁγιασμόν
3275 1657 3465 1729 δώρων
3493 1656 3676 1726 ἀρκεῖ,

2099 1760 2274 1822 οὐδεὶς
2302 1756 2425 1813 οὔτε
2478 1757 2587 1810 τῶν
2639 1755 2979 1815 ἀποστόλων,
3021 1751 3144 1808 οὒτε
3186 1751 3300 1805 τῶν
3339 1749 3677 1803 διδασκάλων

426 1846 574 1902 bitus
609 1862 792 1903 sermo
815 1862 1032 1917 semper
1087 1835 1367 1918 operetur,
1419 1848 1522 1903 hoc
1573 1848 1648 1901 ait
1695 1862 1873 1901 aureae
1912 1846 2000 1901 ille

2103 1850 2271 1904 εἰπὼν
2298 1848 2566 1918 φαίνεται.
2586 1846 2728 1901 Ἀλλ’
2761 1845 2844 1898 ὅτι
2884 1845 2983 1914 μὲν
3032 1843 3181 1908 ἅπαξ
3215 1842 3309 1896 ὑπ’
3340 1841 3551 1896 ἐκείνου
3584 1840 3677 1910 (in:

426 1936 624 2007 linguae
646 1935 905 1993 Joannes.
926 1939 1082 2006 Quod
1112 1954 1242 1994 vero
1272 1954 1417 1994 nunc
1451 1954 1483 1995 a
1512 1939 1797 1995 sacerdote
1820 1937 1996 2007 prolav

428 2038 537 2092 tus,
572 2030 840 2097 hoc'ipso
890 2029 1035 2099 quod
1089 2030 1156 2085 ab
1185 2044 1253 2086 eo
1305 2031 1538 2095 dicatur,
1598 2029 1707 2085 hoc
1749 2028 1943 2096 possit,
1970 2044 2002 2083 a

430 2118 579 2173 nullo
605 2120 731 2174 licet
760 2121 1000 2176 ediscere
1026 2138 1043 2178 :
1105 2122 1545 2192 quandoquidem
1578 2137 1677 2176 nec
1706 2122 1821 2183 ipse
1847 2119 2003 2190 Opili-

428 2210 511 2264 eis
549 2218 813 2279 operatur
838 2225 1040 2275 sermo,
1065 2212 1192 2281 quia
1225 2213 1278 2266 in
1309 2213 1561 2282 singulis,
1601 2228 1722 2282 qua:
1772 2212 1909 2266 ﬁunt
1935 2210 2003 2265 ab

426 2302 614 2371 aliquo
639 2303 859 2358 homine
894 2302 1162 2359 referatur
1195 2321 1211 2358 :
1244 2303 1337 2360 sed
1368 2305 1492 2374 quia
1519 2303 1688 2359 semel
1715 2312 1797 2359 est
1833 2318 1863 2358 a
1892 2302 2001 2357 Deo

427 2395 770 2449 enuntiatus.
821 2394 965 2460 Quin
1031 2396 1195 2450 etiam
1246 2384 1349 2451 nec
1396 2396 1497 2467 ipsi
1548 2395 1768 2465 quidem
1820 2396 2004 2450 dicent

426 2486 646 2552 operari
676 2484 1019 2540 Dominicum
1044 2488 1295 2551 verbum,
1347 2502 1377 2541 a
1426 2489 1623 2558 quovis
1678 2486 1999 2557 simpliciter

427 2576 720 2645 prolatum,
751 2593 929 2648 neque
960 2578 1166 2651 absque
1198 2580 1376 2636 altari.
1411 2581 1468 2635 Si
1525 2580 1688 2650 igitur
1720 2579 2003 2636 sacerdote

426 2676 512 2723 est
557 2684 694 2737 opus
740 2680 795 2726 et
856 2672 1037 2737 altari,
1096 2681 1153 2728 et
1193 2673 1315 2730 aliis
1365 2690 1487 2744 qua:
1508 2673 1575 2728 ad
1628 2673 1677 2728 id
1706 2675 1999 2743 pertinent,

425 2759 615 2828 quidni
640 2770 696 2817 et
718 2762 998 2831 precibus,
1013 2763 1412 2830 benedictione,
1451 2774 1507 2819 ct
1534 2779 1629 2835 per
1651 2780 1782 2819 eam
1798 2763 2005 2819 adven-

426 2860 484 2905 tu
509 2853 683 2907 sancti
717 2852 982 2923 Spiritus,
1012 2856 1108 2926 qui
1126 2856 1311 2910 omnia
1337 2856 1552 2925 perﬁcit
1580 2866 1635 2911 et
1653 2864 2002 2912 consummat

426 2945 684 3014 mysteria
703 2946 725 2999 τ
742 2946 962 3011 Διιιιαιο,
980 2961 1135 3002 sacer
1151 2948 1237 3003 ille
1261 2946 1552 3018 Dionysius
1571 2948 1878 3005 testimonio
1898 2964 2000 3004 suo

425 3046 642 3091 uestros
670 3036 805 3093 ritus
827 3038 1249 3095 conﬁrmaturus
1274 3039 1524 3097 accedat.
1546 3040 1605 3095 In
1631 3040 1837 3101 theoria
1853 3040 1996 3097 enim

424 3129 672 3198 mysterii
707 3140 976 3201 synaxeos
1002 3147 1021 3185 :
1051 3150 1069 3184 ι
1098 3130 1200 3199 Ubi
1240 3147 1421 3197 sacra,
1453 3133 1650 3204 inquit,
1684 3132 1779 3189 Dei
1830 3146 1995 3203 opera

2104 1941 2239 2006 θεὶς,
2271 1939 2420 2010 αὐτῷ
2452 1938 2529 2010 τῷ
2559 1938 2654 1992 ὑπ’
2694 1937 2907 1991 ἐκείνου
2942 1935 3195 2007 ῥηθῆναι,
3231 1935 3482 2004 καθάπερ
3509 1935 3538 1987 ὁ
3581 1932 3675 2002 Bn-

2106 2029 2425 2100 μιουργικδς
2467 2030 2639 2095 Λόγος
2678 2029 2764 2081 ἀεὶ
2796 2029 3029 2099 ἐνεργεῖ,
3077 2025 3238 2080 τοῦτό
3287 2040 3452 2095 φησιν
3504 2025 3533 2078 ό
3579 2022 3675 2094 τὴν

2101 2123 2349 2191 γλῶτταν
2397 2120 2632 2192 χρυσοῦς
2695 2121 2975 2189 Ἰωάννης.
3027 2120 3150 2173 Ὀτι
3186 2118 3244 2173 δὲ
3286 2116 3382 2171 νῦν
3431 2116 3538 2170 ὑπὸ
3583 2114 3676 2169 τοῦ

2105 2213 2295 2284 ἱερέως
2325 2212 2645 2283 λεγόμενος,
2679 2213 2769 2267 διὰ
2801 2210 2863 2265 τδ
2909 2212 3001 2265 ὑπ’
3041 2208 3207 2266 αὐτοῦ
3234 2208 3490 2278 λέγεσθαι
3522 2207 3676 2262 τοῦτο

2103 2306 2350 2373 δύναται,
2385 2306 2688 2376 οὐδαμόθεν
2739 2304 2855 2358 εστι
2905 2304 3121 2374 μαθεῖν·
3159 2303 3285 2358 ἐπεὶ
3326 2302 3434 2355 οὐδ’
3464 2303 3623 2364 αὐτὸς
3651 2305 3678 2355 ό

2102 2397 2499 2468 δημιουργικδς
2550 2396 2722 2466 Λόγος
2766 2398 3004 2467 ἐνεργεῖ,
3054 2397 3139 2450 ὅτι
3192 2393 3281 2465 ἐφ’
3310 2394 3526 2465 ἑκάστῳ
3569 2392 3677 2445 τῶν

2105 2489 2411 2559 γινομένων
2459 2488 2565 2542 ὑπό
2615 2504 2761 2548 τινος
2808 2487 3101 2557 ἀνθρώπου
3149 2487 3401 2555 λέγεται’
3437 2486 3553 2539 ἀλλ’
3597 2486 3677 2538 ὅτι

2105 2583 2256 2636 ἐστὶν
2288 2581 2438 2648 ἅπαξ
2466 2582 2572 2637 ὑπὸ
2605 2582 2702 2636 τοῦ
2735 2580 2871 2635 Θεοῦ
2904 2581 3243 2652 είρημένος.“
3268 2582 3376 2634 Καὶ
3413 2578 3521 2650 μὴν
3568 2578 3677 2632 οὐδ’

2103 2674 2260 2732 αὐτοὶ
2291 2678 2556 2747 φήσουσιν
2591 2677 2840 2746 ἐνεργεῖν
2869 2674 2965 2728 τὸν
2999 2673 3322 2729 δεσποτικὸν
3362 2673 3540 2741 λόγον,
3574 2670 3677 2725 ana

2101 2770 2199 2823 τοῦ
2223 2768 2479 2839 τυχόντος
2508 2765 2697 2828 ἁπλῶς
2732 2765 3048 2835 λεγόμενος,
3075 2764 3185 2818 οὐδ’
3217 2764 3344 2819 ἄνευ
3380 2764 3677 2833 θυσιαστη-

2085 2863 2247 2936 -ρίου.
2302 2861 2363 2915 El
2413 2859 2596 2913 τοίνυν
2632 2859 2825 2929 ἱερέως
2875 2857 3077 2912 δεῖκαὶ
3129 2856 3541 2927 θυσιαστηρίου,
3585 2856 3677 2909 καὶ

2103 2955 2214 3009 τῶν
2244 2951 2420 3007 ἄλλων
2454 2952 2557 3005 ὅσα
2590 2950 2724 3021 πρὸς
2751 2949 2911 3005 τοῦτο
2940 2949 3223 3017 συντείνει,
3267 2950 3354 3004 διὰ
3391 2948 3446 3002 τί
3480 2948 3556 3020 μὴ
3588 2947 3679 3002 καὶ

2101 3044 2279 3116 εὐχῶν
2322 3042 2540 3114 δεήσεις
2577 3041 2851 3112 εὐλογίας,
2884 3045 2980 3095 καὶ
3018 3041 3120 3112 τῆς
3162 3041 3230 3095 δι’
3264 3040 3433 3111 αὐτῆς
3468 3040 3679 3108 ἐπιφοι-

2101 3140 2312 3209 τήσεως
2355 3136 2450 3191 τοῦ
2483 3135 2641 3205 ἁγίου
2692 3134 3011 3206 Πνεύματος
3035 3174 3051 3202 ,
3086 3135 3210 3205 ἣτις
3259 3137 3437 3189 πάντα
3485 3134 3680 3188 τελειοὶ

424 3219 708 3279 hierarcha
736 3224 1052 3291 celebravit,
1078 3227 1143 3281 ad
1179 3226 1643 3285 consecrationem
1675 3226 1917 3293 accedit;
1949 3235 2000 3281 et

2106 3229 2176 3285 τὰ
2218 3227 2529 3301 μυστήρια;
2578 3227 2725 3298 Πρὸς
2771 3225 2983 3290 τούτοις
3012 3227 3042 3279 ό
3073 3224 3217 3298 ἱερδς
3248 3225 3524 3288 Διονύσιος
3565 3226 3672 3279 ἔπιε

424 3311 574 3381 prius
594 3312 812 3382 quidem
834 3331 932 3385 pro
961 3331 1023 3371 ea
1044 3317 1456 3372 excusationem
1484 3315 1639 3372 aﬂ'ert
1655 3316 1999 3372 exclamans:

430 3423 451 3458 ι
476 3404 552 3458 Τυ
572 3405 757 3462 dixisti
781 3426 794 3461 :
819 3406 933 3462 Hoc
961 3409 1119 3478 facile
1145 3410 1199 3463 in
1225 3425 1392 3464 meam
1418 3414 2002 3475 commemorationem,-

424 3498 550 3552 dein
573 3497 642 3552 ad
668 3499 1025 3556 imitationem
1046 3502 1140 3557 Dei
1168 3501 1484 3573 compositas
1518 3501 1683 3571 hujus
1713 3515 2003 3556 consecra-

426 3589 804 3660 tionisdignus
883 3591 1000 3646 ﬁeri
1061 3602 1317 3661 precatur
1370 3599 1425 3646 et
1473 3592 1538 3645 ad
1588 3588 2001 3646 similitudinem

427 3685 600 3752 ipsius
619 3683 823 3741 Christi
850 3685 1033 3739 divina
1077 3700 1362 3754 peragere,
1388 3692 1443 3740 et
1481 3685 1747 3754 impertiri
1775 3685 2004 3740 sanctis-

426 3778 603 3832 sime:
635 3792 701 3833 ac
725 3793 880 3834 sacra
914 3786 1289 3849 percepturos,
1320 3787 1673 3834 sacrosancte
1702 3779 2001 3849 percipere.

429 3867 632 3923 Deinde
654 3868 735 3922 sic
766 3869 1104 3923 divinissima
1131 3870 1341 3939 peragit
1388 3884 1568 3935 sacra,
1605 3877 1693 3938 atq
1708 3885 1773 3924 ne
1829 3870 2003 3926 oculis

427 3958 639 4029 objicit,
675 3974 797 4028 qure
820 3960 1116 4014 celebravit
1146 3977 1240 4030 per
1293 3975 1450 4021 sacra
1514 3961 1814 4031 preposita.
1867 3960 2001 4016 Nam

430 4067 571 4122 pane
592 4051 685 4119 qui
716 4059 940 4119 opertus
973 4063 1089 4105 erat
1122 4061 1177 4107 et
1204 4053 1495 4118 indivisus,
1531 4052 1803 4122 patefacto
1862 4063 1917 4108 et
1949 4056 2001 4109 iu

429 4141 630 4196 multas
654 4150 833 4210 partes
860 4141 1170 4216 distributo,
1197 4144 1513 4213 unitateque
1537 4145 1724 4199 calieis
1751 4146 2005 4201 omnibus

428 4232 736 4301 dispertita,
803 4229 1116 4299 symbolice:
1165 4233 1431 4290 unitatem
1466 4235 1788 4305 multiplicat
1837 4245 1892 4290 et
1921 4236 2005 4291 di-

427 4323 671 4380 stribuit.
708 4339 727 4374 ι
767 4320 836 4376 Et
868 4329 988 4391 post
1021 4336 1189 4392 pauca
1224 4342 1237 4378 :
1273 4343 1292 4378 ι
1324 4323 1584 4396 Percepta
1615 4341 1679 4382 ac
1700 4327 1826 4384 data
1856 4342 2005 4383 com-

428 4414 691 4470 munione
721 4412 1005 4469 hierarcha
1046 4413 1102 4468 in
1155 4429 1367 4473 sacram
1401 4418 1702 4488 gratiarum
1735 4419 2002 4476 actionem

426 4507 650 4564 desinit.
683 4526 702 4561 ι

2109 3320 2484 3391 μαρτυρήσων
2533 3316 2751 3388 παρίτω
2777 3317 2891 3380 τοῖς
2929 3315 3063 3387 παρ’
3098 3316 3260 3386 ήμῶν
3291 3314 3638 3386 τελουμένοις
3665 3329 3680 3346 ο

2105 3414 2164 3468 ἐν
2190 3412 2301 3484 γὰρ
2324 3413 2389 3483 τῇ
2409 3409 2620 3482 θεωρία
2643 3409 2736 3465 τοῦ
2755 3410 2856 3482 τῆς
2879 3410 3151 3476 συνάξεως
3181 3408 3507 3480 μυστηρίου,
3542 3408 3681 3471 (Τὰς

2106 3504 2283 3575 ἱερὰς,
2319 3505 2478 3575 φησι,
2512 3504 2799 3574 θεουργίας
2828 3505 2859 3557 ό
2880 3503 3142 3574 ἱεράρχης
3167 3502 3437 3572 ὑμνήσας,
3466 3500 3556 3554 ἐπὶ
3583 3500 3681 3570 τὴν
3737 3550 3746 3557 ,

2106 3596 2424 3666 ἱερουργίαν
2454 3596 2695 3667 ἔρχεταιο
2726 3593 2821 3648 καὶ
2867 3595 3133 3665 πρότερον
3165 3593 3266 3664 μὲν
3297 3592 3439 3662 ὐπὶρ
3479 3593 3681 3661 ταύτης

2103 3687 2449 3755 ἀπολογεῖται
2480 3688 2575 3742 καὶ
2600 3686 2827 3758 ἀναϐοᾷ,
2875 3687 2948 3741 Σὺ
2989 3682 3171 3751 εἶπας,
3235 3684 3415 3739 Τοῦτο
3463 3684 3683 3738 ποιεῖτε

2105 3783 2194 3846 είς
2239 3781 2358 3849 τὴν
2396 3779 2554 3850 ἐμὴν
2599 3779 2985 3849 ἀνάμνησιν·
3030 3774 3151 3832 εἶτα
3197 3776 3296 3847 τῆς
3345 3776 3682 3844 θεομιμήτου

2105 3873 2311 3943 ταύτης
2338 3871 2650 3944 ἱερουργίας
2680 3872 2830 3939 ἄξιος
2853 3870 2998 3924 αἱτεῖ
3022 3867 3298 3939 γενέσθαι,
3335 3867 3428 3921 καὶ
3458 3869 3524 3937 τῇ
3546 3867 3684 3937 πρὸς

2104 3964 2341 4035 Χριστὸν
2380 3962 2724 4034 ἀφομοιώσει
2769 3961 2837 4017 τὰ
2865 3961 2984 4015 θεῖα
3009 3960 3300 4027 πανάγνως
3329 3958 3547 4012 τελέσαι
3590 3957 3683 4009 καὶ
3722 3972 3723 3975 ‘

2103 4055 2400 4123 διαδοῦναι,
2452 4055 2545 4109 καὶ⁵
2599 4055 2726 4117 τοὺς
2762 4054 3091 4124 μεθέξοντας
3144 4049 3487 4121 ἱεροπρεπῶς
3524 4064 3683 4117 μετα-

2108 4149 2282 4218 σχεῖν.
2335 4141 2453 4201 Εῖθ’
2485 4144 2661 4209 οὕτως
2711 4145 2985 4216 ἱερουργεῖ
3031 4144 3101 4197 τὰ
3149 4142 3426 4207 θειότατα,
3471 4141 3561 4194 καὶ
3592 4138 3683 4192 ὑπ’

2105 4237 2229 4309 ὄψιν
2261 4240 2386 4308 ἄγει
2410 4236 2480 4291 τὰ
2514 4237 2805 4308 ύμνημένα
2830 4236 2921 4291 διὰ
2950 4236 3061 4289 τῶν
3095 4236 3137 4288 ίε
3149 4234 3259 4306 ρῶς
3282 4232 3684 4304 προκειμένων·

2105 4335 2199 4387 τὸν
2232 4334 2342 4404 γὰρ
2370 4332 2859 4400 ἱγκεκαλυμμένον
2891 4337 2986 4385 καὶ
3015 4329 3323 4401 ἀδιαίρετον
3354 4328 3521 4399 ἄρτον
3555 4327 3684 4380 ἀνα-

2106 4424 2376 4495 καλύψας,
2411 4424 2491 4487 είς
2528 4423 2704 4477 πολλὰ
2735 4422 2951 4488 διελὼν,
3000 4422 3097 4475 καὶ
3125 4421 3185 4475 τὸ
3225 4422 3428 4476 ὲνιαῖον
3457 4418 3550 4473 τοῦ
3586 4437 3686 4474 πο-

2106 4517 2297 4589 τηρίου
2331 4518 2467 4570 πᾶσι
2492 4515 2899 4586 καταμερίσας,
2930 4512 3276 4596 συμϐολικρς
3319 4513 3418 4584 τὴν
3451 4512 3681 4583 ἑνότητα

428 4600 692 4672 πληθύνει
722 4602 815 4657 καὶ
840 4603 1107 4675 διανὶμει·
1133 4623 1152 4658 ι
1174 4605 1268 4671 καὶ
1299 4604 1421 4677 μετ’
1444 4606 1624 4677 ὀλίγαυ
1649 4623 1670 4660 ι
1699 4609 2004 4682 Μετασχὼν
2039 4610 2097 4666 δὲ
2125 4612 2220 4668 καὶ
2257 4610 2523 4683 μεταδοὺς
2551 4613 2579 4665 ό
2650 4609 2933 4682 ῖεράρχης,
2982 4611 3065 4674 εἱς
3110 4610 3465 4682 εὐχαριστίαν
3533 4609 3687 4680 ἱερὰν

425 4694 759 4766 καταλήγει.
799 4712 818 4748 ι

499 4789 627 4844 Haec
657 4786 833 4843 cuivis
856 4787 1060 4843 volenti
1092 4790 1341 4844 contueri
1393 4789 1537 4854 licet,
1605 4806 1731 4847 cum
1763 4792 1994 4863 quibus-

2176 4790 2361 4848 Ταῦτα
2394 4795 2626 4866 συνορᾷν
2661 4793 2838 4859 ἔξεστι
2894 4791 2970 4862 τῷ
3018 4790 3332 4863 βουλομένῳ
3366 4794 3549 4856 παντὶ,
3610 4791 3685 4844 τί-

426 4896 556 4935 nam
609 4878 978 4945 consentiant,
1029 4878 1167 4935 iisne
1201 4894 1322 4949 quae
1371 4896 1401 4935 a
1430 4882 1590 4939 nobis
1638 4893 1995 4953 peraguntur,

424 4974 524 5020 aut
571 4966 640 5020 iis
671 4980 793 5035 qua:
826 4979 856 5020 a
888 4963 1117 5022 Latinis.
1152 4965 1262 5023 Nos
1285 4968 1429 5025 enim
1466 4980 1761 5041 sequentes
1811 4987 1999 5029 sacros

427 5057 706 5128 apostolos
729 5069 784 5112 et
821 5057 1092 5125 doctores,
1121 5060 1278 5128 juxta
1303 5062 1532 5119 traditas
1559 5063 1629 5119 ab
1654 5063 1725 5118 iis
1785 5065 2005 5133 exposi-

426 5150 606 5205 tiones
655 5159 711 5204 et
770 5151 917 5205 hunc
955 5151 1082 5207 item
1116 5167 1397 5209 sacrorum
1439 5155 1815 5226 interpretem,
1840 5172 1998 5212 saera

430 5241 526 5298 Dei
548 5254 714 5311 opera
743 5241 1105 5311 celebramus,
1144 5245 1199 5300 id
1234 5253 1342 5309 est,
1388 5256 1450 5301 ut
1487 5248 1590 5303 iste
1631 5251 1728 5310 ait.
1772 5249 1863 5304 Dei
1900 5264 2000 5319 pro

429 5334 588 5390 nobis
614 5333 1074 5403 incarnationem,
1114 5338 1230 5406 ejus
1261 5353 1359 5408 pro
1396 5340 1555 5394 nobis
1573 5349 1826 5406 mortem,
1858 5342 2002 5396 divi-

427 5441 555 5480 nam
581 5425 978 5497 baptizatorum
1009 5430 1439 5497 generationem,
1470 5432 1713 5488 divinam
1750 5436 2002 5507 adoratio-

426 5532 575 5581 item,
599 5517 887 5572 servandis
906 5518 1178 5574 mandatis
1203 5520 1601 5578 deiﬁcationem
1634 5543 1648 5580 :
1681 5525 1753 5581 ita
1806 5527 2002 5582 deinde

426 5609 495 5664 ad
527 5610 994 5665 consecrationem
1021 5612 1321 5679 venientes,
1352 5616 1501 5685 prius
1518 5618 1736 5687 quidem
1783 5635 1881 5689 pro
1900 5621 2004 5676 hac

423 5700 841 5758 excusationem
866 5702 1166 5771 aﬁ‘crimus,
1191 5716 1246 5760 et
1274 5709 1646 5764 cxclamamus
1683 5711 1797 5780 ipsa
1823 5713 2004 5767 Domi—

427 5791 554 5846 uica
582 5792 768 5861 verba,
806 5811 928 5865 qua:
988 5806 1101 5852 tum
1156 5802 1533 5873 enuntiavit;
1586 5812 1638 5860 et
1693 5804 2000 5873 subdimus,

2109 4900 2197 4939 σιν
2255 4885 2374 4939 ἱστὶ
2428 4883 2716 4955 σύμφωνα,
2768 4885 2881 4948 τοῖς
2944 4884 3076 4952 παρ’
3114 4881 3270 4952 ήμῶν
3317 4881 3686 4949 τελουμένοις,

2106 4977 2142 5048 ἢ
2199 4980 2313 5043 τοῖς
2370 4979 2543 5049 παρὰ,
2576 4976 2845 5039 Λατίνων.
2889 4975 3079 5046 Ἡμεῖς
3139 4977 3239 5044 μὲν
3297 4975 3406 5043 γὰρ
3462 4975 3686 5027 ἀκολου-

2106 5069 2329 5134 θοῦντες
2367 5072 2481 5133 τοῖς
2543 5069 2712 5141 ἱεροῖς
2743 5063 3079 5132 ’ἀποστόλοις
3146 5067 3242 5121 καὶ
3302 5066 3683 5132 διδασκάλοις,

2108 5162 2254 5217 κατὰ
2301 5162 2399 5225 τὰς
2448 5161 2542 5216 ὑπ’
2572 5160 2753 5215 αὐτῶν
2800 5158 3246 5233 παραδεδομένας
3293 5158 3559 5220 ἐκθέσεις,
3593 5161 3684 5210 καὶ

2108 5255 2287 5323 τούτῳ
2341 5253 2406 5320 δὴ
2466 5253 2545 5324 τῷ
2609 5252 2988 5323 ίεροφάντορι,
3041 5251 3140 5314 τὰς
3191 5249 3342 5320 ἱερὰς
3400 5249 3685 5320 θεουργέας

2112 5344 2409 5415 ύμνοῦμεν,
2442 5344 2740 5409 τουτέστιν,
2768 5345 2844 5408 ὡς
2895 5342 3057 5405 αὐτός
3098 5358 3254 5410 φησι,
3299 5340 3399 5410 τὴν
3431 5339 3499 5393 δι’
3536 5340 3684 5409 ἡμᾶς

2108 5436 2526 5507 ὲνανθρώπησιν
2555 5435 2648 5491 τοῦ
2679 5434 2840 5502 Θεοῦ,
2884 5419 3152 5504 τὸν-ὑπὲρ
3190 5432 3345 5503 ἡμῶν
3395 5431 3558 5486 αὐτοῦ
3584 5431 3685 5485 θά-

2110 5544 2289 5592 νατον,
2314 5527 2415 5596 τὴν
2441 5526 2785 5595 θεογενεσίαν
2806 5526 2914 5579 τῶν
2939 5524 3376 5596 βαπτιζομένων,
3407 5523 3507 5592 τὴν
3533 5521 3685 5575 θείαν

2111 5618 2407 5685 υἱοθεσίαν,
2436 5619 2538 5684 τὴν
2555 5618 2643 5670 διὰ
2674 5617 2771 5687 τῆς
2796 5617 3047 5687 φυλακῆς
3068 5616 3179 5669 τῶν
3206 5615 3436 5669 ἐντολῶν
3465 5614 3685 5667 θέωσιν

2107 5707 2210 5765 εἷθ’
2239 5709 2413 5773 οὕτως
2447 5708 2542 5762 ἐπὶ
2569 5709 2668 5779 τὴν
2714 5708 3028 5779 ἱερουργίαν
3074 5707 3384 5777 ἐρχόμενοι,
3419 5705 3685 5774 πρότερον

2111 5803 2210 5874 μὲν
2264 5803 2404 5873 ὑπὲρ
2453 5802 2657 5873 ταύτης
2711 5798 3152 5870 ἀπολογούμεθα,
3208 5797 3306 5852 καὶ
3358 5796 3684 5865 ἀναϐοῶμεν
