4152 6280
464 395 602 460 1089

1336 390 1431 451 DE
1460 385 1814 452 CORPORE
1850 384 1945 445 ET
1987 380 2390 443 SANGUINE
2429 380 2770 443 CHRISTI.

3586 376 3725 442 1090

462 512 602 567 αὐτᾶ
636 511 702 563 τὰ
740 508 1034 562 δεσποτικὰ
1087 508 1328 579 ῥήματα,
1365 509 1400 562 ἃ
1431 509 1550 561 τότε
1596 502 1717 559 εἷπε
1743 523 1756 537 ⁸
1792 507 1884 560 καὶ
1913 506 2037 557 ὲπι-

2150 505 2288 573 quod
2324 505 2435 573 ipse
2458 504 2704 572 jusserit,
2737 501 2851 557 Hoc
2907 501 3088 572 facite,
3127 502 3407 570 inquiens,
3444 502 3497 555 in
3552 515 3725 554 meum

460 605 717 672 λέγομεν,
766 602 849 654 ὅτι
905 599 1068 662 αὐτὸς
1097 598 1425 670 προσέταξε,
1464 598 1646 652 Τοῦτο
1693 596 1916 650 ποιεῖτε
1954 597 2042 660 εἱς

460 692 577 760 τὴν
604 693 760 760 ἐμὴν
788 691 1155 760 ἀνάμνησιν·
1190 684 1311 743 εἶτα
1337 689 1436 759 τῆς
1467 689 1805 757 θεομιμήτου
1837 684 2043 753 ταύτης

464 786 783 855 ἱερουργίας
815 785 957 848 ἄξιοι
987 783 1309 852 αἰτήσαντες
1338 782 1614 850 γενέσθαι,
1662 779 1806 834 καθὰ
1851 778 2040 849 περιέ-

460 893 648 946 χουσιν
685 878 739 929 αἱ
776 875 1045 939 ἐκθέσεις.
1098 875 1494 945 ἱερουργοῦμεν
1541 876 1610 927 τὰ
1652 873 1908 927 θειότατα
1954 871 2043 926 διὰ

460 972 559 1038 τῆς
595 969 762 1038 εὐχῆς
793 970 888 1022 καὶ
920 968 1197 1037 εὐλογίας,
1230 969 1445 1038 καὶτῆς
1475 968 1570 1021 τοῦ
1612 966 1758 1020 θείου
1786 966 2044 1035 Πνεῦμα-

460 1079 553 1124 τος
606 1062 1047 1133 ὲπιφοιτήσεως·
1086 1062 1181 1114 καὶ
1226 1060 1318 1114 τὸν
1366 1058 1853 1131 ἐγκεκαλυμμένον
1902 1059 2044 1122 τέως

463 1151 556 1202 καὶ
610 1147 921 1218 ἀδιαίρετον
975 1149 1139 1218 ἄρτον
1192 1149 1680 1216 ἀνακαλύψαντες,
1742 1149 1822 1212 εἱς
1869 1147 2043 1203 πολλὰ

462 1239 803 1310 διαιροῦμεν,
839 1240 932 1293 καὶ
964 1239 1023 1293 τὸ
1051 1240 1253 1293 ένιαῖον
1278 1240 1372 1294 τοῦ
1406 1241 1666 1310 ποτηρίου
1700 1242 1836 1295 πᾶσι
1871 1256 2044 1294 κατα-

467 1331 783 1403 μερίζομεν.
828 1332 889 1384 '0
920 1331 978 1384 δὲ
1026 1332 1177 1400 παρά
1220 1331 1471 1392 Λατίνοις
1527 1332 1706 1402 ἱερεὺς
1766 1332 2042 1402 μέμνηται

466 1424 566 1493 μὲν
607 1424 702 1476 καὶ
735 1423 899 1483 αὐτὸς
944 1423 1366 1493 διηγηματικῶς
1410 1423 1520 1475 τῶν
1558 1422 1894 1475 δεσποτικῶν
1942 1425 2042 1492 ρη-

466 1519 672 1585 μὰτων,
715 1516 799 1569 ὅτι
827 1517 990 1579 αὐτὸς
1025 1516 1351 1587 προσέταξε,
1383 1515 1634 1582 Λάϐετε,
1670 1517 1910 1585 φάγετε,
1942 1515 2040 1568 καί

462 1609 628 1660 πίετε
676 1607 923 1673 πάντες,
972 1608 1089 1673 καὶ,
1123 1607 1311 1663 Τοῦτο
1365 1608 1589 1662 ποιεῖτε
1627 1610 1712 1674 εἱς
1746 1607 1862 1675 τὴν
1886 1606 2045 1675 ἐμὴν

461 1703 830 1772 ἀνάμνησιν
865 1704 1140 1772 ἱερουργεί
1171 1703 1226 1755 δὲ
1261 1702 1416 1755 οὐδὲν
1450 1702 1653 1770 μᾶλλον
1676 1740 1690 1763 ,
1722 1700 1839 1754 ἀλλ’
1870 1701 2042 1754 οἴεται

460 1796 560 1863 τὴν
583 1795 837 1863 διήγησιν
860 1795 1031 1865 αὐτὴν
1053 1794 1162 1847 τῶν
1192 1795 1456 1892 ῥημάτων
1482 1792 1618 1862 πρὸς
1641 1797 1734 1846 τὸν
1765 1792 2040 1862 ἁγιασμὸν
2069 1832 2117 1892 Β

464 1887 558 1938 καὶ
585 1886 687 1957 τὴν
720 1885 1036 1955 ἱερουργίαν
1084 1885 1298 1954 ἀρκεῖν·
1338 1878 1458 1937 εἶτα
1501 1883 1592 1936 τὸν
1637 1883 1847 1952 ἄζυμον
1876 1885 2043 1953 ἄρτον

463 1979 694 2043 ἐκεῖνον,
720 1979 819 2031 οὐκ
855 1977 1342 2046 ἐγκεκαλυμμένον
1368 1975 1528 2041 τέως,
1562 1975 1679 2028 ἀλλ’
1702 1976 1824 2029 ὅθεν
1849 1975 2041 2045 ἔτυχεν
2063 2026 2079 2037 ,

462 2070 606 2125 οὕτω
636 2069 819 2123 λαϐὼν
847 2069 941 2122 καὶ
975 2068 1222 2137 ὐψώσας,
1263 2065 1430 2136 μέρος
1483 2065 1582 2136 μὲν
1629 2067 2037 2136 ἀπορρήγνυσι,

463 2162 559 2216 καὶ
591 2161 667 2230 τῷ
697 2162 944 2230 ποτηρίῳ
969 2158 1248 2229 ὲμὸἀλλει·
1280 2159 1339 2211 τὸ
1372 2158 1430 2210 δὲ
1462 2157 1648 2211 λοιπὸν
1677 2158 1934 2228 καθίησιν
1962 2159 2042 2220 είς

461 2254 524 2308 τδ
577 2252 774 2321 στόμα,
827 2252 921 2305 καὶ
958 2250 1018 2304 τὸ
1063 2249 1330 2320 ποτήριον
1384 2247 1595 2303 ἐκπιὼν
1640 2248 1762 2303 ὅλον
1818 2248 2041 2319 ὁμοίως,

463 2343 809 2409 ἀσπάζεσθαι
865 2341 1028 2396 αὐτὸν
1078 2340 1455 2411 προτρέπεται
1516 2341 1646 2404 τοὺς
1698 2339 2043 2411 συλλειτουρ-

465 2439 700 2507 γοῦντας
749 2437 899 2506 αὐτῷ
933 2436 1242 2498 διακόνους,
1287 2434 1479 2506 μηδενὶ
1527 2434 1697 2505 μηδὲν
1739 2433 2041 2503 μεταδοὺς’,

462 2531 492 2583 ὁ
514 2529 597 2593 τὸ,
627 2529 869 2593 Λάϐετε,
899 2528 1120 2599 φάγετε
1150 2520 1398 2591 πάντες,
1423 2526 1536 2592 καὶ,
1568 2526 1739 2579 "lete
1766 2525 1833 2588 ἐξ
1857 2524 2044 2578 αὑτοῦ

465 2619 709 2687 πάντες,
738 2620 1117 2691 μεγαλαυχῶν.
1150 2620 1338 2673 Ταῦτα
1361 2619 1421 2672 οὐ
1457 2617 1726 2689 πρόδηλον
1759 2619 1918 2689 φέρει
1940 2617 2042 2689 τὴν

463 2711 783 2765 ἐναντίωσιν
832 2712 928 2765 καὶ
970 2710 1106 2782 πρὸς
1153 2712 1253 2773 τὰς
1298 2710 1750 2781 παραδεδομένας
1798 2710 2044 2773 ἐκθέσεις

466 2804 562 2856 καὶ
591 2802 883 2871 ἐξηγήσεις
915 2800 1053 2872 πρὸς
1081 2802 1150 2854 τὰ
1179 2800 1476 2854 δεσποτικὰ
1505 2802 1750 2871 ῥήματα,
1783 2802 1879 2854 καὶ
1908 2802 2045 2870 πρὸς

464 2892 636 2955 αὐτὰς
664 2892 762 2953 τὰς
791 2892 1015 2944 ἐκείνων
1044 2892 1229 2960 φωνάς
1253 2907 1268 2958 ;
1310 2889 1444 2945 Εἶτα
1473 2891 1838 2960 τολμήσουσιν
1872 2889 2045 2954 οὕτως

465 2982 681 3055 ἔχοντες
713 2983 965 3051 ἐγκαλεῖν
1009 2984 1140 3052 ἡμῖν
1184 2983 1280 3037 καὶ
1312 2984 1778 3055 περιεργάζεσθαι
1811 2984 1877 3037 τὰ
1909 2983 2045 3053 ὴμέ-

465 3093 600 3145 τερα
628 3075 724 3127 καὶ
766 3072 1188 3142 ἐφερμηνεύειν,
1222 3073 1397 3135 οὕτως
1423 3075 1692 3128 ἀκόλουθα
1720 3076 1834 3137 τοῖς
1866 3074 2045 3141 ἁγίοις

2146 600 2700 653 commemorationem
2758 615 2772 652 :
2833 607 2945 652 tum
3007 608 3069 653 ut
3135 597 3204 652 ad
3245 594 3603 651 imitationem
3632 594 3723 647 Dei

2146 691 2465 761 compositae
2522 692 2686 758 hujus
2739 690 3172 745 consecrationis
3220 688 3367 758 digni
3426 687 3729 742 elliciamur

2145 784 2373 854 precati.
2439 782 2902 853 quemadmodum
2986 782 3265 837 continent
3331 780 3725 850 expositiones.

2146 878 2489 935 divinlssima
2519 891 2674 931 sacra
2704 875 3048 943 conﬁcimus,
3075 874 3449 929 intercedente
3480 872 3731 926 oratione

2146 981 2309 1041 atque
2359 969 2759 1036 benedictione,
2822 983 3034 1024 necnon
3067 967 3239 1022 divini
3264 966 3500 1036 Spiritus
3545 979 3729 1020 acces-

2146 1067 2320 1122 sione.
2359 1065 2695 1133 interimque
2753 1074 3004 1132 opertum
3056 1077 3256 1132 panem
3317 1069 3371 1117 et
3425 1060 3724 1115 indivisum

2146 1155 2565 1227 patefactumin
2614 1153 2815 1209 multas
2845 1163 3025 1223 partes
3054 1167 3325 1219 secamus,
3378 1159 3435 1206 et
3464 1152 3724 1206 unitatem

2148 1246 2334 1301 calicis
2402 1246 2660 1300 omnibus
2722 1245 3129 1299 distribuimus.
3213 1242 3536 1298 Latinorum
3596 1256 3730 1295 vero

2147 1338 2405 1395 sacerdos
2434 1339 2626 1392 recitat
2656 1346 2711 1391 et
2740 1336 2857 1406 ipse
2889 1334 3173 1389 Dominica
3205 1335 3394 1399 verba,
3432 1333 3577 1403 quod
3612 1332 3729 1401 ipse

2147 1432 2491 1503 praeceperit,
2540 1430 2797 1497 Accipite,
2852 1427 3131 1491 comedite,
3189 1434 3238 1479 et
3284 1425 3444 1478 bibite
3503 1437 3728 1476 omnes:

2147 1536 2222 1592 et,
2262 1525 2374 1580 Hoc
2399 1526 2561 1593 facite
2590 1525 2645 1577 in
2669 1539 2839 1577 meam
2891 1522 3482 1583 commemorationem;
3541 1533 3729 1571 verum

2147 1614 2321 1668 nihilo
2349 1613 2523 1683 magis
2545 1620 2854 1676 consecrat,
2875 1610 2970 1666 sed
3018 1611 3313 1665 arbitratur
3342 1609 3722 1663 recitationem

2148 1704 2291 1760 hanc
2321 1705 2610 1759 verborum
2641 1702 2710 1757 ad
2765 1685 3256 1757 sanctificationem
3324 1707 3379 1753 et
3433 1711 3731 1753 consecra-

2149 1798 2349 1852 tionem
2371 1796 2634 1851 sulIicere.
2652 1794 2857 1849 Deinde
2874 1793 3316 1849 infermentatum
3334 1806 3530 1860 panem
3552 1791 3729 1855 illum,

2151 1904 2260 1945 non
2289 1896 2540 1953 opertum
2583 1886 2959 1951 interim,'sed
3022 1887 3389 1953 undecunque
3437 1883 3733 1952 contigerit

2153 1985 2225 2037 ita
2263 1989 2478 2044 nactus,
2510 1980 2603 2035 ubi
2648 1978 2979 2042 sublevavit,
3010 1985 3219 2045 partem
3252 1976 3475 2046 quidem
3503 1974 3729 2043 frangit,

2150 2072 2277 2127 etin
2300 2072 2523 2127 calicem
2569 2069 2749 2138 injicit
2782 2087 2795 2123 :
2830 2070 2977 2139 quod
3043 2069 3316 2137 reliquum
3353 2075 3438 2122 est
3465 2066 3518 2119 in
3552 2079 3613 2119 os
3638 2065 3733 2118 dc-

2152 2164 2338 2231 niittit,
2366 2172 2421 2219 et
2452 2173 2566 2220 toto
2595 2163 2769 2219 calice
2814 2162 3022 2232 pariter
3068 2170 3252 2231 epoto,
3295 2169 3356 2215 ut
3384 2174 3444 2215 se
3495 2158 3734 2214 salutent

2150 2258 2473 2313 adhortatur
2505 2257 2596 2327 qui
2625 2270 2749 2310 cum
2793 2269 2858 2311 eo
2920 2253 3232 2309 ministrant
3255 2250 3493 2315 diaconi,
3524 2246 3732 2304 nemini

2150 2350 2449 2422 quidquam
2484 2347 2816 2417 impartitus,
2867 2344 2962 2414 qui
3021 2344 3127 2399 hoc
3184 2342 3451 2414 gloriatur
3515 2337 3732 2394 Domini

2150 2442 2337 2505 verbo,
2368 2439 2619 2508 Accipite,
2653 2438 2913 2493 comedite
2934 2453 3137 2503 omnes,
3161 2446 3211 2490 et
3260 2435 3419 2489 bibite
3443 2449 3507 2489 ea:
3528 2449 3588 2487 eo
3610 2447 3731 2486 om-

2151 2548 2265 2587 nes.
2297 2528 2424 2585 Haec
2447 2530 2876 2596 manifestamne
2944 2526 3236 2598 proferunt
3285 2525 3728 2581 contrarietatem

2152 2624 2219 2680 iis
2243 2639 2364 2694 quae
2387 2624 2544 2679 nobis
2571 2621 2784 2678 traditae
2818 2632 2945 2677 sunt
2989 2620 3335 2690 liturgiarum
3376 2616 3734 2687 expositioni-

2151 2714 2275 2779 bus,
2308 2722 2363 2768 et
2391 2712 2570 2768 verbis
2605 2711 2925 2775 Dominicis,
2976 2719 3031 2765 et
3062 2710 3196 2781 ipsis
3246 2709 3473 2763 vocibus
3530 2706 3732 2776 quibus

2151 2806 2415 2861 utuntur?
2444 2802 2758 2859 Scilicetita
2789 2803 3086 2859 sentientes
3126 2802 3284 2855 nobis
3324 2800 3456 2854 vitio
3523 2808 3732 2852 vertere

2151 2898 2448 2961 audebunt,
2485 2906 2539 2952 et
2590 2907 2808 2953 nostros
2869 2896 3010 2949 ritus
3086 2892 3357 2950 curiosius
3407 2892 3737 2960 investigare

2153 3003 2317 3060 atque
2344 2989 2717 3058 interpretari,
2751 3004 2873 3057 qua:
2899 2987 3108 3043 sanctis
3144 2986 3397 3039 Patribus
3444 2998 3549 3039 tam
3605 2990 3733 3039 sunt

2154 3081 2567 3137 consentanea?
2615 3080 2686 3133 At
2750 3080 3178 3149 Chrysostomus
3233 3077 3331 3142 ait,
3388 3075 3731 3129 Dominicum

465 3168 631 3233 ὄντας
671 3163 816 3218 Ἀλλ’
848 3166 874 3217 ὁ
895 3165 1287 3234 Χρυσόστομός
1321 3183 1456 3234 φησι
1486 3165 1577 3219 τὸν
1606 3166 1925 3219 δεσποτικὸν
1954 3166 2043 3218 λό-

2152 3174 2375 3228 verbum
2434 3172 2601 3228 semel
2643 3172 2848 3226 dictum
2909 3172 3244 3227 sacriticium
3295 3178 3732 3225 consummatum

465 3277 563 3329 γον
600 3258 747 3323 ama
805 3257 1038 3327 ρηθέντα
1114 3257 1214 3325 τὴν
1254 3257 1447 3310 θυσίαν
1482 3256 1902 3327 ἀπηρτισμένην
1952 3256 2046 3325 ἐρ-

465 3351 770 3420 γάζεσθαι·
829 3348 977 3415 ἄπαξ
1029 3348 1263 3419 ρηθέντα
1324 3350 1493 3418 φησιν
1536 3350 1595 3401 οὐ
1652 3348 1748 3401 νῦν
1800 3348 1905 3401 ὑπὸ
1951 3348 2045 3402 τοῦ

468 3444 658 3512 ἱερέως
704 3442 1023 3510 λεγόμενον,
1052 3440 1168 3492 ἀλλ’
1202 3439 1350 3505 ἅπαξ
1379 3440 1484 3494 ὑπὸ
1531 3440 1626 3492 τοῦ
1668 3440 1919 3510 Σωτῆρος
1950 3441 2048 3510 ῥη-

469 3533 657 3597 θέντα,
716 3532 816 3601 τὴν
860 3528 1215 3598 τελειωτικὴν
1268 3530 1355 3582 ἀεὶ
1407 3528 1638 3599 δύναμιν
1680 3531 1882 3582 ἐνιέναι
1936 3532 2049 3592 τοῖς

469 3624 874 3695 προκειμένοις,
910 3621 1011 3674 οὐκ
1039 3621 1139 3692 ήδη
1178 3622 1271 3674 καὶ
1301 3622 1559 3691 ἐνεργείᾳ
1588 3620 1832 3673 τελειοῦν
1867 3620 2010 3684 αὑτᾶ
2030 3636 2046 3655 ο

469 3717 630 3771 τοῦτο
660 3717 770 3786 γὰρ
803 3716 836 3785 ἡ
864 3713 958 3767 τοῦ
984 3714 1145 3782 ἁγίου
1170 3713 1491 3782 Πνεῦματος
1512 3713 1860 3780 ἐπιφοίτησις
1885 3712 2050 3782 ἐργά-

472 3810 625 3874 ζεται
649 3808 739 3861 διὰ
768 3807 869 3877 τῆς
898 3805 991 3861 τοῦ
1028 3806 1240 3876 ἱερέως,
1276 3806 1372 3858 καὶ
1399 3804 1556 3874 δῆλον
1602 3802 1660 3867 ἐξ
1706 3798 1781 3859 ὧν
1827 3804 1989 3866 αὐτὸς
2022 3805 2049 3856 ὁ

472 3896 710 3974 χρυσοῦς
731 3899 832 3970 τὴν
853 3898 1123 3968 γλῶτταν,
1152 3898 1229 3961 ὡς
1260 3897 1530 3968 πρότερον
1560 3894 1880 3964 ὲξεθέμεθα,
1911 3897 2050 3964 μετὰ

473 3997 535 4049 τὸ
578 3994 756 4046 εἰπεῖν
809 3991 880 4044 τὰ
925 3990 1228 4044 δεσποτικὰ
1287 3990 1535 4058 ῥήματα,
1572 4007 1590 4039 ι
1633 3988 2047 4058 Κατάπεμψον,

474 4084 632 4155 φησι,
665 4081 728 4136 τὸ
758 4079 985 4150 Πνεῦμα
1021 4096 1116 4132 σου
1143 4080 1203 4132 τὸ
1228 4078 1408 4146 ἄγιον,
1450 4079 1547 4132 καὶ
1576 4078 1804 4145 ποίησον
1833 4078 1924 4131 τὸν
1943 4075 2051 4148 μὲν

474 4176 641 4245 ἄρτον
685 4173 877 4226 τοῦτον
905 4170 1090 4242 τίμιον
1124 4170 1285 4240 σῶμα
1324 4169 1421 4222 τοῦ
1465 4169 1703 4237 Χριστοῦ
1740 4187 1856 4235 σου,
1906 4170 1965 4223 τὸ
1996 4169 2052 4223 δὲ

475 4266 535 4318 ὲν
564 4264 643 4333 τῷ
671 4263 921 4333 ποτηρίῳ
953 4260 1129 4330 τούτῳ
1157 4259 1340 4330 τίμιον
1360 4254 1500 4329 αἷμα
1534 4260 1625 4311 τοῦ
1652 4258 1894 4331 Χριστοῦ
1932 4277 2050 4327 σου,

478 4354 798 4426 μεταϐαλὼν
832 4354 909 4425 τῷ
955 4352 1237 4423 Πνεῦματί
1269 4369 1364 4405 σου
1409 4352 1487 4421 τῷ
1530 4351 1694 4423 ἁγίῳ.
1726 4371 1744 4404 ι
1783 4354 1968 4408 Ταῦτα
2003 4356 2052 4408 εί

479 4447 555 4517 μὴ
584 4447 834 4502 πείθουσι
864 4448 991 4511 τοὺς
1022 4446 1343 4517 φιλονείκως
1387 4444 1635 4516 ἔχοντας,
1681 4446 1950 4500 ἐλεεῖσθαι
1985 4446 2053 4501 ἂν

475 4534 589 4594 εἶεν
626 4539 827 4594 δίκαιοι
860 4540 959 4611 τῆς
989 4539 1187 4611 διπλῆς
1217 4540 1468 4609 ἀγνοίας,
1515 4539 1613 4593 καὶ
1642 4538 1740 4610 τῆς
1769 4539 1851 4604 τις
1885 4537 2050 4611 βάθος

476 4629 815 4697 πωρώσεως.
1846 4639 1856 4648 ’

2150 3264 2382 3319 edicere.
2417 3263 2599 3318 Semel
2628 3262 2837 3317 dictum
2868 3262 3066 3331 inquit,
3130 3274 3236 3314 non
3291 3260 3437 3329 quod
3504 3275 3651 3313 nunc
3702 3273 3733 3310 α

2153 3356 2434 3411 sacerdote
2480 3355 2702 3417 dicitur,
2745 3355 2838 3408 sed
2867 3354 3011 3418 quod
3050 3352 3220 3407 semel
3251 3368 3281 3407 a
3332 3350 3621 3406 Servatore
3655 3350 3736 3404 di-

2150 3460 2295 3505 ctum
2342 3458 2441 3514 est,
2469 3446 2844 3518 perlectricem
2887 3447 3179 3501 immittere
3228 3444 3517 3513 propositis
3572 3442 3733 3498 donis

2151 3544 2261 3594 vim
2316 3552 2482 3609 atque
2542 3541 2864 3610 petentiam,
2922 3554 3032 3593 non
3073 3539 3199 3594 item
3227 3548 3281 3594 et
3308 3545 3431 3591 actu
3465 3552 3526 3590 ea
3558 3535 3734 3604 perﬁ-

2151 3648 2312 3701 cere;
2355 3635 2457 3688 hoc
2480 3634 2625 3689 enim
2660 3635 2831 3689 sancti
2860 3634 3098 3704 Spiritus
3121 3632 3390 3687 adventus
3423 3647 3517 3700 per
3548 3647 3729 3686 sacer-

2152 3722 2295 3776 dotis
2320 3724 2629 3776 orationem
2683 3722 2868 3788 emcit,
2902 3724 3064 3793 idque
3088 3722 3436 3792 perspicuum
3462 3734 3546 3777 est
3570 3738 3635 3777 ex
3662 3723 3730 3779 iis

2153 3830 2272 3882 quae
2305 3815 2752 3883 Chrysostomus,
2784 3815 3011 3883 utprius
3031 3816 3405 3886 exposuimus.
3438 3826 3729 3886 postquam

2153 3905 2435 3959 Dominica
2497 3905 2658 3960 verba
2716 3908 2934 3961 recitata
3002 3917 3129 3962 sunt
3180 3924 3194 3961 :
3244 3924 3262 3959 ι
3296 3908 3497 3973 Mittas,
3533 3910 3732 3977 inquit,

2156 3997 2419 4067 Spiritum
2452 4004 2603 4050 tuum
2634 4006 2905 4062 sanctum,
2937 4006 2989 4051 et
3014 3997 3095 4052 lac
3114 4012 3305 4066 panem
3328 3999 3489 4053 istum
3510 4001 3730 4068 quidem

2153 4091 2451 4160 pretiosum
2482 4105 2682 4158 corpus
2716 4089 2915 4145 Christi
2947 4090 3051 4153 tui,
3103 4100 3155 4144 et
3189 4092 3336 4160 quod
3360 4102 3442 4145 est
3468 4092 3519 4144 in
3562 4092 3730 4146 calice

2154 4179 2262 4235 isto
2320 4180 2618 4249 pretiosum
2648 4178 2968 4249 sanguinem
3003 4178 3211 4233 Christi
3255 4180 3352 4243 tui,
3413 4189 3732 4249 permutans

2158 4280 2349 4326 sancto
2377 4268 2583 4339 Spiritu
2621 4280 2733 4323 tuo.
2760 4288 2779 4320 ι
2817 4269 2942 4324 Haec
2972 4270 3076 4324 nisi
3123 4272 3485 4339 persuadeant
3514 4288 3608 4327 eos
3635 4274 3731 4341 qui

2158 4362 2481 4418 contentiosi
2540 4370 2690 4427 sunt,
2724 4361 2759 4413 ii
2830 4361 3126 4415 miserandi
3186 4364 3379 4415 merito
3469 4365 3730 4418 censendi

2157 4462 2306 4517 sunt,
2342 4464 2452 4506 tum
2489 4454 2635 4523 quod
2691 4452 2995 4520 ignorantia
3053 4452 3255 4522 duplici
3305 4456 3615 4519 teneantur,
3676 4464 3733 4508 et

2157 4546 2520 4603 excaecatione
2542 4544 2833 4615 profunda.
