4152 6280
531 392 675 456 1095

1529 382 1768 442 MARCI
1798 382 2113 442 EPIIESII
2149 375 2726 441 METROPOLITIE

3651 362 3796 427 1096

529 501 792 555 honorem
832 499 887 553 in
936 497 1099 552 rebus
1153 495 1412 551 inanibus
1474 504 1740 566 occupata
1843 493 2106 550 detines?

2233 495 2311 548 ιαὶ
2343 492 2626 562 φιλότιμον
2664 493 2720 544 έν
2758 489 2869 551 τοῖς
2905 485 3154 558 ματαίοις
3185 482 3554 550 ἀπασχολεῖς;
3616 482 3808 551 Μέχρι

538 592 828 660 Usquequo
877 589 1116 644 somnia?
1143 587 1452 657 Aliquando
1471 588 1669 642 veritas
1700 587 1941 642 tibicura
1981 586 2103 642 erit.

535 683 679 752 Fuge
709 681 1000 750 Egyptnm
1063 680 1348 736 irreversis
1388 679 1585 744 oculis,
1653 679 1774 746 fuge
1815 679 2106 734 Sodomam

532 785 586 828 et
630 755 1036 830 Gomorrham!
1100 768 1268 824 Serva
1330 780 1380 824 te
1443 770 1496 824 in
1555 779 1765 833 tuente,
1822 783 1889 822 ne
1945 767 2107 823 simul

537 862 1001 930 deprehenderis!
1042 862 1264 927 _Verum
1326 861 1615 929 occupavit
1651 870 1700 915 te
1752 859 1935 913 inanis
2000 858 2113 929 glo-

537 956 670 1009 riola
696 963 750 1008 et
786 956 1082 1008 mendaces
1110 952 1312 1007 divitiae
1338 961 1392 1006 et
1440 962 1670 1020 comptae
1701 951 2114 1022 splendideque

537 1055 724 1100 vestes
757 1055 811 1099 et
844 1046 950 1100 alia
973 1044 1172 1115 quibus
1206 1044 1367 1112 hujus
1398 1045 1582 1098 mundi
1616 1043 1849 1099 felicitas
1873 1045 2112 1098 fulcitur.

539 1137 683 1200 lleu,
726 1137 829 1190 heu
873 1151 982 1188 non
1033 1134 1463 1205 philosophicam
1507 1135 1808 1204 philosophi
1842 1135 2114 1189 mentem!

540 1229 771 1296 Respice
805 1227 1022 1296 penitus
1048 1242 1164 1290 eos,
1197 1227 1290 1295 qui
1324 1239 1453 1281 ante
1484 1236 1537 1282 te
1592 1227 1862 1281 similibus
1892 1225 2115 1302 honori-

542 1320 648 1374 bus
678 1319 889 1388 probati
922 1319 1167 1372 fuerunt.
1203 1318 1338 1372 Cras
1369 1317 1668 1372 descendes
1697 1327 1754 1372 tu
1799 1331 2016 1386 quoque
2052 1319 2121 1368 ad

542 1413 770 1476 inferos,
816 1410 1028 1464 relictis
1093 1411 1348 1465 omnibus
1399 1425 1564 1479 super
1629 1419 1880 1473 terram;
1939 1423 2120 1461 rerum

542 1517 674 1556 vero
706 1517 736 1554 a
770 1510 820 1555 te
847 1512 1123 1570 gestarum
1160 1501 1508 1556 exactissima
1543 1501 1684 1553 ratio
1709 1514 1738 1551 a
1780 1506 1832 1553 te
1866 1507 2124 1566 expostu-

544 1588 768 1657 labitur,
822 1591 1284 1658 quemadmodum
1351 1605 1379 1642 a
1444 1589 1564 1642 falsi
1625 1589 1866 1642 nominis
1919 1587 2126 1658 synodo

545 1681 989 1748 expostulabitur
1041 1681 1267 1748 sanguis
1324 1679 1730 1748 deperditarum
1790 1679 2123 1740 animarum,

546 1785 740 1826 eorum
769 1771 1208 1842 quiscandalum
1241 1775 1388 1842 passi
1431 1783 1560 1826 sunt
1597 1773 1650 1826 in
1685 1773 1944 1841 mysterio
1973 1771 2126 1836 fidei,

2210 583 2313 637 ποῦ
2351 581 2418 636 τὰ
2453 580 2721 645 ἐνύπνια;
2761 579 2874 631 Καὶ
2907 578 2940 644 ἡ
2981 574 3206 640 ἀλήθειά
3234 589 3362 625 ποτε
3409 569 3809 638 σπουδασθήτω

2211 690 2320 728 σοι.
2350 671 2522 740 Φεῦγε
2571 670 2844 738 Αἴγυπτον
2894 666 3330 735 ἀμεταστρεπτὶ,
3361 661 3532 732 φεῦγε
3585 662 3807 727 Σόδομα

2213 769 2301 819 καί
2338 765 2626 835 Γόμορρα·
2663 760 2794 830 πρὸς
2825 759 2886 811 τὸ
2919 759 3042 827 ὅρος
3078 755 3277 821 σώζου,
3316 757 3389 826 μὴ
3429 755 3812 823 συμπαραλη-

2214 857 2352 927 φθῇς
2374 856 2508 926 (9.7).
2541 854 2697 908 ’Δλλά
2720 853 2940 920 κατέχει
2959 851 3070 919 (28)
3088 867 3146 902 σε
3165 849 3225 902 τὸ
3251 849 3405 901 κενὸν
3428 847 3540 918 (ἳο)
3557 847 3815 915 δοξάριον

2216 951 2310 1005 καὶ
2333 953 2360 1003 6
2388 947 2742 1020 ψευδώνυμος
2772 944 3000 1007 πλοῦτος
3034 946 3130 997 καὶ
3165 943 3234 996 τά
3258 942 3447 1011 κομψά
3481 943 3576 994 καὶ
3603 938 3818 1008 εὐανθῆ

2217 1041 2554 1113 χλανισκίδια
2577 1038 2692 1109 (50)
2725 1037 2821 1091 καὶ
2847 1037 3040 1102 τάλλα,
3087 1031 3166 1098 οἷς
3199 1035 3233 1102 ἡ
3271 1033 3510 1104 κοσμικὴ
3539 1033 3823 1103 εὐημερία

2217 1136 2317 1204 τὴν
2358 1134 2617 1186 σύστασιν
2665 1131 2799 1198 ἔχει.
2853 1128 2958 1181 Φεῦ
3010 1127 3110 1196 τῆς
3165 1127 3502 1194 ἀφιλοσόφου
3569 1124 3820 1185 διανοίας

2220 1227 2314 1280 τοῦ
2340 1223 2666 1293 φιλοσόφουι
2702 1220 3034 1291 Περίόλεψον
3057 1219 3172 1288 (51)
3197 1218 3320 1280 τοὺς
3354 1218 3461 1286 πρὸ
3492 1216 3605 1285 (52)
3629 1215 3723 1268 σοῦ
3755 1217 3820 1267 ὲν
3871 1289 3877 1297 ι

2221 1319 2339 1379 ταῖς
2371 1316 2582 1385 ὁμοίαις
2616 1313 2990 1384 περιφανείαις
3021 1309 3432 1388 ὲξετασθέντας.
3454 1307 3662 1377 Λῦριον
3717 1325 3826 1359 κα-

2223 1411 2439 1478 ταῦήσῃ
2490 1406 2601 1477 (55)
2631 1405 2728 1458 καὶ
2769 1405 2932 1466 αὐτὸς
2965 1406 3044 1468 είς
3079 1403 3230 1474 ᾅδου,
3255 1402 3435 1454 πάντα
3495 1399 3822 1454 καταλιπὼν

2227 1499 2367 1567 ὑπὲρ
2389 1498 2487 1565 τῆς
2504 1496 2613 1566 (54)
2636 1495 2741 1564 γῆς
2759 1508 2776 1527 ⁹
2812 1495 2901 1547 τὸν
2923 1494 3035 1564 (55)
3061 1495 3115 1546 δὲ
3157 1494 3265 1546 τῶν
3293 1491 3640 1561 βεϐιωμένων
3657 1490 3823 1556 λόγον

2228 1588 2580 1659 ἀπαιτηθήσῃ
2616 1589 2754 1657 μετά
2790 1585 2991 1652 πολλῆς
3049 1583 3356 1653 ἀκριϐείας,
3400 1582 3592 1651 ὥσπερ
3625 1581 3740 1650 (56)
3785 1581 3823 1648 ἡ

2227 1680 2580 1748 ψευδώνυμος
2636 1678 2852 1740 σύνοδος
2905 1677 3348 1747 ἀπαιτηθήσεται
3387 1675 3447 1726 τὸ
3509 1668 3648 1742 αἷμα
3705 1673 3825 1724 τῶν

2232 1772 2622 1840 ἀπολλυμένων
2661 1770 2854 1840 ψυχῶν
2891 1769 3002 1822 τῶν
3058 1767 3557 1821 σκανδαλισθὲντων
3594 1766 3688 1816 ἐπὶ
3732 1763 3819 1832 τῷ

547 1865 642 1933 qui
708 1865 1102 1934 blasphemiam
1180 1865 1578 1920 intolerabilem
1636 1858 1894 1934 nullaque
1963 1865 2124 1918 venia

2233 1863 2522 1934 μυστηρίῳ
2551 1861 2651 1931 τῆς
2685 1862 2946 1926 πίστεως,
2974 1861 3086 1912 τῶν
3134 1859 3233 1928 τὴν
3268 1858 3544 1928 ἀφόρητον
3571 1855 3825 1926 βλασφη-

546 1955 766 2025 dignatn
795 1958 996 2010 animis
1035 1957 1150 2011 suis
1197 1967 1550 2025 exceperunt,
1617 1972 1744 2026 quae
1793 1967 1876 2012 est
1936 1965 2128 2012 contra

548 2047 814 2116 Spiritum
847 2057 1125 2112 sanctum,
1162 2057 1216 2102 et
1243 2047 1295 2102 in
1327 2049 1436 2103 duo
1471 2048 1684 2102 referre
1717 2047 1981 2117 principia
2012 2047 2132 2117 ejus

547 2141 928 2196 exsistentiam
964 2140 1192 2205 audent,
1221 2154 1430 2204 eorum,
1452 2139 1544 2210 qui
1575 2138 1633 2193 iu
1663 2138 1858 2208 impias
1885 2149 1939 2194 et
1968 2139 2134 2209 perri-

548 2232 760 2287 diculas
823 2229 1146 2285 Latinorum
1209 2232 1640 2286 consuetudines
1719 2231 1900 2286 abacti
1977 2241 2129 2296 sunt,

547 2337 762 2388 eorum,
801 2323 894 2393 qui
927 2322 1338 2378 maledictiones
1366 2331 1422 2377 et
1478 2323 1830 2377 anathemata
1861 2323 2132 2378 innovatae

548 2411 674 2467 ﬁdei
700 2412 754 2466 in
785 2427 884 2466 sua
917 2412 1165 2480 ipsorum
1239 2409 1421 2480 capita
1473 2418 1836 2463 attraxerunt.
1865 2425 1884 2459 ι
1912 2407 2020 2463 Sed
2075 2408 2131 2462 in

548 2499 1025 2557 confirmationem
1077 2508 1132 2555 et
1189 2511 1542 2568 augmentum
1601 2501 1818 2568 generis
1869 2500 2135 2572 (nationis

551 2592 774 2661 nostrae)
797 2590 978 2646 futura
1005 2592 1234 2646 estunio
1260 2591 1327 2645 ab
1349 2590 1556 2646 eisdem
1577 2590 1743 2645 facta.
1776 2589 1874 2644 »Ει
1900 2591 2136 2644 maxime

549 2696 702 2737 vero.
737 2680 924 2735 Nonne
956 2680 1104 2736 vides
1133 2679 1330 2735 Crucis
1359 2681 1548 2736 hostes
1579 2680 1633 2734 in
1672 2678 1854 2749 fugam
1908 2694 2136 2735 conver-

552 2789 666 2836 sos,
699 2786 982 2842 unumque
1014 2786 1044 2826 e
1078 2773 1282 2827 nostris
1325 2771 1474 2826 mille
1531 2773 1883 2840 dissipantem
1913 2783 1965 2826 et
1995 2771 2136 2829 duos

554 2865 741 2918 decem
771 2864 938 2918 millia
994 2864 1412 2932 dispergentes?
1461 2862 1852 2918 Verumtamen
1912 2872 2136 2918 contra-

555 2953 701 3006 rium
724 2952 1067 3022 respicimus.
1102 2950 1216 3005 Nisi
1242 2952 1504 3005 Dominus
1519 2952 1866 3007 aedificaverit
1891 2963 2134 3008 nostrum

2238 1957 2364 2026 μίαν
2389 1957 2483 2009 καὶ
2502 1955 2892 2024 ἀσυγχώρητον
2905 1955 3024 2016 ταῖς
3046 1953 3245 2022 ψυχαῖς
3270 1950 3687 2017 ὑποδεξαμένων
3705 1947 3826 2015 (57)

2235 2049 2337 2117 τὴν
2364 2046 2506 2101 κατὰ
2531 2047 2625 2099 τοῦ
2655 2047 2815 2115 ἁγίου
2848 2044 3165 2114 Πνεύματος
3208 2045 3300 2097 καὶ
3342 2044 3422 2106 είς
3451 2043 3544 2095 δύο
3575 2041 3826 2110 τολμών-

2233 2156 2342 2193 των
2371 2139 2546 2209 ἀρχάς
2592 2139 2886 2209 ἀναφέρειν
2915 2137 3016 2209 τὴν
3059 2135 3226 2189 αὑτοῦ
3251 2135 3507 2206 ὕπαρξιν,
3543 2135 3652 2188 τῶν
3676 2135 3828 2187 ὑπα-

2235 2232 2474 2302 χθέντων
2503 2233 2615 2294 τοῖς
2645 2231 2906 2300 ἀθέσμοις
2932 2230 3027 2283 καὶ
3067 2228 3498 2297 καταγελάστοις
3519 2229 3828 2290 λατινικοῖς

2235 2323 2406 2386 ἔθεσι,
2436 2320 2544 2374 τῶν
2575 2321 2675 2382 τάς
2697 2320 2838 2391 ἀρὰς
2873 2321 2968 2373 καὶ
2989 2321 3059 2373 τά
3091 2321 3412 2390 ἀναθέματα
3441 2321 3539 2389 τῆς
3568 2337 3826 2372 καινοτο-

2240 2414 2368 2482 μίας
2403 2415 2501 2481 τῆς
2531 2413 2766 2476 πίστεως
2796 2413 2888 2466 ἰπὶ
2921 2413 3020 2476 τὰς
3049 2413 3260 2467 ἑαυτῶν
3293 2413 3532 2482 κεφαλάς
3560 2412 3832 2466 έλκυσάν-

2236 2520 2366 2558 των.
2426 2503 2568 2558 Ἀλλ’
2596 2506 2676 2567 είς
2731 2504 2994 2558 σύστασιν
3047 2504 3201 2559 ἔσται
3250 2505 3340 2558 τοῦ
3381 2507 3570 2573 γένους
3620 2507 3716 2558 καὶ
3750 2507 3834 2568 εἰς

2239 2596 2483 2648 ἐπίδοσιν
2537 2597 2570 2666 ἡ
2619 2597 2884 2666 γενομένη
2920 2596 3050 2666 παρ’
3083 2596 3262 2652 αὐτῶν
3299 2597 3513 2660 ένωσις.
3548 2597 3696 2649 Πάνυ
3732 2599 3834 2665 μὲν

2238 2687 2354 2743 οὖν.
2370 2691 2483 2759 Οὐχ
2499 2691 2632 2759 ὁρᾷς
2650 2690 2774 2752 τοὺς
2794 2689 3021 2759 ἐχθροὺς
3043 2689 3136 2743 τοῦ
3159 2689 3396 2759 σταυροῦ
3421 2689 3721 2758 φεύγοντας
3739 2689 3835 2743 καὶ

2240 2782 2338 2835 ἕνα
2359 2782 2516 2850 ἡμῶν
2549 2781 2753 2849 χιλίους
2783 2781 3046 2834 διώκοντα
3071 2786 3167 2834 καὶ
3191 2781 3282 2834 δύο
3307 2783 3575 2852 μυριάδας
3602 2798 3778 2852 μετακ
3790 2797 3836 2834 t-

2239 2873 2460 2934 νοῦντας
2488 2873 2600 2942 (58)
2625 2887 2639 2937 ;
2669 2872 2990 2925 Τούναντίον
3016 2873 3113 2941 μὲν
3156 2869 3252 2926 οὖν
3275 2872 3420 2926 ἅπαν
3449 2872 3562 2942 (59)
3588 2873 3837 2943 ὁρῶμεν.

2252 2961 2378 3013 Ἐάν
2411 2962 2486 3031 μὴ
2515 2961 2716 3029 Κύριος
2738 2961 3068 3032 οἰκοδομήσῃ
3095 2962 3195 3030 τὴν
3223 2964 3498 3032 ἡμετέραν
3534 2963 3726 3032 ἀρχὴν,
3752 2963 3838 3024 εξς

555 3041 872 3110 imperium,
901 3041 1103 3095 frustra
1130 3040 1378 3094 laborant
1415 3041 1505 3110 qui
1539 3040 1809 3095 aedificant
1836 3041 2002 3107 illud;
2034 3042 2131 3097 nisi

2244 3055 2418 3126 μάτην
2469 3054 2770 3108 ὲκοπίασαν
2821 3054 2873 3108 oi
2902 3053 3306 3123 οἰκοδομοῦντες
3335 3071 3349 3085 ο
3381 3057 3475 3108 ἐάν
3510 3055 3584 3124 μὴ
3629 3053 3838 3122 Κύριος

556 3129 822 3187 Dominus
883 3131 1206 3186 custodierit
1258 3139 1504 3186 nostram
1573 3132 1868 3200 civitatem,
1932 3132 2131 3188 frustra

2244 3145 2458 3216 φυλάξῃ
2488 3146 2587 3214 τὴν
2616 3147 2894 3216 ἡμετέραν
2934 3146 3115 3208 πόλιν,
3147 3146 3229 3207 είς
3252 3146 3432 3216 μάτην
3463 3146 3835 3214 ἠγρύπνησαν

557 3224 801 3294 vigilant,
829 3224 920 3294 qui
954 3221 1112 3294 Papae
1139 3225 1382 3278 nummis
1412 3224 1595 3279 aureis
1636 3239 1755 3279 eam
1789 3225 2131 3280 custodiunt.

2247 3202 2295 3291 ἐι
2329 3202 2556 3291 marcet}
2585 3202 2827 3307 χρισιωζ,
2845 3237 2958 3308 (ιο)
2976 3240 3071 3291 τοῦ
3102 3202 3266 3292 in...
3286 3202 3496 3308 ταοὶηᾷ
3511 3202 3838 3306 ’ᾠυλάσὲςονσ

556 3316 725 3386 lgitur
770 3315 857 3370 eia
901 3330 998 3387 age
1057 3331 1204 3370 nunc
1259 3318 1516 3384 temporis
1573 3327 1744 3372 totum
1796 3320 2138 3388 temetipsum

559 3418 892 3465 transmula.
932 3410 1066 3464 Sine
1120 3418 1365 3462 mortuos
1419 3409 1653 3479 sepelire
1680 3421 1927 3466 mortuos
1985 3427 2137 3467 suos.

559 3499 693 3565 Qua:
742 3498 975 3553 Caesaris
1018 3508 1169 3563 sunt,
1235 3498 1481 3568 relinque
1532 3498 1754 3554 Cmsari.
1791 3498 1974 3556 Redde
2031 3501 2141 3556 Deo

559 3591 799 3643 animum
843 3588 910 3643 ab
949 3603 1014 3643 eo
1045 3595 1284 3643 creatam
1319 3599 1371 3643 et
1409 3588 1965 3646 adornatam.'Mente
1990 3608 2147 3647 reco-

558 3686 692 3754 g;ta,
717 3692 1042 3752 quantorum
1065 3682 1136 3737 illi
1169 3683 1380 3737 debitor
1415 3684 1670 3751 exsistas,
1699 3684 1862 3740 redde
1907 3686 2145 3740 retribu-

561 3775 792 3829 tionem.
830 3773 969 3829 Vere
1004 3789 1172 3830 exoro
1205 3785 1280 3841 te,
1335 3777 1668 3831 amicissime
1712 3787 1766 3832 et
1813 3777 2147 3840 doctissime,

563 3866 648 3921 l'ae
677 3878 735 3921 ut
763 3867 831 3922 de
863 3876 914 3920 te
953 3867 1217 3937 gaudeam
1254 3870 1536 3933 ;concede
1594 3871 1752 3935 mihi,
1817 3879 1874 3923 ut
1916 3871 2146 3941 gloriam

564 3955 674 4010 Deo
707 3956 960 4022 referam,
997 3957 1167 4026 quite
1225 3966 1514 4014 conservet
1542 3959 1613 4014 ab
1673 3961 1936 4016 universa
2004 3977 2146 4017 noxa

561 4046 915 4103 incolumem.

647 4137 878 4193 llumilis
934 4140 1274 4210 metropolita
1325 4140 1524 4210 Ephesi
1575 4150 1629 4197 et
1674 4144 1945 4200 universre
2008 4148 2150 4204 Asiae

564 4229 807 4286 Marcus.

2246 3348 2359 3395 τες.
2402 3331 2560 3384 Ἀλλὰ
2591 3331 2750 3401 δεῦρο
2770 3331 2956 3384 λοιπὸν
2989 3333 3108 3384 ὅλον
3153 3331 3376 3383 σεαυτὸν
3407 3331 3642 3401 μετάθες
3661 3333 3753 3384 ἐπὶ
3774 3333 3840 3384 τὸ

2249 3422 2346 3476 νῦν
2375 3424 2488 3493 (41)
2513 3439 2526 3453 ·
2548 3423 2683 3492 ἄφες
2718 3425 2840 3485 τοὺς
2861 3424 3085 3492 νεκροὺς
3105 3422 3331 3476 θάπτειν
3352 3424 3480 3486 τοὺς
3509 3423 3716 3475 ἑαυτῶν
3750 3440 3840 3476 νε·

2249 3515 2413 3582 κρούς
2438 3530 2453 3546 ο
2484 3514 2618 3583 ἄφες
2641 3517 2710 3568 τά
2740 3514 3017 3585 Καίσαρος
3052 3514 3326 3584 Καίσαρι·
3358 3514 3446 3578 δὸς
3476 3515 3553 3585 τῷ
3575 3515 3694 3584 Θεῷ
3736 3515 3841 3586 τὴν

2251 3604 2381 3675 παρ’
2427 3605 2594 3659 αὐτοῦ
2625 3605 2941 3659 κτισθεῖσαν
2975 3609 3071 3659 καὶ
3109 3607 3477 3678 κοσμηθεῖσαν
3498 3609 3697 3678 ψυχήν.
3717 3608 3841 3661 Ἐν-

2250 3697 2465 3766 νόησον,
2489 3699 2628 3750 ὅσων
2660 3698 2772 3768 (42)
2802 3699 3084 3770 ὀφειλέτης
3108 3701 3256 3770 αὑτῷ
3279 3702 3565 3771 τυγχάνεις
3586 3717 3600 3731 ·
3636 3701 3842 3761 ἀπόδος

2252 3791 2349 3851 τὰς
2377 3789 2635 3856 ἀμοιϐάς.
2667 3790 2777 3844 Ναὶ
2797 3790 2934 3861 (45),
2957 3793 3284 3861 παρακαλῶ,
3310 3794 3530 3862 φίλτατε
3550 3796 3642 3845 καὶ
3661 3795 3842 3860 σοφὼ-

2250 3892 2400 3941 τατε,
2428 3876 2516 3940 δός
2549 3895 2643 3948 μοι
2690 3879 2930 3949 χαρῆναι
2961 3881 3053 3933 ἐπὶ
3097 3883 3202 3946 σοὶ,
3241 3882 3329 3945 δός
3375 3900 3466 3952 μοι
3514 3883 3632 3953 Θεῷ
3676 3883 3840 3948 δέξαν

2255 3967 2590 4034 ἀνενεγκεῖν,
2621 3970 2678 4032 ὃς
2726 3977 2786 4023 σε
2809 3972 3156 4041 διαφυλάττοι
3183 3973 3295 4045 (Η)
3331 3975 3600 4045 ἀνώτερον
3629 3979 3838 4039 παντὸς

2253 4060 2478 4130 ἀνιαροῦ
2511 4062 2939 4131 συναντήματος.

2335 4154 2397 4205 Ὀ
2446 4155 2699 4218 ταπεινὸς
2761 4157 3164 4230 μητροπολίτης
3227 4160 3455 4229 Ἐφέσου
3518 4161 3614 4214 καὶ
3656 4163 3839 4232 πάσης

2265 4246 2447 4310 Ἀσίας
2485 4247 2729 4315 Mdpr

570 4678 812 4750 Epistola
835 4681 901 4736 D.
925 4679 1097 4736 Marci
1123 4681 1263 4752 Eph.
1303 4683 1372 4737 ad
1396 4683 1756 4754 Theophanem
1809 4689 2122 4742 monachum

2271 4695 2600 4765 Ἐπιστολὴ
2659 4699 2848 4767 κυροῦ
2903 4701 3148 4775 Μάρκου
3205 4706 3314 4760 τοῦ
3376 4706 3635 4775 Ἐφέσου
3693 4706 3845 4775 πρὸς

592 4831 611 4845 ⁸
644 4830 1147 4890 Honoratissimeln
1170 4837 1606 4894 hieromonachis
1625 4848 1676 4894 et
1700 4841 1831 4894 mihi
1852 4841 1902 4894 in
1924 4840 2154 4897 Domino
2216 4833 2224 4840 ’

570 4925 1033 4984 desideratissime
1063 4939 1115 4983 et
1155 4931 1604 4986 rcvcrrndissinic
1659 4943 1814 5002 pater
1865 4943 1914 4989 et
1963 4934 2152 4992 frater.

666 5059 756 5124 26)
784 5060 890 5115 All.
927 5062 1229 5116 ἐπισκοτεῖ.

666 5129 758 5200 27)
790 5129 950 5200 ᾼιιει.
988 5133 1383 5200 καταληφθείς.

908 5201 1048 5256 Mon.
1077 5220 1092 5266 ;
1124 5198 1284 5277 Allat.
1319 5206 1574 5277 κατέσχε.

647 5268 758 5334 (29)
794 5271 831 5320 Α
844 5269 959 5323 llat.
985 5275 1187 5327 καινόν.

647 5337 759 5410 (50)
790 5337 934 5392 Ilion.
964 5343 1344 5410 χλανιδίσκια.

793 5408 1100 5488 (illam—sic;
1133 5411 1279 5467 Mon.
1312 5414 1661 5488 περίϐλεψαι.

793 5479 957 5551 Allat.
997 5478 1157 5551 πρός.

647 5549 760 5617 (55)
790 5549 951 5605 Allat.
984 5549 1299 5612 καταδύσει.

645 5619 758 5758 (54)
789 5619 898 5686 Τῆς
928 5624 1079 5675 omit.
1105 5624 1265 5681 Allat.

672 5689 760 5758 55)
801 5690 962 5745 Αιιιιι.
991 5691 1122 5747 τῶν.

672 5689 760 5759 35)
801 5690 962 5745 Allat.
991 5691 1122 5747 τῶν.

643 5826 720 5896 (a)
769 5827 901 5887 Cod.
939 5830 1086 5888 Mon.
1115 5833 1240 5903 256,
1274 5837 1316 5895 ι.
1353 5837 1458 5897 279
1484 5838 1541 5896 b.

2819 4773 3134 4840 Θεοφάνην
3173 4776 3276 4843 (α).

2330 4859 2639 4929 Τιμιώτατε
2695 4865 2750 4915 ὲν
2803 4865 3184 4937 ίερομονάχοις
3239 4871 3339 4920 καὶ
3396 4869 3518 4936 ἐμοὶ
3559 4871 3615 4921 ἐν
3651 4870 3845 4939 Κυρίῳ

2260 4951 2610 5005 ποθεινότατε
2640 4956 2736 5008 καὶ
2761 4957 3164 5026 αἱδεσιμώτατε
3200 4962 3374 5031 πάτερ
3400 4964 3496 5014 καὶ
3518 4961 3733 5029 ἀδελφέ.

2337 5088 2448 5158 (se)
2489 5089 2595 5142 nev
2631 5089 2803 5143 addit.
2836 5090 2982 5146 Mon.

2333 5158 2446 5230 (5?)
2482 5159 2692 5215 Monac.
2729 5161 3154 5230 ὑποδεξάμενον.

2316 5228 2438 5310 ’(58)
2475 5231 2638 5310 ᾼΙίιιι.
2701 5228 3114 5299 μετακινοῧνεα.
3150 5233 3287 5290 llinc
3321 5235 3485 5291 vertit
3518 5254 3532 5292 :
3571 5247 3624 5292 et
3649 5238 3841 5308 viginti

2255 5300 2430 5369 millia
2461 5300 2885 5369 dispergentenl.

2329 5368 2439 5440 (59)
2471 5371 2573 5440 All.
2603 5366 2746 5423 ᾶτέαν
2781 5366 2892 5423 οὖν.

2328 5438 2442 5510 (40)
2470 5439 2680 5494 Monac.
2737 5443 3032 5510 χρυσίνων.

2354 5446 2420 5492 40
2470 5446 2680 5494 Monac.
2737 5446 3032 5510 χρυσίνων.

2475 5511 2689 5586 llljannc.
2724 5513 2820 5586 ἐπὶ
2842 5512 2932 5586 τὸν
2958 5514 3176 5586 κύριον.

2352 5579 2443 5646 42)
2478 5580 2658 5634 Ὀσων
2690 5580 2866 5635 onlilt.
2906 5579 3074 5643 Allai.

2335 5648 2448 5718 (45)
2477 5648 2641 5703 Allat.
2661 5650 2774 5704 καί.

2335 5717 2447 5788 (Η)
2477 5720 2636 5776 Allat.
2676 5722 3050 5793 διαφυλάττει.
