4152 6280
348 285 485 376 1997

343 484 810 545 σταντινούπολιν,
844 483 1141 545 ἀναϐάντος
1171 484 1250 543 εἰς
1283 482 1344 534 τὸ
1385 482 1772 550 πατριαρχεῖον
1801 481 1920 541 ἐνὸς

340 577 452 629 τῶν
513 575 947 644 ὕπογραψὰντων
979 574 1376 643 λατινοφρόιιων
1433 576 1529 626 καὶ
1580 572 1921 641 ἐνοχλοῦντος

342 671 524 737 ἡμᾶς,
562 669 807 736 ἀπῆλθον
834 669 911 729 είς
937 667 1035 736 τὴν
1061 667 1354 734 ἐκκλησίαν
1391 683 1516 734 μου.
1556 665 1702 717 Ἐκεῖ
1734 665 1789 716 δὲ
1819 667 1918 717 πᾶν

342 758 426 810 λιν
454 757 726 825 μηδεμίαν
758 756 933 824 εὑρὼν
962 756 1268 813 ἀνάπαυσιν
1293 757 1386 809 καὶ
1411 755 1663 824 χαλεπῶς
1684 755 1918 823 νοσήσας

345 852 442 902 καὶ
471 846 834 916 ζημιούμεκος
875 848 1024 915 παρὰ
1075 847 1182 899 τῶν
1228 845 1444 897 ἀσεϐῶν
1477 846 1571 898 καὶ
1593 846 1925 914 πειραζόμε-

344 958 455 1005 νος,
486 940 620 990 διότι
657 941 730 1007 μὴ
756 934 900 1007 εἶχον
929 939 1160 1006 ὀρισμδν
1195 937 1530 1000 αὑθεντικὸν,
1563 937 1789 1004 ἐξῆλθον
1821 939 1924 989 κὰ-

344 1032 524 1084 κεῖθεν
557 1032 647 1082 ἐπὶ
679 1031 866 1099 σκοπῷ
915 1031 1009 1081 τοῦ
1067 1029 1322 1082 ἀπελθεῖν
1380 1032 1459 1092 εἰς
1503 1029 1562 1082 τὸ
1591 1029 1744 1096 ἅγιον
1777 1029 1921 1096 ὅροῖ.

343 1123 689 1192 Διαπερὰσας
738 1121 832 1176 οῦν
860 1124 938 1185 εἰς
966 1124 1064 1190 τὴν
1095 1122 1426 1174 Καλλίπολιν
1455 1123 1547 1174 καὶ
1575 1107 1920 1190 διερχόμενος

343 1215 432 1267 διὰ
460 1215 555 1283 τῆς
587 1215 810 1283 Λήμνου
868 1213 1180 1282 ἐκρατήθην
1239 1214 1472 1265 ἐνταῦθα
1518 1214 1608 1263 καὶ
1669 1211 1926 1281 περιωρί-

345 1307 478 1375 σθην
511 1307 663 1374 παρὰ
711 1305 804 1357 τοῦ
854 1303 1136 1371 βασιλέως.
1203 1301 1343 1356 ⁶Λλ).’
1391 1306 1417 1354 6
1466 1303 1618 1369 λόγος
1660 1303 1753 1355 τοῦ
1786 1301 1923 1355 Θεοῦ

345 1397 439 1448 καὶ
485 1399 517 1466 ὴ
572 1397 669 1464 τῆς
724 1397 981 1465 ἀληθείας
1017 1395 1249 1463 δύναμις
1283 1395 1343 1446 οὐ
1393 1393 1837 1464 δέδεται,τρὲχει
1866 1393 1924 1445 δὲ

347 1489 548 1557 μᾶλλον
579 1490 672 1541 καὶ
695 1487 1004 1552 εὐοδοῦται,
1044 1489 1144 1540 καὶ
1176 1487 1224 1540 ot
1254 1487 1500 1551 πλείονες
1527 1485 1635 1540 τῶν
1675 1486 1924 1554 ἀδελφῶν

342 1583 408 1649 τῇ
440 1582 545 1650 ἐμῇ
597 1581 781 1651 ἐξορίᾳ
833 1579 1166 1651 θαρροῦντες
1217 1577 1473 1648 βάλλουσι
1519 1580 1632 1638 τοῖς
1679 1577 1924 1646 ἐλέγχοις

343 1671 473 1733 τοὺς
500 1669 811 1738 ἀλιτηρίους
855 1670 949 1723 καὶ
977 1669 1303 1738 παραϐάτας
1327 1668 1426 1737 τῆς
1479 1667 1648 1738 ὀρθῆς
1681 1666 1923 1730 πίστεως

1207 273 1575 338 EPISTOLA
1618 275 1715 334 AD
1765 265 2289 334 TUEOPHANEM
2327 267 2782 335 MONACllUM.

413 394 682 457 Γίνωσκε,
719 392 799 444 ὅτι
831 393 967 458 μετά
995 391 1056 443 τὺ
1083 391 1337 442 ἀπελθεῖν
1361 391 1504 458 ἡμᾶς
1532 390 1610 451 εἰς
1642 387 1740 456 τὴν
1774 389 1925 440 Κων-
1954 394 1999 448 Α

3468 263 3605 336 1098

2116 387 2385 450 Noveris,-
2411 403 2526 451 tne,
2552 397 2839 455 postquam
2897 382 3422 454 Constantinopolim
3459 387 3612 439 abie—

2031 495 2184 540 ram,
2249 481 2580 534 ascendente
2654 479 2706 532 in
2776 477 3188 547 patriarcbalent
3265 477 3448 532 sedem
3500 493 3610 530 uno

2027 585 2088 623 ex
2169 571 2280 634 iis,
2351 572 2444 638 qui
2513 570 2967 638 subscripserunt
3021 585 3142 622 cum
3213 568 3420 622 Latinis
3489 585 3583 622 seu

2031 658 2246 719 tieutes,
2299 673 2362 711 ac
2418 674 2517 712 nos
2573 660 2915 717 molestante.
2982 661 3033 710 in
3097 659 3384 712 ecclesiam
3434 674 3610 712 meam

2028 749 2225 801 abiisse
2259 749 2354 820 (tr).
2385 749 2453 803 lbi
2491 766 2618 803 vero
2653 752 2799 804 nulla
2832 767 3044 802 rursum
3086 759 3300 818 reperta
3351 751 3538 818 requie
3560 755 3614 804 et

2029 842 2264 908 graviter
2323 841 2626 896 infirmatus
2685 851 2848 910 atque
2908 841 3139 896 alllictus
3203 844 3270 895 ab
3331 843 3510 910 impiis
3557 853 3614 898 et

2031 939 2292 999 tentatus,
2330 934 2457 1001 quia
2489 950 2592 987 nou
2629 935 2788 987 habui
2838 936 3212 988 authenticam
3274 936 3610 988 determina-

2033 1026 2253 1089 tionem,
2323 1027 2547 1080 diseassi
2611 1028 2772 1080 etiam
2844 1029 3064 1089 eximie,
3120 1029 3345 1082 consilio
3417 1028 3616 1080 ductus

2032 1117 2266 1169 abeundi
2319 1118 2371 1170 in
2435 1127 2672 1172 montem
2727 1128 3001 1174 sanctum.
3079 1119 3360 1175 Profectus
3447 1122 3616 1188 igitur

2030 1206 2334 1274 Callipolim
2371 1215 2425 1261 et
2456 1211 2830 1278 pertransiens
2863 1227 2958 1280 per
3027 1212 3290 1265 Lemnum
3351 1213 3611 1270 detentus

2034 1311 2153 1351 sum
2191 1297 2260 1351 ibi
2312 1299 2632 1355 ctinclusus
2683 1302 2750 1354 ab
2803 1302 3150 1370 imperatore.
3221 1302 3323 1356 Sed
3387 1305 3612 1358 rei-bum

2035 1385 2127 1439 Dei
2157 1397 2208 1440 et
2237 1389 2483 1442 veritatis
2528 1391 2698 1444 virtus
2755 1407 2862 1444 non
2918 1404 3044 1445 sunt
3100 1394 3338 1463 alligata,
3390 1401 3617 1452 currunt

2033 1478 2238 1544 potius,
2268 1493 2524 1548 prospere
2550 1482 2871 1548 procedunt,
2892 1493 3053 1551 atque
3078 1485 3256 1552 plures
3275 1500 3338 1538 ex
3355 1485 3617 1537 fratribus

2038 1582 2156 1621 meo
2179 1570 2369 1623 exsilio
2394 1570 2733 1626 conﬁdentes
2783 1573 3206 1629 refutatiouibus
3265 1582 3619 1643 prosternunt

2036 1661 2333 1717 sceleratos
2381 1664 2502 1719 illos
2533 1672 2586 1718 et
2619 1676 2778 1719 recta:
2813 1665 2933 1718 tidci
2960 1665 3614 1738 paternarumquelegum

345 1763 441 1814 καὶ
469 1761 578 1814 τῶν
608 1761 893 1833 πατρικῶν
918 1761 1158 1830 θεσμῶν,
1191 1761 1289 1814 καὶ
1315 1758 1604 1813 ἐλαύνουσι
1652 1760 1926 1829 πανταχό-

2040 1760 2484 1822 transgressores,
2520 1765 2573 1809 et
2607 1757 2974 1826 undequaque
3037 1773 3132 1811 eos
3165 1767 3446 1810 removent
3474 1757 3619 1808 velut

346 1853 438 1904 θεν
467 1851 659 1916 αὐτοὺς
679 1850 754 1915 ὡς
784 1852 1134 1922 καθάρματα,
1170 1853 1308 1923 μήτε
1361 1851 1796 1921 συλλειτουργεῐν
1827 1851 1925 1903 αύ-

345 1945 459 2006 τοῖς
505 1944 844 2013 ἀνεχόμενοι,
881 1945 1017 2016 μήτε
1052 1944 1413 2014 μνημονεύειν
1461 1944 1600 2007 ὅλως
1627 1943 1808 1996 αὐτῶν
1847 1943 1925 2004 ὡς

347 2034 712 2109 Χριστιανῶν.
761 2035 1035 2090 Μανθάνω
1083 2035 1180 2094 δὲ.
1225 2036 1306 2087 ὅτι
1338 2033 1722 2104 ἐχειροτονήθη
1768 2033 1926 2103 παρᾶ

263 2187 274 2195 ,
347 2125 458 2177 τῶν
499 2124 900 2195 λατινοερρόνων
931 2125 1338 2196 μητροπολίτης
1391 2125 1635 2195 ’Δθηνῶν
1687 2125 1924 2178 κοπελύι-

346 2218 496 2286 δριόν
525 2234 576 2270 τι
609 2217 700 2272 τοῦ
731 2217 1142 2288 Μονεμδασῖας,
1171 2217 1309 2287 ὅπερ
1346 2215 1539 2270 αὐτόθι
1579 2215 1767 2284 διάγον
1795 2217 1923 2270 συλο

347 2309 654 2380 λειτουργεῖ
689 2312 801 2373 τοῖς
829 2311 1084 2373 Λατίνοις
1139 2310 1467 2381 ἀδιακρίτως
1502 2312 1599 2364 καὶ
1629 2311 1931 2380 χειροτονεῖ

349 2404 676 2474 παρανόμως
690 2405 858 2466 ὅσους
891 2403 960 2457 ἂν
987 2402 1126 2475 εὕρῃ
1153 2403 1246 2456 καὶ
1284 2401 1449 2464 οἴους.
1487 2401 1652 2468 ’Δξιῶ
1705 2392 1798 2455 οὖν
1827 2402 1927 2470 τὴν

347 2494 661 2562 ἁγιωσύνην
692 2512 808 2559 σου,
846 2495 933 2549 ἵνα
964 2495 1056 2548 τὸν
1083 2495 1227 2564 ὑπὲρ
1247 2492 1391 2547 Θεοῦ
1423 2491 1584 2562 ζῆλον
1614 2491 1927 2555 ἀναλαϐὼν,

349 2587 425 2648 ὼς
449 2587 733 2656 ἄνθρωπος
774 2587 870 2640 τοῦ
924 2577 1061 2640 Θεοῦ
1096 2585 1193 2641 καὶ
1217 2587 1318 2657 τῆς
1342 2585 1606 2656 ἀληθείας
1648 2585 1803 2654 φίλος
1830 2585 1929 2638 καὶ

349 2677 443 2729 τοῦ
492 2679 650 2745 ἀγῖου
709 2677 981 2750 Ίσιδώρου
1031 2679 1253 2748 γνήσιος
1296 2678 1544 2747 μαθητὴς
1596 2677 1932 2748 παραινέσης

349 2767 463 2828 τοῖς
488 2765 582 2819 τοῦ
620 2766 755 2818 Θεοῦ
811 2767 1070 2836 ἱερεῦσιν,
1125 2767 1419 2835 ἐκφεύγειν
1479 2769 1654 2820 ἀπασι
1709 2768 1931 2836 τρόποις

351 2856 450 2925 τὴν
482 2859 766 2911 κοινωνίαν
794 2858 959 2912 αὐτοῦ
991 2861 1088 2915 καὶ
1122 2856 1261 2930 μήτε
1299 2847 1734 2931 συλλειτουργεῖν
1783 2859 1932 2928 αὐτῷ

354 2949 493 3018 μήτε
528 2953 883 3019 μνημονεύειν
917 2953 1053 3012 ὅλως
1109 2951 1300 3014 αὑτοῦ,
1340 2955 1478 3021 μήτε
1511 2951 1774 3022 ἀρχιερέα
1806 2950 1932 3004 τοῦ·

350 3056 464 3101 τον,
499 3043 634 3094 ἀλλὰ
667 3043 829 3095 λύκον
867 3043 962 3094 καὶ
1011 3043 1282 3111 μισθωτὸν
1308 3043 1581 3111 ἡγεῖσθαι,
1634 3044 1773 3112 μήτε
1818 3043 1933 3096 λει-

349 3137 602 3202 τουργεῖν
649 3136 784 3196 ὅλως
814 3135 872 3186 ἐν
915 3137 1035 3196 ταῖς
1085 3135 1388 3195 λατινικαῖς
1443 3135 1784 3204 ἐκκλησίαις,
1845 3135 1932 3187 ῐνα

356 3226 432 3293 μὴ
465 3225 592 3295 ἔλθῃ
644 3227 736 3277 καὶ
786 3226 871 3293 ἐφ’
903 3226 1048 3291 ὑμᾶς
1087 3227 1120 3296 ἢ
1148 3225 1445 3276 ἐπελθοῦσα
1473 3225 1611 3294 ὀργὴ
1645 3225 1738 3277 τοῦ
1795 3225 1930 3277 Θεοῦ

352 3321 420 3388 τῇ
456 3319 1022 3373 Κωνσταντινουπόλει
1067 3319 1172 3382 διὰ,
1209 3316 1304 3378 τὰς
1339 3318 1454 3368 ἐκεῖ
1509 3317 1800 3385 γ.νομένας
1832 3333 1934 3367 πα-

357 3414 639 3482 ρανομίας.
677 3413 917 3464 Γίνωσκε
953 3411 1008 3463 δὲ
1056 3412 1135 3462 ὅτι
1177 3411 1208 3480 ἡ
1238 3409 1596 3477 ψευδοὲνωσις
1629 3409 1752 3461 ὅσον
1780 3408 1933 3460 οὔπω

355 3507 423 3572 τῇ
468 3504 562 3558 τοῦ
598 3505 733 3556 Θεοῦ
795 3504 976 3572 χάριτι
1023 3503 1117 3556 καὶ
1154 3501 1380 3571 δυνάμει
1419 3501 1802 3569 διαλυθήσεται
1839 3503 1934 3554 καὶ

356 3593 415 3646 τὺ
441 3593 618 3662 δόγμα
642 3594 749 3645 τῶν
777 3594 1022 3647 Λατίνων
1051 3595 1169 3659 ἀντὶ
1205 3593 1299 3644 τοῦ
1340 3593 1805 3664 βεϐαιωθῆναιδιά
1836 3592 1933 3660 τῆς

355 3686 587 3754 ψευδοῦς
627 3687 867 3748 συνόδου.
909 3687 1043 3757 ὅπερ
1088 3686 1179 3738 ἀεὶ
1226 3685 1578 3750 ἐσπούδαζον,
1621 3685 1700 3736 ἔτι
1734 3685 1932 3754 μᾶλλον

357 3779 638 3848 ἀνετράπη
676 3780 771 3831 καὶ
817 3779 1060 3848 ἠλέγχθη
1099 3779 1192 3830 καὶ
1221 3778 1295 3840 ὼς
1331 3777 1652 3847 βλάσφημον
1683 3780 1776 3829 καὶ
1809 3777 1936 3827 δυσο

361 3867 518 3930 σεϐἐς
559 3868 836 3937 πανταχοῦ
887 3867 1291 3936 στηλιτεύεται.
1343 3866 1438 3918 καὶ
1479 3868 1528 3917 οἱ
1559 3864 1717 3917 τοῦτο
1757 3864 1934 3935 κυρώ-

361 3977 552 4022 σαντες
576 3960 695 4012 οὐδὲ
727 3941 910 4031 διᾶραι
958 3961 1133 4029 στόμα
1165 3959 1437 4028 τολμῶσιν
1472 3959 1612 4028 ὑπὲρ
1639 3957 1826 4011 αὐτοῦ.
1874 3959 1933 4010 '0

358 4051 489 4119 γοῦν
504 4052 806 4121 καλόγηρος
827 4052 1081 4122 (Ι)αὐτοῦ
1110 4050 1203 4104 τοῦ
1222 4051 1488 4121 ὑμετέρου
1523 4050 1817 4120 μισθωτοῦ,
1843 4051 1936 4106 καὶ

358 4145 478 4215 οὐχὶ
533 4145 814 4214 ποιμένος,
845 4146 872 4196 6
910 4145 1068 4206 ἄνους
1111 4132 1501 4213 Μονεμῦασέας
1555 4143 1733 4196 λαϐὼν
1782 4144 1933 4214 παρὰ

357 4235 452 4288 τοῦ
487 4233 756 4305 βασιλέως
784 4234 846 4286 τὸ
894 4233 988 4284 τοῦ
1033 4234 1340 4302 προδρόμου
1399 4236 1755 4302 ὴγουμενεῖον
1809 4232 1932 4284 οὔτε

362 4325 759 4396 μνημονεύεται
800 4324 953 4394 παρά
985 4325 1090 4377 τῶν
1113 4324 1436 4393 καλογήρων
1483 4325 1650 4378 αὐτοῦ
1687 4323 1812 4378 οὔτε
1844 4325 1934 4376 θυ-

362 4421 552 4489 μιᾶται
577 4418 712 4481 ὅλως
743 4418 818 4479 ὡς
873 4417 1198 4486 Χριστιανός
1221 4432 1236 4447 °
1265 4416 1379 4468 ἀλλ’
1408 4415 1627 4486 ἔχουσιν
1659 4416 1822 4470 αὑτὸν
1855 4420 1933 4480 εἰς

375 4512 429 4564 ’ἀ
460 4510 758 4580 πράγματα
811 4510 972 4580 μόνον
1015 4508 1202 4578 ὥσπερ
1240 4511 1365 4560 τινὰ
1419 4493 1740 4560 κόνσουλόν·
1795 4509 1889 4559 καὶ
1918 4511 1945 4560 6

361 4602 616 4673 βασιλεὺς
664 4600 837 4654 ταῦτα
891 4599 1180 4667 μανθάνων
1235 4598 1431 4652 οὐδένα
1486 4598 1642 4665 λόγον
1675 4599 1940 4660 ποιεῖται,

363 4695 498 4748 ἁλλά
542 4694 638 4748 καὶ
672 4695 958 4762 μετανοεῖν
1007 4691 1263 4761 ὁμολογεῖ
1309 4690 1562 4760 φανερῶς
1617 4691 1708 4742 ἐπὶ⁸
1741 4687 1819 4758 τῷ
1851 4707 1941 4756 γε-

361 4787 540 4853 γονότι
577 4787 668 4838 καὶ
709 4785 801 4838 ἐπὶ
829 4784 956 4847 τοὺς
1004 4782 1412 4850 καταθεμένους
1445 4783 1538 4833 καὶ
1587 4781 1942 4851 ὑπογράψαν-

361 4895 459 4940 τας
484 4877 802 4947 μετατίθησι
833 4877 931 4946 τὴν
959 4876 1157 4928 αἰτίαν.
1215 4872 1450 4941 Ψεύγετε
1481 4867 1574 4926 οὖν
1609 4873 1704 4925 καὶ
1759 4873 1941 4942 ὑμεῖς,

367 4969 603 5037 ἀδελφοὶ,
645 4970 744 5038 τὴν
777 4968 912 5036 πρὸς
937 4967 1493 5035 τοὺςάκοινωνήτους
1533 4963 1820 5017 κοινωνίαν
1848 4965 1944 5017 καὶ

361 5059 423 5111 τὸ
448 5059 792 5128 μνημόσυνον
817 5058 924 5109 τῶν
956 5055 1408 5126 ἀμνημονεύτων.
1445 5057 1550 5109 Ἴδε
1577 5052 1689 5124 ἐγὼ
1713 5056 1945 5124 Μάρκος

362 5153 392 5203 6
425 5149 748 5220 ἁμαρτωλὸς
799 5148 944 5216 λέγω
1002 5149 1151 5218 ὑμῖν,
1216 5150 1295 5202 ὅτι
1349 5151 1376 5202 6
1439 5149 1798 5218 μνημονεύων
1843 5149 1939 5201 τοῦ

365 5243 567 5298 πάππα
598 5240 674 5306 ὡς
704 5241 985 5312 ὀρθοδόξου
1021 5240 1320 5310 ἀρχιερέως
1361 5240 1546 5310 ἔνοχός
1602 5243 1720 5296 ἐστι
1757 5242 1938 5296 πάντα

363 5335 472 5388 τῶν
507 5336 751 5402 Λατίνων
781 5333 1137 5403 ἐκπληρῶσαι
1170 5334 1334 5402 μέχρι
1368 5337 1463 5385 καὶ
1485 5335 1654 5401 αὐτῆς
1680 5333 1782 5405 τῆς
1817 5351 1944 5387 κου-

366 5408 474 5496 ρᾶς.
487 5427 593 5480 τῶν
618 5429 863 5495 γενείων,
887 5427 979 5478 καὶ
998 5424 1026 5475 6
1049 5424 1448 5493 λατινοφρονῶν
1480 5428 1616 5494 μετά
1640 5425 1748 5479 τῶν
1779 5427 1946 5480 Λατί-

436 5587 513 5712 Sa)
545 5588 601 5641 Id
646 5593 752 5650 est,
795 5585 968 5637 electo
1003 5582 1357 5650 Metrophane
1399 5599 1585 5639 mense
1640 5583 1781 5638 Maio
1813 5587 1941 5640 anni

472 5656 527 5712 0.
555 5659 606 5709 iu
627 5670 782 5708 suam
817 5655 1058 5707 diocesin
1090 5651 1305 5706 Marcus
1327 5653 1481 5706 abiit.

367 5651 527 5719 “60',
555 5659 606 5709 iu
627 5670 782 5708 suam
817 5655 1058 5707 diocesin
1090 5651 1305 5706 Marcus
1327 5653 1481 5706 abiit.

440 5729 514 5800 (1)
559 5725 824 5784 Usitatius
853 5723 1174 5792 καλόγερος.
1209 5720 1384 5778 Graeci
1432 5725 1684 5779 monachi
1715 5725 1944 5796 καλογέ-

708 5825 980 5893 Panos.
1019 5825 1137 5888 Gn.
1168 5819 1357 5888 CLX.

375 5913 456 5920 .-ᾳ-
467 5917 492 5921 ο.

2033 1843 2275 1911 abiectos
2321 1855 2375 1899 et
2402 1846 2668 1917 impuros,
2733 1865 2829 1902 nec
2858 1866 2960 1903 una
2987 1864 3109 1902 cum
3171 1850 3249 1903 eis
3305 1849 3615 1901 sacrificare

2035 1935 2388 2002 sustinentes,
2411 1953 2583 2006 neque
2608 1955 2797 1994 eorum
2826 1952 3052 2008 prorsus
3095 1949 3152 1994 ut
3178 1940 3614 1994 Christianorum

2036 2026 2367 2082 mentionem
2435 2029 2635 2086 facere.
2677 2029 2966 2102 comperio
2999 2039 3176 2084 autem
3223 2045 3251 2084 a
3295 2029 3614 2083 Latinorum

2035 2119 2262 2174 asscclis
2296 2121 2634 2176 Athenarum
2678 2123 3078 2190 metropolitam
3138 2121 3446 2176 Ordinatum
3489 2136 3614 2176 esse

2035 2206 2292 2264 infamem
2374 2213 2666 2281 quamdam
2721 2222 3033 2268 creaturam
3106 2211 3614 2275 Monembasiensis.

2037 2315 2158 2370 quae
2191 2302 2263 2357 ibi
2291 2317 2640 2360 commorans
2676 2319 2799 2359 cum
2836 2304 3046 2361 Latinis
3091 2306 3365 2361 sacriﬁcat
3413 2305 3621 2374 absque

2038 2389 2360 2453 discrimine
2409 2408 2462 2452 et
2493 2398 2774 2468 illega‘liter
2803 2401 3019 2454 ordinat
3053 2406 3184 2469 quot
3215 2409 3267 2454 et
3290 2400 3619 2467 qualescun-

2037 2506 2144 2559 que
2183 2491 2477 2545 invenerit.
2509 2492 2663 2561 Rogo
2697 2493 2880 2561 itaque
2914 2473 3263 2547 sanctitatem
3323 2500 3495 2556 tuam,
3559 2502 3620 2546 ut

2045 2585 2222 2638 zelum
2257 2599 2353 2654 pro
2384 2581 2491 2640 Deo
2522 2600 2810 2641 resumens
2835 2595 3093 2657 tanquam
3121 2587 3203 2641 vir
3233 2585 3326 2642 Dei
3356 2597 3409 2641 et
3426 2588 3622 2641 verita-

2034 2675 2108 2730 tis
2157 2678 2367 2731 amicus
2397 2685 2456 2732 et
2499 2679 2672 2733 sancti
2709 2675 2901 2734 lsidori
2969 2694 3263 2751 germanus
3319 2680 3623 2750 discipulus

2036 2769 2344 2824 exborteris
2397 2769 2492 2825 Dei
2583 2771 2914 2836 sacerdotes,
2992 2777 3051 2826 ut
3099 2766 3310 2842 fugiant
3361 2771 3620 2827 omnibus

2040 2862 2218 2915 modis
2260 2861 2433 2930 ipsius
2467 2862 2932 2927 communionem,
2987 2877 3164 2932 neque
3191 2877 3316 2916 cum
3346 2876 3412 2916 eo
3463 2875 3619 2916 sacra

2039 2953 2333 3015 celebrent,
2375 2967 2552 3022 neque
2598 2968 2824 3022 prorsus
2877 2953 2999 3022 ejus
3040 2951 3616 3008 commemorationem

2040 3045 2264 3110 faciant,
2292 3061 2468 3115 neque
2496 3061 2772 3100 summum
2814 3049 3152 3102 sacerdotem
3192 3062 3314 3099 eum
3354 3043 3612 3106 habeant,

2039 3153 2225 3190 verum
2261 3137 2446 3206 lupum
2519 3147 2572 3192 et
2617 3141 3013 3193 mercenarium
3049 3157 3064 3204 ;
3097 3155 3272 3209 neque
3305 3138 3522 3194 demum
3566 3140 3619 3192 in

2040 3227 2247 3282 Latinis
2287 3229 2532 3284 ecclesiis
2562 3229 2868 3295 celebrent,
2910 3247 2976 3283 ne
3031 3232 3210 3285 veniat
3247 3231 3429 3302 etiam.
3459 3231 3624 3297 super

2039 3335 2134 3372 vos
2173 3322 2253 3374 ira
2299 3320 2414 3383 Dei,
2475 3337 2595 3389 qum
2639 3337 2804 3390 super
2852 3321 3385 3390 Constantitmpolim
3471 3323 3621 3376 venit

2041 3423 2260 3481 propter
2289 3427 2401 3475 eas,
2436 3427 2554 3480 qua:
2613 3413 2683 3464 ibi
2721 3415 2874 3477 fiunt,
2915 3414 3398 3480 prmvaricationes.
3465 3415 3621 3467 Scito

2041 3512 2242 3565 autem,
2267 3504 2582 3558 emcntitam
2614 3506 2758 3558 illam
2791 3506 3072 3568 unionem,
3105 3507 3158 3558 iu
3187 3515 3447 3574 quantum
3481 3524 3620 3560 unn-

2041 3594 2169 3648 duni
2206 3596 2471 3650 dissoluta
2501 3608 2604 3659 est,
2628 3597 2716 3651 Dei
2752 3596 2928 3666 gratia
2960 3612 3025 3652 ac
3057 3598 3260 3651 virtute
3286 3597 3617 3652 dissolutum

2045 3687 2225 3750 iri,et
2288 3696 2498 3742 tantum
2555 3689 2744 3742 abesse
2797 3697 2855 3743 ut
2902 3689 3220 3743 Latinorum
3273 3688 3467 3756 dogma
3528 3703 3622 3760 per

2045 3779 2233 3834 falsam
2283 3780 2550 3850 synodum
2596 3780 2978 3834 conﬁrmatum
3015 3781 3197 3845 fuerit,
3233 3783 3377 3848 quod
3405 3797 3620 3850 semper

2042 3873 2092 3925 in
2119 3873 2254 3927 votis
2287 3872 2576 3939 habebant,
2613 3881 2671 3926 ut
2703 3874 2877 3942 magﬁs
2909 3875 3086 3927 adhuc
3119 3887 3368 3927 eversum
3405 3888 3453 3928 et
3480 3875 3624 3929 refu-

2041 3972 2211 4017 tatum
2252 3964 2419 4018 fuerit
2455 3974 2507 4020 et
2548 3976 2605 4019 ut
2634 3967 3011 4034 blasphemuin
3051 3977 3104 4020 ct
3140 3968 3367 4035 impium
3425 3970 3624 4037 ubique

2044 4055 2383 4121 traducatur,
2407 4067 2462 4110 et
2490 4058 2581 4125 qui
2615 4057 2745 4110 illud
2770 4058 3188 4125 confirmarunt,
3247 4061 3285 4114 ii
3342 4077 3518 4130 neque
3563 4079 3625 4116 os

2045 4163 2144 4215 pro
2193 4163 2258 4200 eo
2319 4150 2531 4216 aperire
2579 4149 2833 4203 audeant.
2893 4151 3185 4221 Calogerus
3236 4153 3397 4223 igitur
3449 4155 3626 4223 ipsius

2044 4240 2202 4294 vestri
2255 4239 2603 4302 mercenarii,
2632 4249 2684 4294 ct
2745 4256 2851 4295 non
2881 4245 3142 4310 pastoris,
3177 4244 3448 4312 insipiens
3510 4244 3624 4297 Mo-

2046 4329 2461 4393 nembasiensis,
2555 4331 2648 4398 qui
2717 4331 2786 4384 ab
2867 4332 3196 4400 imperatore
3269 4336 3631 4388 Prtecursoris

2050 4419 2324 4474 abbatiam
2353 4422 2585 4490 accepit,
2624 4436 2799 4487 neque
2833 4423 3412 4476 commemorationem
3465 4426 3628 4478 asuis

2057 4510 2340 4562 monachis
2392 4510 2622 4573 obtinet,
2692 4524 2867 4576 neque
2930 4513 3230 4564 honoratur
3281 4527 3506 4579 prorsus
3572 4524 3630 4564 ιιι

2053 4601 2418 4665 Christianus,
2456 4602 2549 4655 sed
2577 4602 2775 4654 habent
2803 4616 2928 4654 eum
2961 4603 3136 4656 solum
3176 4619 3271 4668 pro
3306 4617 3485 4654 rerum
3524 4619 3551 4654 a
3579 4609 3619 4653 l-

2055 4693 2476 4755 ministraliouc,
2518 4705 2574 4744 ut
2632 4694 2918 4758 quemdam
2957 4683 3236 4745 consulem
3269 4710 3283 4756 ;
3316 4703 3478 4761 atque
3531 4693 3632 4744 im-

2045 4794 2259 4854 perator
2317 4783 2420 4837 hoc
2458 4794 2736 4851 comperto
2804 4800 2870 4836 ne
2921 4784 3144 4837 verbum
3197 4784 3414 4850 quidem
3479 4784 3629 4841 facit.

2043 4878 2154 4932 imo
2225 4877 2424 4932 fatetur
2473 4887 2656 4945 aperte
2719 4878 2986 4946 poenitere
3017 4892 3076 4930 se
3134 4891 3309 4928 rerum
3336 4873 3626 4939 factarum,

2044 4978 2100 5024 et
2127 4969 2182 5024 in
2211 4983 2330 5031 eos,
2366 4970 2460 5038 qui
2491 4969 2701 5022 assensi
2735 4978 2864 5022 sunt
2891 4976 2946 5020 et
3007 4967 3472 5035 subscripserunt,
3510 4969 3628 5021 cul-

2047 5078 2175 5134 pam
2221 5063 2502 5117 transfert.
2529 5057 2717 5130 Fugite
2747 5061 2912 5131 igitur
2939 5070 2994 5115 et
3009 5075 3126 5123 vos,
3148 5059 3365 5126 fratres,
3391 5075 3632 5114 continu-

2050 5155 2268 5210 nionem
2305 5171 2429 5209 cum
2466 5154 2571 5214 his.
2617 5153 2816 5222 quibus
2847 5167 2908 5205 ea
2961 5152 3207 5219 neganda
3239 5161 3344 5218 est,
3373 5161 3426 5205 et
3485 5167 3632 5206 com-

2049 5251 2496 5304 memoratloucm
2563 5263 2796 5312 eorum,
2846 5248 2936 5313 qui
3007 5247 3469 5300 commemoraudi
3527 5263 3632 5298 nou

2056 5350 2210 5396 sunt.
2247 5340 2384 5392 Ecce
2415 5353 2514 5403 ego
2567 5338 2779 5391 Marcus
2805 5347 3056 5405 peccator
3087 5337 3211 5390 dico
3267 5338 3440 5400 vobis,
3482 5351 3630 5398 eum,

2055 5433 2145 5501 qui
2173 5430 2748 5485 commemorationem
2791 5431 2919 5484 facit
2964 5445 3114 5499 papae
3146 5439 3422 5498 tamquam
3453 5427 3638 5481 (ιι-ιιιοά

2051 5607 2178 5662 ρους
2211 5591 2368 5657 quasi
2402 5590 2600 5653 καλοὺς
2623 5590 2912 5658 γέροντας,
2937 5590 3110 5644 bonos
3137 5601 3320 5662 senes,
3342 5593 3638 5662 se__mutu_o

2050 5653 2266 5725 iocani,
2301 5672 2363 5713 ut
2401 5662 2606 5716 virtute
2635 5653 3141 5717 iconscttesccntes.
3189 5657 3358 5711 Guar.
3409 5653 3635 5710 Euchol.

2048 5731 2142 5787 Gr.
2184 5748 2237 5802 p.
2276 5729 2404 5788 495.
3129 5797 3133 5801 ,

3195 5823 3276 5887 ea
3605 5873 3694 5902 ᾤ,
