4152 6280
370 256 505 319 1101

1405 260 1502 319 DE
1536 259 2076 319 ADDITAMEN'I‘O
2116 265 2191 321 ιν
2233 241 2597 323 smmum.
2666 328 2671 334 ,

3494 261 3625 324 1102

368 370 462 422 δον
499 370 766 440 σύμϐολον
799 373 1032 436 πίστεως
1071 373 1380 444 προηνέχθη
1409 376 1560 442 παρά
1582 374 1689 426 τῶν
1719 375 1787 426 τὰ
1837 373 1940 424 Νε-

2053 375 2256 443 synodo
2316 375 2620 442 symbolum
2682 353 2803 426 ﬁdei
2845 373 3116 440 prolatum
3157 382 3239 427 est
3293 387 3324 427 a
3386 372 3626 427 Nestorii

373 461 586 528 στορίου
618 462 964 528 φρονούντων
1000 463 1374 531 ἐκδιδόμενον,
1403 463 1522 531 ἕχον
1551 462 1648 530 τὴν
1677 463 1774 527 τῆς
1799 461 1948 527 αἶρέ-

376 568 513 612 σεως
567 551 744 616 δόξαν,
793 553 860 604 δι’
920 549 981 606 οὗ
1037 556 1129 606 καὶ
1193 553 1476 620 βαπτίζειν
1500 554 1743 616 ἐτόλμων
1782 555 1837 604 ἐν
1876 555 1943 619 τῇ

375 643 544 712 Λυδίᾳ
574 643 726 705 τινάς
745 659 759 672 ·
788 646 944 696 τοῦτο
973 649 1020 697 oi
1063 646 1309 714 Πατέρες
1341 646 1752 710 ἀνεγνωσμένον
1783 643 1948 696 ἁκού-

379 751 568 796 σαντες
595 736 681 786 καὶ
721 735 820 787 οὐκ
852 737 1076 788 ἀνεκτὸν
1130 739 1209 789 ἔτι
1248 739 1534 802 κρίναντες
1564 737 1668 789 ὑπὸ
1697 736 1793 788 τοῦ
1823 737 1943 804 βου-

373 824 600 890 λομένου
634 825 1046 893 μεταποιεῖσθαι
1071 827 1128 877 τδ
1161 826 1458 893 σύμϐολον,
1497 828 1620 895 ὅρον
1643 826 1801 887 εὐθὺς
1821 825 1946 894 ἐξή-

383 931 594 980 νεγκαν,
623 915 824 982 μηκέτι
865 916 1067 984 μηδένα
1100 918 1306 987 τολμᾷν
1335 919 1684 970 ὰναλλάττειν
1711 910 1811 986 τὴν
1841 917 1946 968 ὑπὸ

374 1004 482 1055 τῶν
518 1008 773 1075 Πατέρων
801 1007 1113 1060 ἐκτεθείσαν
1134 1010 1316 1062 πίστιν
1341 1010 1458 1079 ’ήτοι
1493 1010 1552 1061 τὸ
1575 1009 1672 1077 τῆς
1708 1009 1945 1071 πίστεως

377 1094 661 1162 σύμϐολον.
715 1097 877 1150 Ὅθεν
923 1101 1019 1151 καὶ
1063 1100 1091 1150 ὁ
1130 1101 1396 1169 μακάριος
1447 1101 1715 1163 Κύριλλος
1771 1103 1830 1152 έν
1877 1088 1982 1170 τῇ--

376 1189 510 1255 «ob;
534 1189 624 1239 τὸν
669 1188 995 1256 Ἀντιοχείας
1033 1191 1288 1257 Ἰωάννην
1312 1191 1568 1260 ἐπιστολῇ
1612 1192 1710 1262 τὴν
1733 1193 1944 1244 οἰκείαν

373 1278 526 1339 εἰδὼς
551 1277 827 1344 ἀπόφασιν
853 1281 1035 1344 (αὐτὸς
1065 1282 1174 1348 γὰρ
1201 1277 1268 1349 ἧν
1289 1285 1316 1334 ὁ
1335 1283 1436 1351 τῆς
1471 1283 1714 1352 μεγάλης
1736 1285 1947 1352 ἐκείνης

375 1370 594 1421 συνόδου
622 1369 928 1438 πρόεδρος),
963 1372 1100 1422 Κατ’
1129 1369 1371 1429 οὐδένα,
1417 1372 1550 1437 φησὶ
1591 1371 1689 1438 (l),
1727 1373 1950 1438 τρόπον

374 1461 745 1513 σαλεύεσθαι
797 1461 1131 1527 ἀνεχόμεθα
1158 1461 1273 1526 τὴν
1315 1461 1666 1513 ἐκτεθεῒσαν
1688 1463 1807 1515 ὑπὸ
1830 1460 1950 1515 τῶν

374 1550 647 1615 Πατέρων
672 1549 840 1616 ἡμῶν
871 1551 1079 1601 πίστιν
1103 1548 1233 1616 ἦτοι
1264 1550 1327 1601 τὸ
1370 1549 1478 1616 τῆς
1510 1550 1770 1613 πίστεως
1799 1551 1951 1618 σύμ-

372 1643 556 1694 ϐολον
581 1660 592 1673 ·
627 1642 763 1694 οὔτε
795 1641 921 1708 μὴν
959 1641 1367 1708 ἐπιτρέπομεν
1398 1641 1634 1706 ἑαυτοῖς
1663 1642 1701 1708 ἣ
1727 1640 1948 1708 ἑτέροις

371 1730 410 1798 ἢ
437 1731 610 1793 λέξιν
655 1731 902 1799 ἀμεῖψαι
942 1731 1060 1782 τῶν
1089 1731 1446 1798 ἐγκειμένων
1474 1732 1694 1794 ἐκεῖσε,
1736 1733 1774 1799 ἢ
1803 1732 1954 1799 μίαν

373 1823 523 1890 γοῦν
552 1821 890 1888 παραϐῆναι
937 1824 1282 1889 συλλαϐὴν,
1327 1822 1696 1889 μεμνημένοι
1722 1824 1829 1876 τοῦ
1855 1822 1951 1875 λέ-

373 1932 622 1983 τοντος·
660 1915 755 1982 Μὴ
805 1916 1046 1982 μέταιρε
1087 1916 1216 1982 ὅρια
1270 1914 1494 1979 αἰώνια,
1547 1913 1585 1966 ἁ
1643 1915 1850 1968 ἔθεντο
1899 1917 1952 1968 οί

377 2005 630 2071 πατέρες
660 2021 776 2058 σου
796 2021 810 2036 ⁸
848 2008 919 2057 οὺ
949 2006 1057 2070 γάρ
1107 2001 1270 2072 ἦσαν
1299 2004 1470 2057 αὐτοὶ
1499 2007 1551 2056 οἱ
1585 2003 1949 2067 λαλοῦντες,

374 2097 534 2150 ἀλλὰ
564 2098 627 2150 τὸ
658 2097 900 2166 Πνεῦμα
931 2097 1036 2149 τοῦ
1067 2097 1292 2163 Πατρός
1345 2095 1376 2148 ὃ
1405 2097 1785 2164 ἐκπορεύεται
1837 2095 1953 2162 μὲν

375 2187 443 2248 ἐξ
477 2187 682 2250 αὐτοῦ,
714 2188 845 2240 ἐστι
875 2187 942 2238 δὲ
976 2191 1084 2240 οὐκ
1117 2188 1438 2253 ἀλλότριον
1485 2189 1589 2240 τοῦ
1643 2188 1777 2241 Υἰοῦ
1803 2176 1954 2240 κατὰ

374 2277 483 2328 τὸν
512 2274 622 2342 τῆς
653 2277 868 2340 οὐσίας
919 2277 1126 2343 λόγον.
1188 2276 1434 2338 ’Λκούεις
1493 2276 1568 2338 ὡς
1610 2276 1670 2328 οὐ
1700 2276 1797 2344 τὴν
1836 2277 1951 2330 διάη

375 2385 527 2418 νοιαν
553 2367 734 2436 μόνον,
766 2368 900 2420 ἀλλὰ
931 2369 1024 2419 καὶ
1054 2367 1194 2436 (τὴν)
1230 2367 1375 2429 λέξιν
1401 2367 1496 2418 καὶ
1536 2367 1814 2436 συλλαϐὴν
1841 2385 1950 2418 κω-

375 2456 490 2508 λύει
520 2460 829 2525 μεταποιεῖν
858 2475 917 2510 τε
958 2460 1050 2510 καὶ
1075 2457 1454 2527 παραϐαίνειν.
1487 2462 1608 2511 οὐκ
1639 2458 1951 2526 ἐπιτρέπο-

373 2565 504 2616 μεν,
545 2553 736 2618 φησὶν,
781 2550 1019 2616 ἑαυτοῖς
1053 2550 1090 2618 ἢ
1128 2551 1372 2619 ἑτέροις,
1425 2553 1500 2614 ὡς
1550 2554 1612 2604 ἐκ
1655 2555 1947 2623 προσώπου

375 2645 476 2707 τῆς
503 2644 722 2695 συνόδου
775 2643 989 2712 πάσης·
1044 2644 1221 2696 καίτοι
1249 2661 1310 2710 γε
1349 2645 1701 2713 οἱκουμενικὴ
1731 2645 1950 2709 σύνοδος

375 2727 515 2799 ἦσαν
544 2747 559 2763 ο
592 2731 885 2784 ἀλλάύτοὶ
930 2733 1023 2784 τὸν
1061 2733 1184 2801 ὅρον
1213 2730 1398 2783 ἔθεντο
1425 2732 1860 2799 τῆςῆκωλύσεως.

454 2824 608 2877 ΛΑΤ.
658 2823 790 2878 υῧκ.
860 2824 998 2876 Ἀλλ’
1059 2823 1291 2890 ἑτέραν,
1352 2823 1508 2892 φησὶ,
1564 2825 1794 2886 πίστιν,
1851 2825 1950 2895 τὴν

377 2915 649 2977 ἐναντίαν,
674 2916 774 2985 τὴν
796 2914 1055 2983 ἀλλότρια
1079 2913 1516 2982 τῆςἘκκλησίας
1539 2915 1782 2983 δόγματα
1803 2915 1952 2985 ἐχου-

2049 467 2272 520 asseclis
2304 466 2532 529 editum,
2575 465 2719 532 quod
2751 459 3058 518 haereticam
3087 462 3411 516 sententiam
3441 463 3620 517 conti-

2049 555 2212 607 nebat
2240 564 2293 608 et
2356 569 2452 621 per
2503 553 2646 622 quod
2703 553 2862 606 etiam
2923 553 3198 618 baptizare
3233 552 3499 620 quosdam
3569 552 3623 605 in
3705 535 3710 539 1

2051 644 2217 712 Lydia
2251 645 2522 696 audebant
2566 644 2666 712 (al.
2703 644 2817 696 Hoc
2846 641 3037 697 Patres
3090 643 3400 711 pra-lectum
3459 658 3626 709 quum

2054 735 2394 788 audivissent
2433 743 2487 789 et
2520 736 2748 788 minime
2804 734 3151 789 tbierandum
3187 736 3236 790 id
3284 736 3630 802 iudicassent

2052 826 2120 878 ab
2152 840 2218 879 eo
2251 827 2343 894 qui
2399 826 2704 892 symbolum
2740 826 3031 878 immutare
3067 826 3245 886 vellet,
3275 827 3454 880 statim
3486 825 3630 880 deﬁ—

2051 917 2313 969 nitionem
2374 915 2742 984 protulerunt.
2795 929 2865 968 ne
2928 917 3163 984 amplius
3217 917 3342 984 quis
3396 917 3628 972 auderet

2053 1006 2344 1060 immutare
2388 1006 2545 1059 ﬁdem
2603 1020 2631 1058 a
2701 1004 2954 1058 Patribus
3004 1005 3306 1074 expositam
3368 1007 3450 1060 vel
3503 1007 3624 1061 ﬁdei

2051 1097 2379 1166 symbolum.
2413 1095 2596 1162 Quare
2630 1105 2684 1150 et
2717 1097 2908 1150 beatus
2950 1096 3187 1166 Cyri-llus
3219 1097 3272 1150 in
3303 1099 3533 1164 epistola
3558 1101 3622 1153 ad

2048 1185 2311 1240 Joannem
2342 1186 2746 1242 Antiocltenum
2798 1187 2965 1255 probe
3015 1188 3198 1243 sciens
3247 1204 3408 1242 suam
3452 1189 3624 1257 ipsius

2050 1279 2468 1347 praeceptionem
2520 1281 2655 1347 (ipse
2681 1280 2822 1334 enim
2855 1289 2971 1333 erat
2997 1295 3205 1349 magna!
3237 1281 3384 1335 illius
3429 1281 3624 1352 synodi

2051 1374 2288 1442 prmses),
2327 1373 2491 1427 Nullo
2517 1375 2688 1436 modo,
2723 1375 2921 1442 inquit,
2961 1377 3180 1428 sinimus
3208 1378 3412 1428 concuti
3465 1377 3624 1444 fidem

2050 1481 2081 1515 a
2120 1463 2366 1517 Patribus
2410 1468 2602 1518 nostris
2633 1467 2921 1532 expositam
2947 1467 3051 1519 sive
3113 1452 3236 1535 fidei
3287 1467 3574 1537 symbolum
3607 1485 3627 1530 ,-

2052 1573 2215 1618 neque
2244 1559 2379 1609 enim
2415 1567 2506 1610 aut
2538 1559 2682 1611 nobis
2714 1570 2806 1610 aut
2836 1559 2932 1612 ulli
2958 1562 3168 1612 omnino
3224 1561 3379 1613 alteri
3411 1564 3626 1630 permit-

2056 1650 2232 1710 timus,
2257 1649 2336 1701 vel
2369 1666 2528 1702 unam
2585 1650 2812 1703 vocalem
2854 1653 3139 1704 immutare
3172 1653 3242 1704 ibi
3272 1655 3516 1718 positam.
3549 1655 3632 1706 vel

2056 1755 2218 1791 unum
2249 1742 2411 1792 etiam
2461 1739 2726 1808 syllabam
2761 1742 3054 1808 prwterire,
3104 1758 3356 1796 memores
3389 1745 3508 1808 ejus
3538 1745 3631 1812 qui

2054 1829 2230 1882 dixit:
2259 1829 2340 1882 Ne
2371 1833 2661 1900 transferas
2713 1834 2963 1885 terminos
2996 1842 3218 1886 (vternos
3283 1835 3626 1903 (antiquos),

2055 1937 2182 1988 quos
2242 1929 2530 1989 posuerunt
2587 1929 2764 1989 patres
2827 1923 2922 1974 tui.
2960 1922 3081 1976 Non
3140 1927 3277 1977 enim
3329 1927 3426 1991 ipsi
3476 1934 3631 1978 erant

2055 2013 2144 2080 qui
2171 2012 2542 2081 loquebantur,
2594 2016 2685 2066 sed
2739 2014 2962 2079 Spiritus
3002 2010 3200 2081 Patris,
3251 2019 3341 2084 qui
3387 2007 3628 2086 procedit

2054 2107 2261 2173 quidem
2294 2107 2510 2176 exipso,
2537 2124 2626 2160 nec
2656 2108 2716 2160 ob
2763 2109 2817 2160 id
2845 2117 3020 2161 tamen
3056 2109 3262 2163 alienus
3298 2122 3375 2165 est
3414 2130 3445 2166 a
3484 2112 3629 2166 Filio

2053 2194 2337 2247 secundum
2370 2196 2606 2250 essentia:
2637 2199 2913 2252 rationem.
2965 2200 3135 2253 Audis
3200 2203 3476 2270 quomodo
3520 2207 3626 2259 non

2056 2290 2381 2343 sententiam
2410 2294 2717 2356 dumtaxat,
2752 2291 2844 2346 sed
2894 2292 3057 2346 etiam
3085 2295 3248 2348 verba
3273 2305 3325 2350 et
3389 2297 3628 2366 syllabas

2057 2378 2345 2433 immutare
2389 2387 2444 2434 ct
2496 2384 2803 2449 transgredi
2865 2391 3029 2436 vetat.
3075 2384 3198 2437 Non
3255 2387 3628 2453 permittimus,

2047 2470 2252 2537 inquit,
2283 2472 2432 2525 nobis
2459 2473 2538 2526 vel
2561 2474 2702 2538 aliis,
2737 2484 2993 2544 tanquam
3033 2491 3096 2530 ex
3131 2492 3360 2545 persona
3415 2480 3632 2533 univcr-

2057 2577 2132 2616 δερ
2171 2563 2383 2632 synodi.
2409 2563 2473 2616 Et
2501 2575 2678 2618 tamen
2702 2565 2755 2618 hi
2797 2570 3133 2621 mcumenica
3171 2568 3409 2638 synodus
3448 2581 3625 2624 erant.

2060 2651 2256 2707 Verum
2291 2653 2394 2723 ipsi
2428 2656 2794 2711 deﬁnitionem
2849 2659 3087 2713 tulerunt
3119 2661 3500 2729 prohibitionis
3526 2663 3622 2732 (ὑ).

2122 2832 2278 2886 LAT.
2309 2834 2550 2890 Minime.
2586 2835 2690 2891 Sed
2737 2837 2916 2894 aliam.
2942 2838 3116 2906 inquit
3139 2838 3316 2906 (conc.
3344 2837 3624 2898 Clialeed.)

2056 2926 2235 2992 fidem,
2291 2925 2540 2980 videlicet
2615 2931 2968 2993 contrariam,
3027 2930 3202 2983 aliena
3259 2930 3326 2983 ab
3383 2930 3627 2985 Ecclesia

380 3021 513 3058 σαν·
551 3007 673 3057 ἐπεὶ
712 3007 744 3075 ή
793 3004 1092 3067 ἀνάπτυξιν
1137 3005 1233 3054 καὶ
1297 3006 1601 3073 σαφήνειαν
1643 3005 1843 3074 ἔχουσα
1865 3007 1950 3058 πί-

2058 3018 2311 3086 dogmata
2350 3019 2821 3074 habentem.Nam
2855 3021 3008 3086 lidcs,
3048 3037 3166 3088 quae
3205 3022 3626 3091 explicationem

380 3113 499 3158 στις
543 3099 641 3148 οὐκ
678 3097 742 3148 ἂν
773 3096 858 3162 εἴη
893 3097 1108 3154 πάντως
1138 3094 1300 3162 ἐτέρα
1328 3135 1340 3157 ,
1381 3095 1486 3146 κᾶν
1522 3097 1638 3164 μιᾷ,
1677 3096 1781 3149 κᾶν
1827 3098 1954 3149 πολ-

377 3188 496 3248 λαῖς
518 3187 746 3257 διαφέρῃ
771 3185 998 3249 λέξεσιν.

456 3278 557 3330 ΓΡ.
584 3276 854 3345 Θαυμάζω
906 3276 1022 3338 πῶς
1071 3277 1170 3328 οὐκ
1217 3277 1324 3329 ἀπὸ
1364 3276 1472 3328 τῶν
1502 3276 1701 3342 λέξεων
1727 3277 1954 3348 δοκιμά-

380 3369 496 3432 ζεις
525 3369 624 3437 τὴν
673 3368 910 3420 διάνοιαν
953 3368 1061 3418 τῆν
1101 3367 1388 3428 εἰπόντων,
1440 3367 1575 3420 ἀλλὰ
1624 3368 1822 3435 μᾶλλον
1852 3369 1951 3431 τὰς

378 3462 550 3524 λέξεις
572 3460 751 3522 ἕλκεις
796 3460 932 3529 πρρς
971 3458 1033 3510 τὸ
1067 3458 1263 3510 σαυτοῦ
1303 3459 1572 3526 βούλημα.
1609 3459 1682 3510 Τὸ
1727 3460 1836 3529 γὰρ
1891 3459 1953 3511 τὸ

379 3555 567 3623 ἕτερον
598 3551 803 3605 οἴεσθαι
833 3528 894 3602 τί)
925 3550 1163 3602 ἐναντίον
1189 3549 1382 3619 δηλοῦν
1429 3551 1620 3618 ἀνδρός
1647 3528 1952 3602 ἐστιννάσό-

382 3662 484 3713 φου
510 3644 628 3696 οὐδὲ
687 3644 888 3704 εἰδότος
941 3641 1276 3709 ἐφαρμόζειν
1327 3643 1392 3709 τῇ
1450 3641 1558 3694 τῶν
1611 3642 1954 3712 πραγμάτων

383 3736 543 3805 φύσει
567 3735 662 3806 τὴν
687 3734 900 3802 ἑκάστῳ
930 3732 1267 3800 κατάλληλον
1291 3732 1457 3796 λέξιν.
1500 3733 1626 3786 Ἐπὶ
1654 3733 1814 3785 πλέον
1845 3734 1954 3802 γὰρ

383 3833 551 3900 δήπου
581 3829 670 3881 τοῦ
701 3829 946 3881 ἐναντίου
977 3827 1039 3879 τὸ
1061 3826 1249 3896 ἕτερον
1278 3828 1371 3878 καὶ
1417 3827 1476 3878 ού
1534 3828 1642 3878 πᾶν
1682 3826 1742 3877 τὸ
1769 3827 1954 3893 ἔτερόν

382 3939 526 3983 τινος
563 3922 662 3992 ’ήδη
695 3921 788 3973 καὶ
820 3917 1093 3971 ἐναντίον·
1117 3917 1401 3983 ἄνθρωπος
1438 3917 1547 3987 γὰρ
1577 3917 1743 3968 ἵππου
1769 3917 1954 3984 ἕτερον

386 4011 484 4077 μὲν
512 4010 589 4078 τῷ
639 4009 792 4072 εἴδει,
821 4007 1063 4060 ἐναντίον
1095 4005 1151 4057 δὲ
1179 4004 1430 4072 οὐδαμῶς
1453 4019 1466 4033 ·
1516 4007 1581 4074 τῇ
1636 4005 1744 4072 γὰρ
1796 4005 1955 4072 οὐσίᾳ

383 4099 538 4150 οὐδὲν
569 4098 830 4150 ἐναντίον.
865 4095 980 4150 Οὐκ
1009 4094 1075 4148 ἃν
1099 4091 1191 4148 οὖν
1216 4095 1301 4148 διὰ
1327 4096 1426 4162 τῆς
1461 4094 1667 4162 ἐτέρας
1693 4095 1954 4160 πίστεως

383 4189 480 4261 τὴν
535 4190 782 4242 ἐναντίαν
830 4190 1074 4257 ἐδήλουν,
1113 4189 1303 4258 ὥσπερ
1345 4189 1520 4251 οὐδεὶς
1553 4190 1640 4242 διὰ
1691 4190 1788 4242 τοῦ
1811 4188 1952 4254 ζώου

383 4280 532 4350 δηλοί
564 4280 652 4332 τὸν
686 4279 992 4348 ἄνθρωπον.
1025 4320 1038 4333 .
1081 4319 1095 4332 .
1138 4318 1152 4333 .
1200 4321 1212 4334 .
1259 4319 1272 4332 .
1319 4321 1329 4332 .

455 4460 608 4514 ΛΑΤ.
649 4458 790 4525 Ἐγὼ
829 4459 930 4526 μὲν
960 4459 1170 4512 οὐδέπω
1202 4459 1366 4528 μέχρι
1401 4461 1496 4510 κοιὶ⁸
1554 4459 1650 4513 νῦν
1684 4460 1856 4528 ἔφθην
1888 4461 1956 4514 τὰ

380 4549 604 4602 τοιαῦτα
635 4549 963 4620 μεμαθηκώς
987 4569 1000 4582 ·
1028 4550 1299 4618 θαυμάζω
1328 4550 1384 4601 δὲ
1413 4549 1508 4602 νῦν
1537 4551 1636 4619 ἢδη
1675 4553 1802 4613 τοὺς
1856 4552 1955 4621 τὴν

385 4642 701 4711 προσθήκην
746 4643 802 4704 ἐξ
847 4641 1022 4708 ἀρχῆς
1047 4641 1446 4708 τολμήσαντας,
1483 4641 1530 4690 εἰ
1561 4642 1831 4692 τοσούτων
1861 4643 1954 4693 6v-

380 4749 489 4783 των
542 4733 650 4784 τῶν
699 4732 1038 4800 κωλυμάτων
1087 4732 1184 4782 οὐκ
1241 4731 1546 4800 ᾐδέσθησαν
1579 4731 1727 4798 ὅμως
1779 4731 1951 4800 αὐτὴν

382 4821 617 4884 ἐξειπεῖν
649 4824 743 4873 καὶ
769 4823 878 4883 τοῖς
909 4822 1028 4890 μετ’
1066 4820 1262 4879 αὐτοὺς
1291 4817 1653 4886 παραδοῦναι.

459 4978 535 5047 (1)
566 4978 764 5032 Confer
800 4979 1057 5047 eumdem
1117 4986 1247 5047 text.
1294 4977 1434 5044 apud
1495 4975 1706 5031 Cantat.
1733 4993 1786 5032 c.
1823 4978 1945 5034 lOi.

385 5045 482 5101 Gr.
520 5045 668 5100 ortb.
704 5057 743 5097 t.
775 5045 838 5103 ll,
877 5061 928 5111 p.
967 5045 1093 5109 452,
1128 5046 1278 5112 455.)

459 5117 534 5184 (a)
570 5114 701 5168 Vide
724 5129 881 5184 conc.
909 5113 1163 5184 Ephcstui
1201 5131 1339 5168 sess.
1369 5113 1430 5165 ν.
1463 5115 1625 5168 llard.
1653 5131 1810 5171 conc.
1841 5125 1878 5170 ι.
1905 5118 1946 5181 Ι,

385 5203 437 5256 p.
475 5182 611 5256 1515
643 5201 758 5250 set].
790 5183 984 5242 Mansi,
1020 5193 1058 5256 ι.
1088 5182 1176 5246 IV,
1208 5200 1269 5256 p._
1302 5185 1434 5236 1547
1471 5201 1586 5251 ch.

460 5256 533 5323 (ὁ)
563 5255 692 5318 Quae
719 5253 1146 5323 insequentibus
1171 5253 1460 5323 ad_duntur,
1492 5264 1620 5307 sunt
1649 5272 1662 5306 :
1696 5257 1749 5308 1ο
1772 5255 1950 5310 Theo—

387 5321 559 5377 doreti
594 5327 752 5376 verba
780 5323 845 5375 de
873 5322 1074 5375 litteris
1101 5337 1166 5374 ex
1197 5321 1426 5390 [Egypto
1455 5324 1505 5373 in
1545 5324 1942 5380 Antiochenum

389 5393 816 5462 patriarchatum
849 5392 1028 5462 missis
1049 5429 1062 5452 ,
1095 5405 1221 5462 quae
1252 5392 1372 5462 vide
1403 5407 1565 5462 supra
1607 5396 1749 5458 apud
1816 5395 1951 5449 Gre-

386 5457 596 5530 'gorium
657 5460 1324 5530 constantinopolitanum
1362 5458 1414 5530 in
1439 5457 1606 5512 Marci
1647 5457 1946 5517 confessio-

385 5527 508 5582 nem
533 5545 650 5594 cap.
690 5529 772 5593 V;
809 5529 866 5578 2°
893 5527 1060 5582 Conc.
1090 5527 1352 5580 Chalced.
1388 5528 1668 5581 Decretum
1709 5547 1848 5586 sess.
1880 5533 1946 5588 V.

389 5597 577 5666 (llard.
608 5597 669 5657 ll,
695 5613 747 5664 p.
770 5597 1100 5666 455.'Mansi
1140 5596 1246 5659 V’ll,
1288 5596 1483 5649 vll8.—
1519 5597 1663 5651 Patr.
1695 5599 1785 5654 Gr.
1815 5612 1946 5657 tom.

387 5665 496 5742 Cll,
523 5682 577 5736 p.
615 5667 743 5737 364,
775 5668 923 5737 505.)
954 5665 1079 5723 Haec
1105 5668 1208 5721 hoc
1243 5668 1359 5721 loco
1391 5669 1590 5721 omissa
1626 5681 1774 5724 sunt.

2057 3118 2110 3162 et
2145 3110 2592 3164 dilucidationem
2635 3111 2903 3176 continet,
2934 3125 3043 3165 non
3077 3114 3180 3166 erit
3239 3127 3461 3180 prorsus
3499 3127 3630 3168 con-

2057 3201 2246 3263 traria,
2281 3201 2396 3253 sive
2437 3215 2568 3262 uno,
2594 3201 2710 3256 sive
2743 3202 2928 3256 multis
2969 3205 3149 3257 verbis
3177 3203 3412 3259 diﬁ‘erat.

2127 3287 2241 3342 GR.
2279 3289 2444 3343 Miror
2475 3290 2752 3358 quomodo
2807 3305 2912 3344 non
2948 3306 3014 3344 ex
3057 3292 3234 3345 verbis
3284 3307 3478 3346 eruere
3517 3301 3633 3347 ten-

2059 3389 2141 3433 tas
2167 3393 2388 3434 sensum
2419 3380 2780 3448 loquentium,
2812 3381 2906 3434 sed
2929 3383 3109 3449 potius
3155 3383 3312 3436 verba
3356 3383 3527 3438 trahis
3563 3386 3630 3438 ad

2059 3481 2210 3524 tuum
2244 3471 2518 3539 pr0prium
2561 3471 2981 3538 beneplacitum.
3014 3473 3146 3526 Nam
3173 3473 3423 3527 arbitrari
3481 3473 3632 3528 aliud

2056 3562 2366 3631 signiﬁcare
2401 3563 2453 3616 id
2477 3563 2618 3630 quod
2650 3563 3129 3626 contrarium,viri
3163 3566 3386 3619 minime
3411 3567 3630 3635 sapien-

2061 3654 2130 3707 tis
2161 3662 2266 3716 est,
2300 3663 2354 3706 et
2401 3652 2519 3721 ejus
2544 3653 2637 3721 qui
2673 3654 2985 3722 neutiquam
3013 3655 3225 3709 noverit
3255 3670 3435 3708 rerum
3467 3665 3631 3733 natu-

2060 3763 2132 3800 rae
2167 3747 2388 3800 verbum
2440 3746 2662 3800 cuilibet
2717 3763 3023 3817 congruum
3083 3749 3362 3818 adaptare.
3442 3749 3630 3804 Latius

2058 3838 2203 3891 enim
2237 3847 2384 3908 patet
2417 3839 2565 3892 aliud
2601 3852 2698 3893 seu
2725 3838 3028 3904 diversum,
3061 3854 3224 3908 quam
3268 3843 3630 3904 contrarium,

2057 3935 2110 3980 et
2141 3938 2246 3978 non
2294 3939 2456 3980 omne
2507 3926 2650 3995 quod
2693 3940 2723 3980 a
2756 3929 3010 3996 quopiam
3050 3927 3322 3982 diversum
3350 3940 3455 3997 est,
3516 3931 3628 4000 jam

2057 4015 2105 4067 ei
2135 4025 2218 4069 est
2265 4015 2625 4069 contrarium.
2684 4017 2876 4082 Homo,
2910 4018 3062 4072 verbi
3116 4019 3312 4086 gratia,
3348 4019 3490 4073 aliud
3547 4029 3633 4074 est

2057 4094 2239 4172 specie
2291 4107 2360 4160 ab
2423 4120 2584 4176 equo,
2644 4107 2980 4162 contrarium
3036 4123 3166 4162 vero
3225 4109 3377 4162 nullo
3441 4109 3624 4163 modo.

2060 4197 2388 4253 Subslantite
2432 4199 2577 4252 enim
2639 4199 2775 4253 nihil
2815 4209 2900 4255 est
2961 4201 3315 4256 contrarium.
3347 4199 3462 4255 Non
3500 4217 3630 4271 ergo

1980 4323 2034 4382 Β
2061 4305 2153 4357 per
2195 4291 2358 4343 aliam
2419 4291 2575 4357 ﬁdem
2630 4291 3008 4360 signiticarunt
3041 4293 3228 4349 Patres
3279 4295 3631 4358 contrariam,

2059 4381 2201 4436 sicut
2235 4396 2396 4435 nemo
2419 4395 2513 4449 per
2534 4382 2734 4433 animal
2764 4382 3035 4450 signiﬁcat
3090 4385 3360 4436 hominem
3405 4384 3496 4448 (c).

2129 4471 2286 4528 LAT.
2318 4471 2429 4541 Ego
2446 4473 2664 4539 quidem
2701 4472 2986 4541 hucusque
3011 4474 3134 4527 talia
3169 4474 3409 4528 nondum
3441 4473 3630 4540 didici;

2059 4562 2229 4616 miror
2257 4571 2436 4617 autem
2471 4562 2583 4630 jam
2616 4576 2733 4626 cos,
2764 4562 2857 4630 qui
2903 4561 3155 4628 primitus
3191 4563 3329 4617 hanc
3387 4565 3627 4638 a‘dditio-

2061 4668 2184 4706 nem
2223 4651 2400 4707 facere
2439 4651 2556 4705 ausi
2608 4661 2755 4717 sunt,
2794 4653 2936 4719 quod
2988 4667 3114 4706 cum
3140 4661 3221 4707 tot
3272 4667 3455 4709 essent
3508 4673 3631 4725 pro-

2061 4743 2374 4808 hibitiones,
2413 4752 2593 4797 tamen
2623 4758 2729 4795 non
2759 4751 2886 4798 sunt
2911 4743 3068 4797 veriti
3101 4759 3218 4800 eam
3273 4745 3453 4814 eloqui
3480 4765 3630 4803 eant-

2057 4847 2162 4903 que
2197 4834 2429 4902 posteris
2467 4831 2837 4887 transmittere
2863 4832 2956 4898 (c).

2129 4987 2511 5056 (c)Provocat
2553 4987 2792 5040 breviter
2845 4986 2910 5040 ad
2971 4989 3264 5043 concilium
3336 4990 3627 5054 septimum

2056 5068 2164 5112 act.
2231 5056 2320 5118 Vl,
2372 5073 2423 5112 a.
2457 5055 2580 5119 880,
2635 5067 2688 5110 et
2747 5059 2812 5111 ad
2868 5072 3108 5124 spartam
3161 5059 3384 5112 Joannis
3417 5057 3527 5112 Vlll
3563 5063 3630 5113 ad

2055 5126 2302 5180 emndem
2336 5128 2588 5180 Photium
2618 5128 2924 5196 epistolam.
2961 5127 3143 5196 ibique
3191 5142 3414 5196 prorsus
3442 5129 3630 5182 iisdem

2057 5196 2598 5266 utitur_vcrl)is,iqu:e
2626 5195 2678 5266 in
2707 5199 2823 5262 ejus
2879 5195 3235 5253 Confessione
3269 5211 3430 5265 supra
3461 5201 3628 5266 edita,

2054 5281 2176 5332 cap.
2205 5264 2320 5316 XVI
2356 5275 2408 5317 et
2445 5263 2605 5325 XVII.
2637 5265 2906 5333 leguntur.

2128 5335 2204 5403 (d)
2232 5333 2496 5404 Nimirum
2529 5335 2750 5388 Latinus
2785 5335 2956 5388 victas
2983 5335 3076 5389 dat
3103 5352 3319 5399 manus,
3361 5346 3418 5390 ut
3453 5338 3627 5404 Epho-

2055 5404 2136 5456 sio
2167 5404 2384 5470 placuit.
2439 5403 2540 5457 Eas
2600 5415 2705 5456 tam
2732 5420 2778 5456 -n
2837 5403 3150 5458 Grmcorum
3201 5409 3449 5459 rationes
3495 5403 3629 5460 Satis

2053 5473 2378 5542 inlirinaset
2413 5473 2523 5539 jam
2569 5472 2827 5527 Ferraria:
2869 5475 3183 5542 plerumque
3223 5474 3482 5529 refutatas
3525 5476 3633 5526 La-

2056 5544 2151 5595 tini
2216 5541 2416 5594 dudum
2489 5553 2799 5610 perspectas
2859 5541 3162 5597 habuerunt
3232 5545 3407 5612 iisque
3483 5549 3631 5598 nullo

2056 5626 2281 5680 prorsus
2312 5612 2526 5680 negotio
2562 5623 2938 5667 occurrerunt.
