4152 6280
584 527 719 590 1107

1671 524 2045 588 ΟΕΝΝΑΒΙΙ
2088 531 2190 591 CP.
2233 533 2506 594 PATRIA
2525 537 2742 597 RCIL‘E

3681 533 3823 598 1108

578 631 926 702 ὖ(ἶνίίλοτέρο)ν
966 633 1140 685 ποιεῖν
1174 633 1270 686 καὶ
1321 635 1384 686 τὰ
1433 636 1508 704 μὴ
1560 638 1823 701 δμοειδιῖλς
1875 641 2153 722 πριοῦντα,
2183 659 2227 713 Α
2257 651 2356 717 τὴν
2382 650 2473 702 τοῦ
2519 650 2734 718 πρώτου
2784 643 3060 708 ποιοῦντος
3111 647 3358 715 δύναμιν.
3411 645 3665 698 Ἔκείνων
3722 649 3826 711 μὲν

579 723 815 790 μάλιστα
851 723 916 777 ἂν
938 724 1117 777 αὑτῶν
1139 726 1284 778 αἴτια
1321 727 1404 796 εῐη
1427 727 1555 796 ἄχρι
1593 730 1654 798 δὴ
1709 731 1801 782 καὶ
1827 732 1996 798 αὐτῆς
2051 732 2149 798 τῆς

575 811 799 882 πρώτης
825 813 1021 877 αἰτίας,
1053 813 1086 883 ἥ
1119 815 1493 880 πάμπλειστον
1521 818 1618 885 μὲν
1671 818 1988 885 ὑπέρκειται
2039 818 2148 870 τῶν

573 900 846 970 γεννητῶν
877 903 970 953 καὶ
998 901 1248 970 φθαρτῶν
1299 904 1522 966 τούτων,
1581 906 1874 974 αἰτιωτάτη
1918 907 1974 959 δέ
2036 910 2148 958 ἐστι

577 992 692 1052 τοῖς
727 991 1047 1059 προσεχέσιν
1079 992 1272 1056 αἰτίοις
1317 994 1494 1046 αὑτῶν
1527 995 1618 1048 τοῦ
1679 996 1738 1060 ἐξ
1787 997 1964 1050 αὐτῶν
2011 997 2152 1050 αὐτά

576 1081 842 1149 γίνεσθαι.
864 1083 1010 1152 Αὑτὴ
1046 1085 1154 1151 γάρ
1181 1087 1347 1147 ἐστιν,
1378 1088 1409 1155 ή
1447 1087 1541 1148 τὰς
1571 1086 1826 1154 δυνάμεις
1866 1087 1972 1139 τῶν
2015 1088 2154 1140 ἀνω-

577 1174 753 1242 τέρων
781 1175 996 1226 πάντων
1028 1176 1236 1238 αἰτίων,
1288 1177 1382 1230 καί
1433 1176 1595 1230 αὑτοῦ
1629 1176 1722 1228 τοῦ
1755 1179 2031 1247 προσεχῶς
2057 1178 2151 1231 καὶ

577 1266 900 1329 τελευταίως
925 1267 1263 1336 παράγοντος
1292 1269 1350 1321 τὸ
1374 1269 1677 1336 γινόμενον,
1743 1269 1890 1337 αὑτῷ
1941 1271 2151 1339 προσά-

581 1374 754 1423 γουσα
792 1357 866 1425 τῷ
891 1359 1180 1424 γινομένῳ,
1213 1359 1306 1409 καὶ
1353 1359 1478 1412 ἄνευ
1505 1359 1603 1426 τῆς
1627 1360 1907 1426 δυνάμεως
1939 1362 2151 1430 ἐκείνης

518 1439 523 1450 ’
582 1444 734 1496 οὐδὲν
760 1445 823 1498 ἂν
857 1446 1064 1511 γένοιτο
1097 1447 1153 1508 ἐξ
1205 1447 1480 1501 ἁπάντων.
1522 1450 1600 1500 Δι’
1639 1448 1667 1500 ὃ
1703 1450 1796 1500 καὶ
1833 1449 1944 1502 τῶν
1997 1451 2154 1518 ἐσχά-

581 1553 692 1588 των
717 1537 934 1603 ἁμέσως
990 1539 1269 1606 ποιητικός
1323 1542 1473 1592 ἐστιν
1521 1540 1548 1590 6
1579 1539 1706 1615 Θεὸς
1759 1540 1910 1593 οὐδὲν
1966 1535 2151 1612 ἦττον,

585 1627 762 1680 καίτοι
792 1631 884 1682 καὶ
904 1627 972 1680 δι’
991 1629 1164 1682 ἄλλων
1188 1630 1374 1682 αἰτίων
1406 1631 1821 1698 παραγομένων.

658 1715 843 1770 Ταῦτα
873 1717 1057 1769 τοίνυν
1081 1717 1146 1768 τὰ
1180 1717 1304 1769 ὅντα
1333 1717 1369 1770 ἀ
1398 1718 1491 1770 καλ⁵
1537 1718 1671 1771 αὑτὰ
1729 1720 1836 1770 τῶν
1881 1719 2153 1788 γεννητῶν

2253 742 2361 808 γὰρ
2391 741 2624 793 ἕκαστον
2653 741 2751 808 τήν
2780 737 2874 791 τοῦ
2907 738 3221 804 κατωτέρου
3249 736 3475 803 δύναμιν
3532 735 3592 786 o6
3650 736 3823 794 ποιεῖ,

2253 827 2368 878 ἀλλ’
2389 828 2453 877 ἐκ
2487 826 2623 878 Θεοῦ
2651 825 2992 894 πεποιημένῃ
3029 825 3227 894 χρῆται
3255 825 3433 890 μόνον.
3487 825 3830 891 Δημιουργεῖ

2250 912 2307 964 δέ
2337 914 2364 964 6
2394 912 2525 974 Θεὸς
2555 914 2648 965 καὶ
2671 913 2770 974 τὰς
2800 915 3016 966 πάντων
3045 912 3304 978 δυνάμεις
3358 912 3496 981 μετά
3556 911 3667 964 τῶν
3732 913 3826 963 o6-

2254 1002 2407 1057 σιῶν.
2445 1003 2554 1054 Καὶ
2586 1003 2914 1072 δημιουργὸς
2947 1004 3046 1072 μέν
3081 1022 3162 1067 τις
3187 1006 3244 1057 ἐν
3276 1002 3579 1072 ἀνθρώποις
3623 1002 3828 1071 τέχνης

2251 1095 2394 1156 τινὸς
2424 1096 2699 1163 ποιήσειεν
2723 1097 2788 1150 ἂν
2819 1097 2878 1148 τὸ
2905 1097 3004 1163 τῆς
3026 1095 3220 1165 τέχνης
3242 1096 3490 1163 δργανον,
3551 1091 3670 1146 εἶτα
3725 1093 3827 1146 καὶ

2253 1185 2588 1253 χρήσαιτο,ἢ
2622 1187 2886 1252 χρήσαιτο
2913 1187 2974 1252 ἐξ
3001 1185 3160 1240 ἄλλου
3199 1185 3376 1236 λαϐὼν
3409 1201 3423 1216 ο
3454 1184 3567 1237 ἀλλ’
3601 1185 3701 1236 οὑκ
3761 1183 3830 1236 άν

2256 1290 2384 1326 ποτε
2416 1275 2508 1326 καὶ
2530 1275 2764 1341 ὀργάνου
2795 1275 2965 1344 χωρίς
2985 1275 3332 1328 ἀποτελέσειέ
3362 1291 3414 1325 τι
3435 1273 3541 1325 τῶν
3563 1275 3627 1340 τῇ
3655 1273 3827 1341 τέχνῃ

2253 1364 2488 1418 οἰκείων.
2531 1366 2588 1418 Ὀ
2611 1367 2666 1420 δὲ
2706 1367 2837 1430 Θεὸς
2862 1368 2989 1421 ἄνευ
3030 1367 3262 1434 ὀργάνου
3301 1368 3473 1417 ποιεῖν
3521 1364 3825 1429 δυνάμενος
3850 1364 3896 1418 .a‘

2253 1453 2456 1507 ἕκαστα
2477 1455 2572 1508 καὶ
2606 1457 2774 1509 ποιῶν
2816 1458 2964 1509 ἔστιν
3002 1456 3036 1510 ι
3068 1457 3133 1524 τά
3170 1455 3304 1508 αὐτὰ
3338 1455 3429 1506 καὶ
3473 1453 3540 1506 δι’
3566 1452 3825 1521 ὁργάνων

2255 1548 2400 1598 ποιεῖ
2423 1547 2706 1615 περιουσίᾳ
2743 1547 2934 1614 σοφίας
2964 1547 3055 1599 καί.
3082 1545 3438 1614 ἀγαθότητος,
3476 1545 3543 1596 τὰ
3593 1545 3649 1596 ἐν
3707 1547 3827 1604 τοῖς

2255 1641 2532 1704 γεννητοῖς
2570 1640 2834 1708 δηλονότι.
2869 1640 3055 1711 Ταύτῃ
3083 1656 3164 1691 τοι
3192 1639 3284 1691 καὶ
3333 1639 3403 1691 τά
3459 1638 3587 1689 ὅντα
3638 1637 3826 1689 πάντα

2255 1730 2534 1795 ποιήματα
2559 1730 2821 1796 γεγονότα
2855 1729 3019 1782 αὑτοῦ
3047 1731 3295 1782 κοινωνεῖ
3331 1729 3426 1797 μὲν
3472 1728 3568 1795 τῆς
3631 1727 3824 1795 όμοιό⁴

588 1807 727 1857 εἰσιν
761 1807 928 1871 αῐτια,
958 1809 1203 1874 κινήσεσι
1266 1808 1360 1858 καὶ
1405 1807 1664 1876 δυνάμεσι
1710 1812 1804 1862 καὶ
1853 1809 2152 1877 ἐνεργείαις
2252 1835 2414 1887 τητος
2445 1819 2611 1871 αὑτοῦ
2633 1821 2938 1891 ἀμωσγέπη
2971 1835 2987 1852 ⁸
3018 1821 3100 1872 δεῖ
3140 1819 3248 1889 γὰρ
3276 1819 3336 1873 τὸ
3384 1819 3542 1887 ἔργον
3587 1820 3830 1873 ἐοικέναι

586 1897 882 1965 διαφόροις,
911 1897 1051 1949 κατὰ
1087 1898 1183 1965 τὴν
1219 1898 1276 1949 ἐν
1305 1897 1382 1962 τῷ
1417 1898 1579 1950 παντὶ
1625 1897 1775 1971 τάξεζλ
1827 1897 2028 1964 αὗτῶν,
2059 1899 2152 1950 καὶ
2184 1978 2212 1980 _
2255 1925 2331 1976 πη
2357 1908 2434 1978 τῷ
2453 1909 2688 1980 τεχνίτῃ,
2713 1913 2806 1963 καὶ
2839 1911 2904 1963 τά
2936 1911 3031 1980 μὲν
3060 1912 3117 1963 ἐν
3140 1911 3368 1976 πλείοσι,
3395 1910 3461 1961 τὰ
3485 1910 3542 1962 δὲ
3573 1912 3632 1963 ἐν
3669 1911 3832 1963 ἐλάτ-

591 1983 652 2038 τδ
673 1985 917 2046 αξτιῶδεῖ
943 1985 1076 2054 "Pb;
1105 1985 1172 2036 τὰ
1209 1985 1407 2054 ἔσχατα
1442 1984 1616 2038 ταῦτα
1649 1987 1862 2056 ἔχουσιν
1897 1987 2153 2056 εἰληφότα
2179 1978 2228 2039 Β
2256 2018 2370 2054 τοσι
2397 1978 2804 2055 κοινωνεῖηκατὰ
2842 1978 2946 2069 τὴν
2980 2001 3141 2069 φύσιν
3187 2001 3280 2054 τοῦ
3311 2000 3484 2063 είδους
3533 1999 3642 2052 εἴτε
3673 1999 3832 2051 πλεί-

589 2074 697 2129 ἀπὸ
737 2075 893 2136 Θεοῦ,
918 2074 1055 2128 ὥστε
1095 2077 1322 2128 ἑκάστου
1350 2078 1458 2128 τῶν
1487 2077 1786 2144 γινομένων
1815 2077 1991 2130 πάντα
2019 2075 2155 2148 όμοῦ

593 2167 731 2235 μετά
753 2183 895 2229 τινος
931 2167 1135 2232 τάξεως
1186 2168 1332 2218 αῖτια
1364 2161 1500 2220 εῖναι
1539 2182 1556 2199 ο
1601 2166 1740 2232 ζὼου
1777 2169 1875 2236 μὲν
1928 2167 2034 2235 γὰρ
2076 2167 2160 2222 al-

589 2276 705 2313 τιον
737 2259 795 2311 τὸ
821 2261 876 2310 ὲν
905 2258 1052 2327 αὑτῷ
1089 2259 1220 2310 εῖδει
1243 2260 1402 2324 ζῶον,
1436 2260 1601 2321 ἵππος
1629 2260 1815 2320 ἵππου,
1851 2259 1946 2313 καὶ
2008 2260 2158 2313 λέον-

591 2367 682 2414 τος
703 2352 763 2404 τὸ
795 2351 1058 2420 ὁμοειδὲς,
1091 2354 1186 2405 καὶ
1217 2351 1394 2419 ἰχθύος
1420 2352 1474 2403 δὲ
1505 2353 1786 2416 ὡσαύτως,
1817 2353 1909 2404 καὶ
1948 2352 2156 2422 πτηνοῦ

593 2445 692 2496 καὶ
715 2444 884 2511 φυτοῦ
909 2459 922 2475 ·
954 2445 1100 2496 αῐτια
1118 2442 1173 2494 δὲ
1207 2441 1372 2495 αὑτοῦ
1390 2442 1455 2494 τὰ
1489 2443 1720 2509 στοιχεῖα
1746 2459 1760 2473 ο
1789 2442 1938 2495 αῐτια
1963 2443 2023 2512 δὴ
2064 2443 2158 2495 καὶ

597 2535 796 2603 σελήνη
850 2535 941 2586 καὶ
977 2536 1023 2586 οἱ
1056 2535 1202 2588 ἄλλοι
1225 2535 1451 2599 ἀστέρες
1483 2535 1575 2586 καὶ
1605 2535 1753 2603 ἥλιος
1782 2535 2036 2602 μάλιστα,
2064 2535 2159 2585 καὶ

596 2625 820 2694 οὐρανὸς
880 2625 1018 2695 ὑπὲρ
1061 2624 1251 2687 ταῦτα,
1283 2619 1355 2678 ὧν
1402 2627 1610 2691 ἑκάστῳ
1665 2628 1762 2695 μὲν
1786 2628 1938 2683 ,ἔστιν
1976 2626 2161 2678 αίτιὼ-

602 2731 780 2786 τερον,
809 2716 870 2768 τὸ
902 2715 1230 2783 συνώνυμον,
1275 2715 1458 2775 ἁπλῶς
1485 2715 1539 2765 δὲ
1567 2717 1624 2766 τὸ
1658 2716 1978 2783 κοινότερον.
2038 2715 2161 2766 Ὅτι

595 2823 653 2858 τε
682 2806 938 2858 πλειόνων
969 2807 1104 2867 ἐστὶ,
1125 2805 1218 2856 καὶ
1235 2804 1378 2872 αὐτῷ
1409 2804 1484 2872 τῷ
1515 2807 1726 2873 ἐσχάτῳ
1753 2806 2049 2874 παράγοντι
2069 2804 2161 2857 τυῦ

598 2911 658 2946 τε
687 2893 940 2960 γενέσθαι
972 2895 1062 2945 καὶ
1097 2890 1233 2946 εἶναι
1256 2893 1347 2943 τοῦ
1376 2910 1434 2943 τε
1467 2896 1633 2944 ποιεῖν
1657 2894 1844 2945 αἴτιον.

669 2983 993 3043 Κοινότατος
1024 2982 1078 3032 δὲ
1104 2985 1195 3032 καὶ
1225 2980 1447 3048 ἔσχατος
1472 2981 1638 3042 αἴτιος
1661 2981 1686 3031 6
1719 2980 1848 3042 Θεός
1885 2997 1900 3010 ⁸
1925 2980 2164 3049 ἔστιγὰρ

598 3073 706 3126 τῶν
732 3073 1001 3142 δευτέρων
1049 3072 1265 3126 πάντων
1297 3071 1599 3140 ποιητικὸς,
1632 3073 1725 3124 καὶ
1755 3071 2036 3139 δυνάμεως
2069 3073 2165 3123 αὑ-

598 3165 710 3218 τῶν
738 3165 974 3232 ἀπάσης,
1009 3165 1100 3216 καὶ
1132 3165 1432 3232 ἐνεργείας,
1463 3163 1556 3214 καὶ
1588 3164 1653 3231 τῇ
1716 3162 1876 3214 αὑτοῦ
1939 3163 2164 3232 δυνάμει

601 3259 782 3310 ἐκεῖνα
813 3258 991 3309 πάντα
1023 3255 1284 3316 ποιοῦσιν,
1311 3254 1369 3305 οὑ
1406 3253 1482 3321 τῷ
1526 3253 1671 3316 ἆπαξ
1703 3253 1919 3320 δοθῆναι
1980 3254 2162 3316 αὑτοῖς

599 3348 697 3419 τὴν
727 3346 818 3401 τοῦ
853 3349 1022 3398 ποιεῖν
1045 3345 1282 3414 δύναμιφ
1305 3346 1484 3413 μόνον,
1515 3344 1648 3395 ἀλλὰ
1680 3347 1770 3396 καὶ
1799 3344 1875 3412 τῷ
1922 3343 2162 3411 διηνεκὲς

600 3443 701 3512 τὴν
732 3441 901 3511 αὑτήν
937 3440 1115 3502 αὐτοῖς
1149 3439 1402 3501 δίδοσθαι,
1431 3439 1546 3500 ἑνὸς
1597 3437 1749 3501 ὄντος
1807 3439 1934 3508 περὶ
1985 3439 2164 3490 αὑτῶν

599 3534 692 3589 τοῦ
731 3534 873 3585 θείου
891 3532 1235 3602 βουλήματος
1267 3532 1322 3594 ἐξ
1361 3531 1482 3582 ὅτου
1517 3529 1846 3596 ὑπέστησαν,
1904 3529 1998 3581 καὶ
2027 3529 2168 3579 ἐκεῖ·

600 3629 692 3681 θεν
724 3631 802 3691 εἰς
825 3628 950 3688 τοὺς
995 3625 1198 3686 αἰῶνας
1249 3623 1602 3682 διατείνοντος
1654 3621 1895 3690 ἐνεργοῦ.
1946 3620 2052 3671 Καὶ
2106 3621 2166 3671 τὸ

599 3717 884 3789 βούλεσθαι
914 3718 1004 3769 τὸν
1041 3715 1174 3768 Θεὸν
1201 3714 1267 3767 τά
1291 3714 1429 3766 αὐτὰ
1447 3714 1626 3773 αὑτοῖς
1649 3713 1752 3775 ἀεὶ,
1786 3711 1878 3763 καὶ
1912 3709 2089 3762 αὐτῶν
2112 3712 2167 3763 ἐν

598 3813 710 3871 τοῖς
749 3811 932 3870 αὐτοῖς
958 3809 1044 3858 ἀεὶ
1076 3806 1267 3858 όντων.
1319 3805 1392 3858 Οὑ
1425 3805 1533 3872 γὰρ
1559 3803 1636 3871 τῷ
1667 3803 1962 3869 πεφυκέναι
1994 3801 2167 3852 ἐποίει

597 3901 787 3964 ταῦτα,
819 3901 952 3954 ἀλλὰ
979 3899 1056 3969 τῷ
1094 3898 1378 3968 βούλεσθαι
1410 3915 1424 3928 ·
1454 3897 1519 3949 δι’
1553 3896 1582 3948 6
1629 3898 1722 3948 καὶ
1784 3894 2016 3965 κρείττω
2062 3895 2167 3944 εἰσὶ

597 3995 784 4063 γήρως
813 4010 872 4045 τε
905 3993 1000 4044 καί.
1025 3993 1248 4060 φθορᾶς,
1283 3990 1374 4043 καὶ
1401 3989 1502 4054 τῆς
1533 3991 1596 4042 ἐκ
1631 3988 1723 4039 τοῦ
1753 3987 1942 4054 χρόνου
2011 3985 2170 4037 deos-

604 4088 750 4147 νείας
777 4087 834 4136 ἐν
858 4084 934 4152 τῷ
959 4085 1152 4143 ποιεῖν,
1180 4082 1287 4133 εἴτε
1314 4080 1533 4148 ἔμψυχα
1582 4078 1732 4142 ὄντα,
1780 4078 1888 4128 εἴτε
1942 4077 2170 4146 σώματα

605 4179 788 4250 μόνον,
821 4175 928 4228 εἴτε
985 4173 1088 4224 ὑπὸ
1129 4171 1409 4240 χωριστῶν
1454 4169 1650 4220 οὐσιῶν
1717 4168 2027 4237 κινούμενα,
2072 4168 2170 4238 τὴν

601 4267 791 4337 χρείαν
815 4264 888 4332 τῷ
922 4263 1082 4316 παντί⁵
1115 4262 1415 4330 παρέχεται
1435 4258 1663 4323 ἕκαστα,
1699 4257 1797 4328 τὴν
1836 4259 1899 4309 ἐκ
1931 4256 2022 4309 τοῦ
2055 4273 2174 4309 ποι-

604 4357 735 4428 ητοῦ
768 4358 858 4408 καὶ
905 4351 1164 4407 δεσπότου
1216 4352 1397 4418 σφίσιν
1445 4349 1854 4420 ἀφωρισμένην.
1912 4349 2021 4401 Καὶ
2065 4349 2171 4401 τῶν

607 4449 850 4518 ἐσχάτως
882 4447 937 4500 δὲ
968 4445 1264 4499 ποιούντων
1293 4443 1540 4504 ἕκαστον,
1580 4441 1720 4509 φημὶ
1747 4440 1802 4492 δὲ
1832 4439 1938 4492 τῶν
1991 4441 2049 4492 ὲν
2083 4457 2174 4509 γε·

609 4539 1073 4608 νέσειράσθενοῦν
1116 4539 1174 4589 ἐν
1224 4537 1303 4608 τῷ
1350 4537 1551 4601 ποιεῖν,
1597 4533 1905 4586 τελευταῖον
1936 4531 2031 4604 τὴν
2079 4531 2170 4585 τοῦ

607 4639 781 4692 ποιεῖν
807 4633 1103 4688 άποόάλλει
1133 4629 1383 4698 δύναμιν,
1406 4627 1500 4681 καὶ
1524 4625 1585 4678 τὸ
1611 4622 1771 4678 εἶναι.

601 4745 612 4755 ί
678 4730 768 4800 Τῷ
803 4730 984 4800 μέντοι
1017 4742 1080 4793 γε
1108 4721 1381 4790 ξύμπαντι
1412 4718 1592 4772 αὑτῶν
1626 4718 1753 4769 εῖδει
1791 4717 1890 4786 τὴν
1920 4714 2175 4785 τοιαύτην

603 4825 836 4890 δύναμιν
877 4822 905 4873 6
961 4818 1088 4878 Θεὸς
1122 4816 1186 4867 ἐκ
1244 4812 1492 4880 διαδοχῆς
1551 4807 1881 4878 διαρκοῦσαν
1936 4807 2172 4870 δίδωσιν,

607 4909 1064 4982 ὑπηρετουμένων
1137 4905 1246 4958 τῶν
1309 4899 1656 4970 ὑψηλοτέρων
1713 4897 2051 4967 κτισμάτων,
2082 4900 2175 4982 μτῇ

608 4979 738 5073 θεία.
764 5001 1016 5068 βουλήσει
1045 4995 1142 5063 τὴν
1172 4991 1519 5060 ἐκπλήρωσιν
1570 4989 1669 5058 τῆς
1699 4988 2003 5057 δυνάμεως.
2077 4979 2178 5037 Ὦν

605 5097 663 5150 δὲ
687 5097 786 5146 οὐκ
815 5092 874 5154 ἐξ
907 5090 1120 5156 ἀτόμων
1143 5087 1176 5154 ή
1201 5084 1432 5150 γένεσις,
1467 5079 1582 5132 ἀλλ’
1630 5081 1694 5132 ἐκ
1746 5080 1843 5148 τῆς
1887 5077 1993 5130 τῶν
2039 5095 2178 5130 στοι-

612 5185 771 5256 χείων
831 5182 982 5250 ὕλης,
1042 5177 1162 5232 οὐδὲ
1201 5173 1402 5227 τούτων
1431 5173 1672 5226 ἐκλείπει
1721 5172 1784 5223 τὸ
1831 5165 1992 5234 εἶδος,
2039 5168 2181 5221 κατά

611 5255 882 5344 διαδοχήν,
921 5273 1018 5339 τῆς
1063 5271 1119 5322 ἐν
1137 5271 1198 5336 τῇ
1233 5267 1332 5336 ὑλῃ
1361 5267 1641 5335 δυνάμεως
1682 5267 1748 5317 ἐκ
1782 5261 1916 5315 Θεοῦ
1946 5265 2012 5331 τῇ
2052 5260 2179 5330 δρά-

612 5387 696 5423 σει
717 5367 824 5420 τῶν
855 5365 1144 5431 ἀνωτέρων
1179 5376 1474 5428 ποιητικων
1503 5357 1880 5426 διατιθεμένης
1907 5357 2180 5424 ἑγκαίρως

614 5461 751 5528 πρὸς
779 5459 878 5524 τήν
903 5454 1106 5507 τούτων
1141 5449 1501 5521 παραγωγήν.
1527 5449 1588 5501 Εἰ
1612 5447 1704 5499 καὶ
1727 5447 1983 5518 ποιητικά
2003 5449 2183 5498 τοίνυν

609 5551 700 5606 διὰ
711 5549 867 5604 τοῦτο
884 5547 1126 5609 λέγονται
1143 5541 1246 5593 τῶν
1265 5539 1560 5607 γ;νομένων
1578 5539 1644 5590 τὰ
1663 5537 1789 5589 ὄντα
1808 5536 1884 5602 τῷ
1897 5538 1991 5604 τῆς
2009 5537 2182 5597 αἰτίας

609 5644 774 5710 γένει,
794 5639 905 5690 ἀλλ’
925 5634 1214 5705 δργανικόν
1237 5636 1350 5685 ἐστι
1368 5633 1427 5682 τὸ
1450 5631 1690 5691 αἰτιῶδες
1707 5631 1903 5682 αὐτῶν.
1923 5629 2181 5682 Ἐκάστου

611 5749 671 5784 τε
696 5732 804 5797 γὰρ
832 5729 1052 5797 αὑτῶνή
1070 5725 1323 5796 ποιητικὴ
1349 5723 1571 5791 δύναμις
1593 5725 1657 5790 τῇ
1682 5721 1771 5786 τοῦ
1785 5722 2057 5787 ἀνωτέρου
2087 5737 2186 5771 πα-

618 5821 990 5890 ραϐαλλομένη
1022 5820 1283 5889 ὀργανική
1319 5819 1431 5868 ἐστι
1466 5815 1598 5882 πρὸς
1619 5815 1804 5881 αὑτήν.
1831 5814 1938 5865 Καὶ
1971 5812 2184 5862 πάντων

619 5911 736 5980 ἅμα
758 5911 812 5962 αἰ
838 5911 1092 5978 δυνάμεις
1127 5907 1414 5980 όργανικαί
1445 5909 1549 5959 εἰσι
1578 5905 1756 5974 πολλῷ
1790 5902 1990 5973 μᾶλλον
2047 5903 2181 5969 πρὸς

2258 2109 2352 2153 ους
2416 2092 2585 2162 αὑτῷ,
2635 2092 2746 2144 εἴτε
2789 2091 3045 2153 ἐλάττους
3099 2092 3432 2160 τελειότητες
3479 2091 3696 2153 ἔνεισιν,
3765 2090 3831 2141 ἐκ

2258 2181 2358 2248 τῆς
2379 2181 2489 2233 τῶν
2519 2181 2870 2251 τελειοτήτων
2910 2181 3229 2234 ἁνεικάστου
3268 2181 3472 2248 πηγῆς.
3532 2179 3832 2248 Ὣμοίωται

2258 2268 2314 2321 δέ
2359 2287 2433 2339 πη
2462 2271 2554 2322 καὶ
2588 2271 2664 2338 τῷ
2697 2271 2986 2338 παράγειν,
3040 2263 3120 2328 οἷς
3172 2269 3327 2321 τοῦτο
3388 2268 3576 2330 ἔδωκε,
3621 2267 3692 2319 τά
3731 2267 3832 2336 μὲν

2261 2361 2547 2426 πλειόνων,
2582 2361 2650 2414 τὰ
2680 2361 2734 2414 δὲ
2763 2361 3057 2414 ἐλαττόνων
3077 2361 3203 2413 ὄντα
3227 2359 3525 2430 πρακτικὰ,
3556 2359 3698 2411 κατὰ
3731 2357 3833 2426 τὴν

2260 2455 2317 2506 ἐν
2341 2454 2418 2521 τῷ
2455 2454 2612 2506 παντί
2641 2453 2820 2505 αὑτῶν
2853 2450 3023 2515 τάξιν.
3063 2451 3248 2503 Πάντα
3296 2449 3342 2501 δ’
3373 2449 3508 2518 ὁμοῦ
3557 2448 3665 2501 άπὸ
3719 2446 3834 2498 τῶν

2261 2545 2606 2614 ὑψηλοτέρων
2667 2545 2759 2595 ἐπὶ
2819 2545 2888 2594 τὰ
2933 2543 3131 2610 ἔσχατα
3189 2539 3427 2593 κατιόντι
3478 2538 3638 2591 δοῦλά
3692 2538 3835 2590 εἰσιν

2261 2639 2480 2706 ὁμοίιος,
2512 2637 2605 2688 καὶ
2632 2635 2782 2687 οὑδέν
2810 2635 2924 2685 ἐστι
2973 2633 3242 2697 θειότητος
3293 2632 3350 2682 ἐν
3393 2631 3590 2695 αὑτοῖς,
3624 2628 3673 2680 εί
3699 2629 3775 2697 μὴ
3807 2625 3836 2678 6

2263 2727 2533 2792 ποιήμασι
2569 2724 2662 2776 καί
2701 2722 2904 2785 δούλοις
2935 2721 3027 2773 τοῦ
3084 2721 3305 2791 ἀρίστου
3350 2717 3685 2790 δημιουργοῦ
3739 2716 3837 2769 καὶ

2262 2812 2522 2864 δεσπότου
2550 2811 2772 2880 πρέποι.

2335 2903 2519 2976 Ταύτῃ
2543 2921 2627 2956 τοι
2654 2903 2746 2955 καὶ
2777 2901 3056 2970 ποιητικὸν
3079 2901 3248 2954 αῐτιον
3291 2901 3448 2965 αὑτός
3483 2903 3598 2954 ἐστι
3647 2903 3835 2970 μόνος,

2265 2996 2315 3047 εἰ
2347 2994 2552 3063 κυρίως
2575 2993 2880 3062 βουλόμεθα
2912 2994 3110 3059 λέγειν,
3138 2994 3203 3044 τὰ
3240 2992 3294 3044 δὲ
3319 2993 3451 3046 ἄλλα
3487 2993 3730 3045 δουλεύει
3759 2993 3839 3055 ὡς

2267 3087 2496 3156 ὄργανα.
2527 3087 2635 3140 Καὶ
2668 3085 2888 3154 πρώτην
2922 3085 3018 3152 μὲν
3051 3083 3230 3136 αἰτίαν
3282 3083 3465 3146 αὑτὸν,
3501 3085 3569 3135 τὰ
3628 3084 3685 3135 δὲ
3746 3084 3839 3136 λέ-

2267 3196 2455 3247 γοντες
2477 3178 2626 3232 αἴτια
2651 3178 2879 3247 δεύτερα
2899 3179 3009 3238 τοῖς
3037 3175 3259 3245 ὀνόμασι
3293 3177 3390 3243 τῆς
3427 3176 3632 3239 τάξεως
3661 3193 3838 3228 κατα-

2189 3301 2233 3358 c
2269 3269 2548 3337 χρώμεθα.
2578 3269 2658 3321 Τὰ
2694 3269 2792 3358 μὲν
2821 3268 2930 3337 γὰρ
2960 3268 3071 3329 τοῖς
3127 3267 3573 3335 συντεταγμένοις
3621 3284 3678 3319 τε
3743 3269 3839 3320 καὶ

2270 3358 2569 3424 συστοίχοις
2599 3357 2882 3427 προσήκει.
2943 3355 3000 3407 '0
3023 3355 3082 3407 δέ
3107 3356 3320 3410 πάντων
3357 3355 3646 3424 ἀπειράκις
3679 3355 3841 3409 ἀπεί-

2268 3464 2376 3513 ρως
2403 3445 2659 3516 ἐξῄρηται
2711 3445 2958 3514 ἐνεργείᾳ
2980 3443 3072 3495 καί
3097 3442 3324 3511 δυνάμει
3367 3445 3464 3496 καὶ
3495 3442 3677 3510 φύσει.
3707 3445 3786 3495 Δι’
3812 3442 3840 3494 6

2267 3539 2358 3590 καὶ
2390 3535 2545 3600 μόνος
2582 3533 2741 3595 αὑτός
2764 3534 2879 3584 ἐστι
2927 3532 3056 3593 Θεός
3111 3549 3169 3583 τε
3216 3532 3308 3583 καὶ
3333 3532 3431 3583 ὅσα
3481 3531 3558 3600 τῷ
3609 3531 3838 3600 ὀνόματι

2266 3623 2440 3692 τούτῳ
2485 3623 2734 3691 νοοῦμεν,
2782 3621 2875 3673 καὶ
2923 3618 3072 3682 τέλος
3117 3618 3278 3678 αὑτός
3329 3618 3443 3670 ἐστι
3506 3619 3722 3668 πάντων
3749 3618 3841 3687 καὶ

2268 3717 2490 3784 ἀγαθὸν,
2509 3716 2598 3767 καὶ
2620 3706 2678 3766 οῦ
2706 3713 2879 3765 πάντα
2901 3712 3133 3780 ἐφίεται.

2341 3808 2420 3877 Τῇ
2457 3807 2594 3873 αὑτῇ
2629 3803 2684 3855 δὲ
2705 3801 2999 3871 άγαθότητι
3031 3801 3124 3853 καὶ
3163 3800 3389 3868 δυνάμει
3439 3799 3510 3860 ὡς
3538 3797 3597 3862 ἐξ
3627 3798 3728 3850 οὑκ
3757 3797 3843 3849 ὃν·

2269 3917 2375 3952 των
2403 3898 2694 3964 πεποίηκε,
2723 3894 2819 3960 καὶ
2862 3895 3079 3963 προνοεῖ
3129 3891 3297 3960 δήπου
3326 3890 3503 3943 αὑτῶν
3549 3890 3688 3943 κατά
3745 3888 3842 3949 τάς

2271 3991 2515 4044 ἑκάστων
2540 3988 2728 4058 φύσεις
2765 4002 2779 4016 ⁸
2807 3989 2900 4038 καὶ
2933 3985 3177 4054 βούλεται
3211 3983 3308 4050 μὲν
3361 3974 3564 4050 ἑκάστῃ
3594 3979 3755 4047 φύσει
3785 3979 3844 4030 τὸ

2272 4081 2498 4149 ἀγαθὸν,
2525 4080 2552 4132 ὅ
2581 4094 2710 4130 ποτε
2748 4077 2910 4138 αὐτὸς
2935 4074 3200 4143 ἐϐουλήθη
3233 4073 3443 4141 ἑκάστῳ
3474 4069 3675 4138 ἀγαθὸν
3703 4065 3845 4121 εἶναι

2273 4172 2369 4225 καὶ
2400 4170 2571 4235 τέλος,
2620 4168 2823 4234 ἀγαθὸς
2854 4165 2949 4230 ὢν,
2983 4167 3076 4219 καὶ
3103 4163 3331 4230 ἀγαπῶν
3356 4161 3391 4216 ἃ
3432 4160 3676 4227 ἐποίησε.
3705 4159 3848 4212 Τάτ-

2272 4278 2354 4314 τει
2383 4260 2440 4312 δὲ
2471 4260 2607 4328 πρὸς
2653 4258 2714 4310 τὸ
2739 4260 2932 4311 οἰκεῖον
2983 4256 3191 4309 ἕκαστα
3229 4254 3378 4315 τέλος
3418 4253 3689 4318 πάνσοφος
3749 4249 3843 4310 ὣν,

2273 4352 2346 4414 ὡς
2381 4352 2482 4405 οὐκ
2509 4352 2573 4404 ἂν
2595 4349 2768 4412 άλλως
2794 4348 3212 4418 ταχθησομένων
3238 4363 3251 4376 ·
3286 4345 3385 4414 τὴν
3436 4345 3493 4397 δὲ
3520 4343 3729 4396 τοιάνδε
3755 4343 3846 4394 τά·

2277 4442 2356 4508 ξιν
2392 4441 2700 4510 ἀποπληροῖ
2736 4440 2909 4492 πάντα
2934 4438 3246 4506 δυνάμενος.
3299 4434 3506 4488 Αὐτίκα
3539 4433 3646 4501 γὰρ
3713 4449 3845 4502 προ-

2275 4534 2386 4585 νοεῖ
2414 4532 2520 4584 τῶν
2553 4529 2826 4599 γεννητῶν
2879 4528 3084 4581 τούτων
3131 4527 3372 4590 πάντων,
3417 4525 3476 4578 οὑ
3539 4523 3696 4592 μόνον
3750 4523 3846 4589 τῆς

2199 4620 2254 4680 D
2281 4623 2422 4676 κατὰ
2444 4622 2694 4690 διαδοχὴν
2724 4622 2780 4670 ἐν
2811 4619 2886 4687 τῷ
2929 4619 3057 4670 εῖδει
3091 4615 3350 4684 διαμονῆς
3388 4613 3584 4677 αὐτῶν,
3624 4612 3727 4674 ἕως
3784 4612 3844 4663 ἂν

2276 4711 2372 4766 καὶ
2401 4713 2432 4780 ή
2465 4710 2764 4778 ἀνθρώπων
2789 4708 2997 4775 γένεσις
3025 4702 3080 4778 ᾗ,
3123 4706 3258 4774 πρὸς
3291 4707 3359 4774 ἢν
3416 4703 3721 4771 τεταγμένα
3775 4701 3846 4751 εἰ·

2279 4803 2384 4866 σίν,
2411 4802 2551 4855 ἀλλὰ
2584 4802 2676 4854 καὶ
2706 4801 2806 4864 τῆς
2832 4797 3166 4870 προσκαίρου
3214 4793 3476 4865 διαμονῆς
3502 4795 3608 4846 τῶν
3639 4795 3695 4845 ἐν
3725 4793 3848 4845 ἑκά-

2280 4911 2389 4964 στῳ
2413 4893 2542 4944 εἴδει
2562 4893 2801 4960 ἀτόμων.

2365 4985 2433 5036 Ἦ
2462 4984 2570 5053 γάρ
2602 4985 2827 5050 πρόνοια
2877 4982 2978 5049 τῆς
3026 4979 3375 5032 ἀδιαλείπτου
3433 4978 3698 5047 κινήσεως
3757 4976 3844 5027 τοῦ

2282 5080 2486 5139 παντὸς
2510 5074 2702 5127 τούτου
2739 5074 2830 5125 καὶ
2865 5073 2973 5124 τῶν
3004 5069 3168 5123 αὑτοῦ
3201 5069 3382 5138 μερῶν
3426 5061 3502 5122 ὧν
3531 5073 3592 5120 ἐκ
3615 5069 3713 5133 τῆς
3745 5085 3846 5119 τοι·
3882 5123 3885 5125 _

2281 5171 2406 5223 ἇσδε
2425 5167 2691 5235 κινήσεως
2718 5165 2855 5217 αὐτὰ
2886 5161 3093 5228 γίνεταί
3123 5179 3179 5213 τε
3206 5159 3455 5213 ὁπωσοῦν
3482 5160 3576 5212 καὶ
3608 5157 3698 5227 ζῇ,
3757 5158 3847 5209 καὶ

2280 5265 2380 5331 τῆς
2403 5261 2580 5316 αὐτῶν
2608 5259 2766 5325 γενέσ
2799 5275 2870 5320 ως
2905 5259 2994 5308 καὶ
3017 5255 3159 5322 ζωῆς
3186 5257 3300 5307 ἐστι
3335 5253 3578 5322 πρόνοια,
3601 5253 3847 5310 ἑκάστοις

2283 5353 2590 5422 ἁμερίστως
2614 5350 3069 5418 συνδιανεμομένη
3123 5347 3375 5414 γνώσεως
3433 5345 3699 5413 ὑπερϐολῇ
3758 5343 3848 5395 καὶ

2283 5445 2589 5511 δυνάμεως,
2618 5444 2712 5496 ἅτε
2732 5443 2828 5507 τῆς
2861 5439 3213 5509 ὑπεραγάθου
3245 5439 3519 5507 θελήσεως
3569 5438 3846 5503 ἀκάματον

2283 5533 2391 5585 ἀπὸ
2421 5531 2527 5584 τῶν
2560 5530 2905 5600 ὑψηλοτέρων
2958 5531 3118 5598 μέχρι
3170 5528 3263 5580 καὶ
3311 5527 3419 5580 τῶν
3470 5526 3712 5594 ἐσχάτων
3761 5527 3845 5574 τὸν

2285 5624 2483 5691 ἑαυτῆς
2516 5623 2714 5691 δρόμον
2745 5621 3074 5688 ἐξανυοᾷσης
3102 5620 3158 5670 ἐν
3185 5619 3394 5684 ἑκάστῃ
3443 5617 3633 5685 χρόνου
3685 5614 3842 5682 ῥοπῇ,

2285 5717 2340 5777 ὃς
2369 5717 2484 5766 ἐστι
2512 5718 2570 5764 τὸ
2597 5714 2701 5765 ὑπὸ
2737 5713 2950 5764 πάντων
2973 5710 3088 5776 ἅμα
3117 5709 3443 5778 μετέχεσοαι
3476 5705 3614 5760 κατὰ
3637 5704 3734 5770 τὴν
3759 5699 3846 5753 ἀπ’

2286 5807 2458 5875 αὑτῆς
2497 5806 2714 5872 ἑκάστῳ
2746 5804 3026 5871 διδομένην
3056 5800 3148 5852 τοῦ
3183 5799 3433 5868 μετέχειν
3499 5797 3650 5865 ἰσχὺν
3713 5793 3846 5862 μετά

2287 5900 2384 5968 τῆς
2417 5901 2471 5950 ἐν
2503 5898 2579 5968 τῷ
2616 5898 2776 5949 παντὶ
2822 5895 3035 5948 πάντων
3091 5889 3475 5956 εὑαρμοστίκς.
3542 5888 3845 5940 Ἰδιαίτεωον
