4152 6280
426 477 566 542 1109

1484 483 1581 542 DE
1623 479 2360 543 PREDESTINATIONE
2413 479 2560 540 LIB.
2589 478 2640 538 Ι.

3534 469 3669 532 1110

429 589 528 657 μὲν
543 587 722 640 τοίνυν
752 588 860 642 τῶν
891 589 1110 660 ἀτόμων
1142 591 1507 661 προμηθεῖται
1562 596 1806 659 ἐκείνων,
1852 595 1996 664 ἀπερ
2032 598 2069 651 A
2099 595 2312 660 σώματι
2332 592 2620 660 ἀνθρώπου
2641 589 2765 642 νέαν
2785 588 2959 652 κτίζει
2991 585 3187 656 ψυχὴν,
3233 583 3321 636 ἵνα
3359 582 3492 651 μήτε
3539 578 3671 641 ἔξω·

428 678 651 745 ἀμέσως
681 680 760 740 είς
789 679 953 733 αὐτὸν
985 683 1272 736 τάττονται
1311 686 1402 738 καὶ
1425 687 1646 754 ἀμέσως
1672 686 1836 739 αὐτοῦ
1863 703 1996 738 ποτε

429 768 682 822 δύνανται
709 772 1021 836 ἀπολαύειν,
1055 771 1141 827 οἷα
1166 776 1227 843 δὴ
1261 777 1327 830 τὰ
1378 778 1476 840 τῆς
1531 777 1754 846 λογικῆς
1820 778 1999 848 ἄτομα

429 859 667 925 φύσεως.
697 861 804 912 Καὶ
837 862 923 916 διά
955 862 1112 916 τοῦτο
1136 863 1238 917 ποῦ
1277 866 1373 934 μέν
1417 865 1522 918 τῶν
1553 867 1746 933 λογίων
1773 868 1890 919 ἐστὶ
1940 868 2001 920 τὸ

427 949 599 1018 χωρὶς
624 949 717 1002 τοῦ
750 950 893 1003 θείου
926 952 1227 1022 θελήματος
1284 955 1417 1024 μηδέ
1450 958 1732 1024 στρουθίον
1787 961 1852 1026 τῇ
1900 975 2002 1011 πα-

427 1039 536 1105 γίδι
567 1041 882 1109 ἐμπίπτειν,
914 1045 1016 1096 ποῦ
1046 1043 1103 1096 δὲ
1134 1045 1195 1097 τὺ
1226 1047 1392 1115 μηδὲν
1424 1047 1501 1116 τῷ
1544 1048 1661 1118 Θεῷ
1715 1052 1841 1120 περὶ
1891 1051 2002 1102 τῶν

435 1131 571 1200 βοῶν
597 1131 801 1198 μέλειν,
838 1135 976 1187 πάνυ
1008 1136 1360 1204 ἀληθεύοντος
1423 1139 1706 1209 ἐκατέρου.
1770 1141 1858 1202 Ὡς
1894 1146 2002 1210 γὰρ

432 1223 574 1274 κατά
606 1223 746 1275 θεῖον
771 1223 982 1293 θέλημα
1040 1228 1317 1295 στρουθίον
1372 1227 1676 1293 ἁλίσκεται,
1725 1229 1866 1282 οῦτω
1912 1229 2002 1283 καὶ

433 1309 555 1378 βόες
583 1311 878 1379 τρέφονταί
905 1331 964 1366 τε
995 1314 1088 1366 ὑπ’
1135 1316 1438 1386 ἀνθρώπων
1485 1318 1579 1372 καὶ¹
1614 1317 1853 1371 θύονται.
1905 1319 2002 1373 Ὃν

430 1401 485 1452 δέ
514 1401 712 1468 τρόπον
737 1403 798 1454 οὐ
830 1403 1083 1474 μέλειτῷ
1109 1405 1229 1474 Θεῷ
1271 1407 1402 1475 περὶ⁹
1446 1408 1550 1460 τῶν
1601 1408 1762 1477 βοῶν,
1816 1409 2004 1462 τοῦτον

430 1490 553 1544 οὐδέ
586 1493 694 1544 τῶν
723 1495 1020 1563 στρουθίων
1059 1497 1207 1566 αὐτῷ
1237 1497 1413 1566 μέλει.
1476 1500 1644 1551 Μέλει
1695 1500 1805 1568 γὰρ
1853 1499 2004 1567 αὐτῷ

433 1584 559 1651 περὶ
595 1583 778 1637 αὐτῶν
806 1584 944 1638 ὥστε
976 1587 1315 1640 ἀπολαύοντα
1341 1588 1434 1640 τοῦ
1469 1585 1628 1650 εἶναι,
1661 1590 1738 1651 είς
1766 1590 1888 1642 ὅσον
1911 1589 2006 1640 αὐ-

431 1673 543 1733 τοῖς
575 1673 975 1742 ἀρμόττει,καὶ
1031 1676 1106 1740 ὡς
1139 1678 1288 1746 αὐτῷ
1346 1679 1511 1748 ἤρεσε
1566 1678 1858 1749 κηρύττειν
1911 1679 2006 1732 καὶ

434 1762 672 1828 σιγῶντα
703 1763 796 1817 τὸν
827 1767 1079 1835 ποιητὴν,
1105 1772 1214 1830 τοῖς
1245 1769 1403 1838 λόγου
1437 1773 1750 1841 περιουσίᾳ,
1794 1773 1888 1826 καὶ
1949 1771 2008 1836 ἐξ

433 1850 610 1904 αὐτῶν
635 1853 950 1921 δυναμένοις
973 1856 1303 1926 φιλοσοφεῖν,
1341 1861 1431 1912 καὶ
1463 1862 1543 1922 είς
1595 1859 1775 1931 ἔρωτά
1807 1879 1866 1913 τε
1914 1863 2007 1916 καὶ

433 1943 618 2012 θαῦμα
647 1943 748 2011 τῆς
780 1947 1054 2014 πανσόφου
1077 1949 1358 2018 δυνάμεώς
1417 1967 1476 2002 τε
1533 1954 1630 2005 καὶ
1678 1953 2010 2020 ἀγαθότητος
2043 1952 2084 2006 Β

435 2034 802 2102 προκόπτουσι
825 2037 1103 2091 τελεῖσθαι
1137 2054 1152 2069 ο
1200 2042 1295 2093 καὶ
1323 2041 1466 2094 ῶστε
1504 2042 1579 2111 μὴ
1614 2041 2011 2112 εῐργεσθαιτὴν

439 2123 614 2192 ῖδικὴν
671 2125 799 2194 περὶ
856 2129 953 2197 τῆς
1004 2129 1352 2202 ἀνθρωπίνης
1415 2133 1562 2202 ζωῆς
1622 2134 1908 2200 πρόνοιαν,
1951 2128 2012 2187 οὗ

433 2215 683 2284 χάριντά
707 2217 932 2272 πλεῖστα
955 2220 1071 2274 ἔστι
1104 2223 1196 2274 καὶ
1235 2223 1464 2288 γίνεται,
1514 2227 1610 2279 καὶ
1659 2218 1720 2278 οὗ
1755 2229 1820 2295 τῇ
1853 2225 2012 2295 χρείᾳ
2070 2227 2077 2234 ’

432 2304 707 2361 δουλεύειν
757 2309 1016 2364 τέτακται
1075 2313 1168 2364 καὶ
1219 2313 1528 2383 ὑπηρετεῖν.
1575 2315 1682 2369 Καὶ
1722 2315 1800 2369 ἔτι
1864 2316 2012 2385 μέλει

434 2397 565 2465 περὶ
588 2398 786 2463 αὐτῶν,
822 2400 962 2454 ὥστε
1017 2402 1116 2472 τὴν
1171 2403 1266 2456 τοῦ
1332 2403 1620 2475 ἀνθρώπου
1668 2407 2014 2474 συμπάθειαν

435 2489 536 2541 κάν
582 2489 698 2552 τοῖς
759 2491 939 2555 ἀλλοις
992 2493 1414 2564 διαφαινομένην
1470 2496 1623 2566 ὁρᾷν,
1658 2496 1716 2547 ὃν
1765 2501 2014 2563 προνοεῖν

435 2580 632 2649 χρῆναι
670 2581 762 2634 τὸν
806 2581 1094 2652 ἄνθρωπον
1142 2583 1247 2647 ἓως
1300 2585 1366 2637 ἂν
1409 2585 1582 2638 αὐτοῦ
1649 2585 1830 2648 ζῶντα
1896 2589 2016 2650 ταῖς

437 2670 644 2739 χρείαις
677 2671 942 2742 ύπηρετῇ.

510 2763 751 2816 Τοιαῦτα
785 2765 862 2834 τῷ
893 2763 1011 2834 Θεῷ
1044 2765 1173 2836 περὶ
1199 2766 1381 2822 αὐτῶν
1415 2768 1588 2838 μέλει,
1642 2771 1903 2825 ἐπέκεινα
1958 2771 2014 2823 δὲ

439 2854 613 2918 ιύδέν,
647 2856 728 2907 ὅτι
761 2857 923 2923 μηδὲν
959 2856 1217 2910 ἐπέκεινα
1270 2861 1366 2927 τῆς
1431 2861 1661 2914 ἐνταῦθα
1709 2862 1853 2929 ζωῆς
1904 2864 2014 2924 τοῖς

439 2944 700 3007 τοιούτοις
729 2945 878 3008 τέλος
899 2947 1064 3008 ἐστὶν.
1102 2949 1224 3000 οὐδὲ
1256 2949 1426 3017 αὐτῆς
1467 2951 1679 3020 αἱρέσει
1735 2952 1841 3003 τινὶ
1872 2953 2017 3018 ἐφιε-

361 3095 366 3104 ἱ
451 3033 656 3100 μένοις,
698 3033 813 3085 ἀλλ’
841 3035 986 3104 ὁρμῇ
1021 3040 1224 3104 φυσικῇ
1278 3037 1436 3105 μόνον
1465 3053 1479 3069 ⁶
1511 3038 1636 3092 οὔτε
1665 3038 1832 3091 εἰδόσι
1886 3039 2017 3107 γοῦν

438 3125 520 3180 είς
544 3122 596 3173 τί
626 3139 757 3174 ποτε
803 3123 987 3184 αὐτοῖς
1011 3125 1044 3192 ἡ
1086 3127 1422 3202 πρόσκαιρος
1464 3127 1577 3197 ζωὴ
1603 3129 1777 3198 φέρει.
1817 3130 1926 3182 Καὶ
1955 3129 2012 3181 οὐ

445 3214 606 3279 μόνον
640 3211 912 3282 ἀνθρώπῳ
946 3212 1116 3266 ταῦτα
1144 3214 1415 3268 δουλεύειν
1447 3217 1732 3282 τέτακται,
1759 3217 1894 3270 ἀλλά
1923 3219 2016 3270 καὶ
2043 3238 2085 3295 α

440 3305 499 3354 ἐν
529 3303 714 3371 σφίσιν
746 3303 930 3366 αὐτοῖς
954 3307 1021 3358 τὰ
1072 3305 1441 3374 ἀσθενέστερα
1499 3308 1612 3370 τοῖς
1647 3308 2020 3378 ἰσχυροτέροις

437 3396 616 3463 τροφὴ
653 3397 882 3463 γίνεται.
909 3396 1019 3449 Καὶ
1061 3394 1145 3448 ῦει
1180 3396 1278 3466 μέν
1301 3398 1328 3447 ὁ
1355 3396 1486 3457 Θεὸς
1521 3397 1607 3450 ἵνα
1642 3397 1843 3466 βοτάνη
1886 3400 2018 3468 φύῃ·

438 3487 514 3540 ἐῶ
539 3489 648 3556 γὰρ
687 3487 755 3540 δι’
790 3487 930 3541 ὅσων
963 3488 1146 3540 καὶτὸ
1201 3488 1316 3541 ὕειν
1373 3490 1554 3541 ποιεῖ·
1604 3488 1797 3556 φύεται
1846 3489 1900 3540 δὲ
1936 3489 2022 3540 ἵνα

438 3579 620 3646 τραφῇ
655 3578 751 3630 καὶ
781 3578 1076 3647 πρόϐατον,
1112 3580 1373 3632 πεινῶντι
1408 3579 1463 3632 δὲ
1487 3581 1618 3643 ἀκος
1651 3580 1782 3633 αὐτὸ
1814 3581 2022 3648 γίνεται

443 3667 611 3737 λύκῳ,
635 3669 728 3720 καὶ
758 3669 920 3731 λύκος
954 3671 1154 3739 ὁμοίως
1188 3670 1380 3725 λέοντι.
1404 3671 1476 3723 Τδ
1503 3672 1561 3724 δὲ
1587 3672 1697 3724 τῶν
1718 3670 2025 3744 ἀνθρώπων

441 3763 679 3829 πρᾶγμα
717 3762 814 3828 οὐχ
844 3761 1046 3828 ὁμοίως
1072 3764 1184 3824 τοῖς
1209 3762 1388 3823 ἄλλοις
1425 3765 1702 3832 γεννητοῖς
1733 3765 1826 3815 καὶ
1853 3763 2026 3833 φθαρ-

443 3855 558 3912 τοῖς
589 3851 722 3919 ἕχει,
754 3850 891 3902 ἀλλά
917 3849 1200 3917 σύγκειται
1242 3851 1340 3919 μὲν
1366 3853 1431 3904 ἐκ
1459 3851 1654 3921 θνητοῦ
1694 3853 1787 3904 καὶ
1827 3852 2027 3905 ἀθανά-

451 3961 546 3997 του
582 3944 680 4012 τὴν
711 3942 884 4010 ἀρχὴν
930 3941 1219 4008 ἅνθρωπος
1251 3957 1265 3972 ·
1293 3943 1770 4012 ἀπαλλαττόμενος
1803 3943 1859 3995 δέ
1899 3961 2026 3996 ποτε

443 4035 536 4088 τοῦ
567 4034 764 4102 θνητοῦ
793 4033 872 4102 τῷ
899 4034 1151 4098 ἀθανάτῳ
1197 4033 1261 4102 ζῇ
1321 4035 1500 4102 μόνῳ·
1551 4035 1642 4086 καὶ
1687 4037 1738 4088 εί
1784 4052 1912 4086 ποτε
1970 4037 2028 4086 τὸ

449 4128 642 4197 θνητὸν
676 4127 989 4194 ἀναλήψειε,
1023 4126 1290 4194 ἠλλοιώθη
1323 4127 1448 4195 ἤδη,
1487 4125 1625 4178 ὥστε
1656 4128 1754 4194 τὴν
1795 4129 1904 4180 ’σὺν
1931 4129 2027 4180 αὐ-

445 4220 522 4288 τῷ
548 4219 693 4287 ζωὴν
727 4218 888 4286 μηδὲν
915 4203 1190 4287 διαφέρειν
1220 4219 1356 4285 πρός
1405 4235 1467 4284 γε
1514 4220 1612 4288 τὴν
1636 4221 1826 4288 νοεράν
1873 4223 2017 4274 ὲκεί-

445 4327 544 4378 νην
576 4309 925 4376 εὐδαιμονίαν
963 4309 1062 4377 τῆς
1100 4307 1177 4376 τῷ
1217 4308 1473 4378 ἀθανάτῳ
1505 4311 1650 4379 μόνῳ
1696 4311 1840 4378 ζωῆς
1890 4312 2028 4382 πλὴν

444 4401 525 4452 ὅτι
559 4399 770 4459 τελείας
799 4398 970 4467 αὐτῆς
1003 4398 1368 4450 ἀπολαύσεται
1400 4415 1413 4428 ο
1441 4401 1555 4465 εἴγε
1592 4400 1713 4452 κατ’
1748 4402 1882 4454 αὐτὸ
1927 4403 2030 4469 μὲν

449 4489 777 4552 συντίθεται,
813 4487 1184 4557 συμὸεϐηκότι
1215 4489 1271 4540 δέ
1317 4490 1614 4554 διαλύεται,
1664 4491 1692 4542 ὁ
1717 4492 1800 4542 δεῖ
1837 4492 1910 4560 μὴ
1939 4493 2027 4544 ἀϊ-

447 4581 556 4633 διον
601 4578 761 4632 εἶναι.
798 4579 984 4632 Ταῦτα
1014 4580 1120 4648 γὰρ
1149 4579 1409 4647 ἀξιοῦμεν
1447 4583 1510 4633 ἐκ
1549 4583 1646 4650 τῆς
1705 4584 1816 4635 τῶν
1865 4583 2023 4648 ίερῶν
2061 4560 2080 4612 ι

447 4670 786 4734 ἀξιοπιστίας
815 4670 1030 4739 λογίων,
1062 4666 1142 4730 οἷς
1166 4673 1340 4724 καὶτὸ
1371 4670 1592 4737 εὔλογον
1615 4673 1796 4726 ίκανὺν
1827 4673 2022 4727 ἔνεστι.

453 4763 552 4813 Διά
584 4761 742 4813 τοῦτο
770 4761 1096 4831 δημιουργεῖ
1128 4763 1226 4830 μέν
1247 4761 1332 4829 sxa
1385 4762 1702 4831 ἀνθρώπινα
1750 4763 1976 4830 σώματα
2000 4765 2028 4816 ὁ

449 4853 601 4915 Θεδς,
696 4853 759 4920 δὴ
789 4855 884 4905 καὶ
911 4853 978 4905 τά
1003 4851 1110 4904 τῶν
1137 4853 1340 4905 λοιπῶν
1370 4853 1525 4916 ζώων
1552 4853 1647 4904 καὶ
1697 4853 1794 4904 ὅσα
1833 4854 1890 4904 ἐν
1917 4856 2028 4914 τοῖς

449 4945 726 5014 γεννητοῖς
758 4943 824 5012 ζῇ
883 4944 946 4996 ἐκ
1003 4945 1316 5013 σπέρματος
1367 4944 1461 4996 καὶ
1517 4941 1626 4995 τῶν
1680 4942 2029 5012 ὑψηλοτέρων

451 5036 774 5106 ποιητικῶν,
800 5036 995 5088 ταυτὸν
1025 5037 1080 5089 δὲ
1106 5037 1307 5100 εἰπεῖν,
1345 5039 1410 5106 τῇ
1455 5035 1559 5104 ὁδῷ
1587 5035 1686 5104 τῆς
1741 5034 1954 5102 φύσεως

448 5127 516 5180 τὰ
544 5127 642 5196 μὲν
668 5129 831 5192 ποιεῖ,
858 5125 928 5178 τὰ
955 5126 1012 5178 δὲ
1036 5126 1248 5192 γίνεται
1285 5143 1298 5156 ·
1360 5126 1686 5196 δημιουργεῖ
1731 5126 1786 5179 δὲ
1818 5125 2028 5192 ἑκάστῳ

451 5214 942 5284 σώματιοάμέσως,
972 5214 1044 5276 ὡς
1073 5214 1172 5274 τὰς
1204 5215 1615 5284 κεχωρισμένας
1655 5213 1837 5272 οὐσίας
1873 5212 2027 5265 ἐ,ποὶ-

381 5297 385 5300 ”
449 5321 548 5375 ησε
581 5303 862 5372 πρότερον.
891 5300 1066 5354 Τοῦτο
1127 5302 1236 5370 γάρ
1286 5303 1400 5353 ἐστι
1458 5305 1518 5356 τὸ
1568 5302 1826 5354 πλάττειν
1868 5299 2028 5353 αὐτὸν

452 5395 598 5447 κατά
631 5395 796 5462 μόνας
828 5393 925 5454 τὰς
955 5391 1060 5444 τῶν
1090 5391 1393 5458 ἀνθρώπων
1432 5392 1679 5462 καρδίας,
1714 5393 1892 5444 καὶτὸ
1927 5391 2029 5453 ἕως

450 5487 577 5554 ἀρτι
607 5483 938 5551 ἐργάζεσθαι
982 5486 1111 5552 περὶ
1131 5484 1436 5552 ἀνθρώπων
1477 5483 1824 5552 είδικώτερον
1882 5483 2029 5551 εἴρη-

449 5594 562 5641 ται,
589 5577 649 5627 οὐ
686 5576 845 5644 μόνον
864 5574 1382 5644 δημιουργουμένων
1408 5575 1620 5626 πάντων
1643 5576 1704 5625 ἐκ
1733 5574 1872 5634 νέου,
1898 5573 2034 5624 ἀλλά

455 5668 519 5720 ἐκ
551 5667 818 5736 πονηρίας
852 5666 1122 5738 ὁσημέραι
1146 5667 1227 5727 είς
1262 5665 1464 5734 ἀρετὴν
1521 5665 2031 5733 ἀναπλαττομένων,

453 5758 570 5809 ὅσοι
601 5757 820 5818 ἑαυτοὺς
850 5756 1096 5825 ἑτοίμους
1124 5754 1476 5823 παρέχουσιν.

539 5849 679 5900 Ἀλλ’
731 5847 941 5910 ἐκείνας
973 5848 1071 5917 μὲν
1121 5846 1255 5916 ὁμοῦ
1303 5845 1565 5914 παρῆγε-η
1608 5858 1661 5897 δν
1721 5841 1928 5913 ἑκάστῳ
1978 5846 2031 5897 δὲ

2101 684 2191 737 θεν
2213 683 2627 752 είσκρινομένης
2657 681 2824 735 πολλὰ
2854 680 2920 733 τὰ
2952 680 3126 734 ἄτοπα
3180 677 3274 731 καὶ
3323 674 3560 728 ἀδύνατα
3610 668 3668 744 ᾖ,

2103 778 2240 843 μήτε
2271 773 2533 842 συνούσης
2564 772 2640 841 τῷ
2676 772 2951 839 σπέρματι
2999 770 3093 822 καὶ
3131 768 3348 836 διαδοχῇ
3397 764 3670 833 γεννωμέ-

2100 883 2198 935 νης
2223 865 2390 935 χείρω
2425 864 2762 933 ἀκολουθοίη.
2805 866 2914 917 Καὶ
2962 864 3037 925 ὡς
3069 861 3222 930 μὲνὴ
3250 861 3308 912 ἐν
3339 856 3526 928 τοιῶδε
3569 854 3672 907 σώ-

2106 974 2235 1026 ματι
2265 957 2359 1009 τοῦ
2381 955 2674 1025 ἀνθρώπου
2704 955 2815 1024 ζωὴ
2834 955 2928 1008 νῦν
2951 954 3100 1023 παρά
3128 953 3227 1020 τὴν
3281 949 3339 1014 ἐξ
3371 949 3542 1017 ἀρχῆς
3575 943 3669 998 τοῦ

2101 1045 2236 1098 Θεοῦ
2267 1049 2393 1116 περὶ
2421 1044 2585 1099 αὐτοῦ
2605 1046 2718 1098 ἐστι
2745 1045 2995 1115 βούλησιν
3027 1044 3121 1096 καὶ
3150 1043 3222 1104 ὡς
3247 1040 3401 1108 δίκην
3428 1036 3547 1092 τινὰ
3576 1034 3674 1104 τὴν

2103 1138 2160 1187 ἐν
2187 1137 2333 1204 αὐτῷ
2352 1136 2495 1207 ζωὴν
2517 1138 2548 1206 ἡ
2583 1136 2727 1207 ψυχὴ
2750 1135 2988 1204 πονηρᾶς
3013 1151 3141 1187 ποτε
3183 1133 3276 1186 καὶ
3307 1131 3501 1196 ἀλόγου
3557 1130 3674 1178 ἐπι-

2103 1226 2302 1294 θυμίας
2329 1244 2344 1260 ·
2370 1229 2450 1281 ὅτι
2475 1245 2534 1280 τε
2569 1228 2601 1296 ἡ
2633 1228 2934 1289 σπουδαίως
2956 1225 3081 1296 τῇδε
3112 1223 3353 1295 βιώσασα
3405 1222 3494 1274 καὶ
3543 1219 3672 1271 καθ-

2103 1319 2327 1390 αρθεῖσα
2358 1321 2431 1381 ὡς
2462 1316 2652 1373 οἷόντε
2693 1319 2956 1381 ἑκουσίως
3005 1320 3086 1380 είς
3134 1317 3228 1369 τὸν
3269 1311 3672 1382 ἡτοιμασμένον

2103 1412 2160 1462 ἐν
2190 1410 2435 1478 οὐρανοῖς
2461 1410 2594 1479 αὐτῇ
2646 1411 2809 1464 τόπον
2840 1408 3126 1462 ἀνίπταται
3184 1405 3343 1468 εὐθὺς
3397 1402 3671 1458 ἀπαλλατ-

2104 1502 2324 1570 τομένη,
2358 1501 2426 1552 τά
2478 1499 2702 1553 τοιαῦτα
2730 1499 3128 1569 ὡμολογημένα
3167 1499 3269 1550 οὐκ
3312 1493 3675 1564 ἐπεξεργάζε-

2107 1591 2230 1644 σθαι
2259 1591 2388 1660 χρή.
2414 1592 2522 1643 Καὶ
2546 1592 2627 1643 ὃτι
2651 1591 2711 1642 τὸ
2739 1589 2890 1651 τέλος
2924 1588 3233 1659 ἀνθρώπου,
3271 1589 3302 1657 ἡ
3333 1586 3426 1638 τοῦ
3447 1583 3674 1654 ἐσχάτου

2107 1680 2312 1746 ἀγαθοῦ
2353 1680 2610 1749 μετουσία
2633 1681 2839 1733 ἔνεστιν
2882 1681 2940 1732 ἐν
2983 1679 3062 1747 τῷ
3098 1676 3352 1746 ἀμυδρῶς
3403 1674 3499 1728 καὶ
3554 1671 3676 1725 κατ’

2110 1769 2247 1834 είδος
2273 1774 2413 1823 νοεῖν
2434 1772 2519 1823 τὸν
2550 1771 2702 1831 Θεὸν,
2731 1769 2894 1823 αὐτὸν
2916 1769 3041 1822 ὅντα
3059 1767 3157 1838 τὴν
3178 1765 3399 1836 πρώτην
3417 1762 3678 1832 ἀλήθειαν

2110 1865 2202 1914 καὶ
2225 1862 2285 1913 τὸ
2309 1860 2534 1930 ἔσχατον
2567 1861 2792 1926 ἀγαθόν.

2196 1951 2354 2003 Ἀλλὰ
2385 1951 2510 2019 περὶ
2543 1949 2636 2002 τοῦ
2668 1950 2816 2011 ὅπως
2845 1949 3064 2018 προνοεῖ
3089 1945 3252 1999 αὐτοῦ
3291 1945 3319 1996 ὁ
3349 1944 3482 2006 Θεὸς
3535 1942 3678 1994 οὕτω

2110 2057 2167 2092 τε
2204 2041 2298 2092 καὶ
2333 2041 2398 2092 ἐκ
2427 2038 2678 2092 τοιούτων
2707 2037 3204 2108 δημιουργουμένου
3234 2035 3467 2100 λέγομεν
3497 2032 3679 2102 μόνον.

2115 2131 2338 2201 Προνοεῖ
2367 2131 2464 2197 μὲν
2492 2130 2558 2182 δι’
2575 2128 2759 2197 αὐτοῦ,
2784 2129 2967 2193 ἁπλῶς
2986 2131 3182 2194 εἰπεῖν,
3210 2129 3452 2196 κρεῖττον
3482 2123 3514 2192 ἦ
3541 2121 3681 2175 κατὰ

2115 2221 2290 2276 πάντα
2319 2221 2385 2275 τά
2416 2239 2472 2273 τε
2496 2221 2624 2274 ὅντα
2642 2221 2710 2274 τά
2734 2239 2791 2274 τε
2816 2221 3099 2290 γινόμενα,
3129 2219 3224 2287 οὐχ
3260 2219 3341 2270 ὃτι
3370 2216 3514 2284 αὐτῷ
3545 2214 3682 2283 μᾶλ-

2115 2311 2206 2363 λον
2258 2311 2412 2380 μέλει
2445 2313 2506 2363 τὸ
2551 2311 2716 2364 αὐτοῦ
2773 2309 3039 2379 ἀγαθδνῆ
3090 2308 3317 2368 ἐκείνοις
3373 2305 3432 2356 τδ
3483 2306 3683 2357 οἰκεῖον

2115 2403 2385 2465 ἑκάστοις,
2418 2401 2532 2453 ἁλλ’
2554 2403 2636 2454 ὅτι
2682 2404 2741 2455 τὸ
2771 2399 3056 2470 ἀνθρώπου
3086 2398 3287 2465 ἀγαθὸν
3340 2396 3522 2466 μεῖζον
3587 2395 3686 2462 μὲν

2115 2488 2261 2542 ἔστιν
2290 2489 2323 2558 ἢ
2357 2489 2496 2542 κατά
2520 2489 2585 2541 τά
2611 2488 2766 2554 ἀλλα,
2802 2489 2968 2559 πολλῇ
2998 2489 3055 2542 δὲ
3080 2486 3397 2556 ἀνθρωπίνῃ
3450 2482 3678 2550 σπουδῇ.

2117 2582 2208 2634 καὶ
2241 2581 2442 2635 πλείονι
2461 2584 2528 2651 τῇ
2557 2583 2619 2632 ἐκ
2639 2581 2774 2634 Θεοῦ
2811 2583 2952 2651 ῥοπῇ
2983 2580 3232 2640 ἀνυστὸν,
3250 2579 3338 2631 διὰ
3366 2578 3464 2638 τὰς
3492 2574 3683 2628 συνού-

2118 2689 2211 2735 σας
2241 2673 2320 2741 τῷ
2355 2673 2678 2743 ἀνθρωπίνῳ
2712 2673 2812 2743 βίῳ
2840 2673 3174 2743 δυσχερείας.
3232 2671 3393 2723 Ὅθεν
3441 2667 3604 2720 αὐτοῦ
3637 2668 3685 2719 οί

2117 2765 2332 2826 πλείους
2397 2765 2833 2834 ἀποτυγχάνουσι
2889 2764 2958 2816 δι’
3002 2761 3370 2825 έθελοκακίας,
3419 2759 3539 2812 οὐδὲ
3589 2757 3688 2825 τῆς

2117 2854 2266 2913 θείας
2292 2853 2602 2921 ἀξιούμενοι
2636 2851 2952 2921 συνεργείας
2975 2850 3070 2903 σὺν
3097 2849 3243 2918 δίκῃ.

2188 2943 2309 2996 Τῶν
2341 2943 2438 3010 μὲν
2475 2943 2584 3013 γὰρ
2613 2943 2786 2994 ἄλλων
2813 2940 3086 3008 γεννητῶν
3134 2938 3232 3008 οὐχ
3261 2937 3406 2998 ὅπως
3461 2934 3546 2985 ἀεὶ⁸
3601 2930 3690 3001 εἴη

2119 3037 2356 3102 προνοεῖ,
2384 3034 2673 3105 ἀνθρώπου
2699 3033 2756 3086 δέ
2789 3033 2936 3093 ὅπως
2957 3049 3015 3085 τε
3047 3031 3152 3100 εῖη,
3185 3028 3280 3081 καὶ
3309 3029 3526 3096 ἄμεινον
3559 3024 3644 3091 εἴη
3671 3038 3686 3052 ο

2117 3126 2350 3197 οὐρανοῦ
2381 3126 2435 3177 δὲ
2475 3127 2570 3178 καὶ
2597 3125 2705 3178 τῶν
2735 3124 2911 3178 ἀλλων
2948 3124 3214 3191 σωμάτων
3239 3121 3336 3188 οὐχ
3365 3120 3513 3178 ὅπως
3535 3118 3691 3183 ἀμει-

2117 3233 2208 3268 νον
2268 3215 2406 3284 ἔχοι,
2456 3215 2568 3267 ἀλλ’
2596 3216 2742 3276 ὅπως
2789 3214 2876 3266 ἀεὶ
2929 3215 3091 3281 μόνον,
3121 3210 3227 3278 εἴη,
3271 3210 3364 3262 καὶ
3424 3205 3690 3275 μηδέποτε

2122 3308 2390 3360 παύσαιτο
2416 3306 2638 3359 τοιαῦτά
2666 3322 2723 3358 τε
2752 3305 2880 3357 ὄντα
2910 3307 3003 3358 καὶ
3019 3306 3342 3372 ἐνεργουντα
3367 3301 3482 3351 ὡδί.
3520 3295 3694 3349 Ἐκείο

2125 3414 2230 3450 νων
2292 3396 2392 3466 μὲν
2447 3397 2554 3466 γὰρ
2581 3397 2836 3465 οὐδέτερα
2869 3413 2991 3448 νουν
3047 3394 3158 3462 ἔχει
3181 3393 3272 3443 καὶ
3304 3392 3401 3458 τὴν
3431 3385 3693 3440 συνοῦσαν

2125 3485 2390 3554 ἀνθρώπῳ
2421 3484 2809 3554 προαιρετικὴν
2832 3481 3057 3549 δύναμιν
3083 3498 3098 3509 ν
3139 3478 3272 3530 ἀλλὰ
3293 3477 3361 3528 τὰ
3404 3474 3500 3543 μὲν
3519 3473 3686 3523 κινεῖ-

2126 3595 2214 3629 ται
2238 3576 2322 3628 ἀεὶ
2353 3573 2489 3643 πρὸς
2515 3573 2575 3624 τὸ
2595 3573 2776 3633 αὐτοῖς
2804 3571 3079 3640 βέλτιστον
3126 3564 3382 3623 τοιούτοις
3427 3560 3578 3613 οὖσιν
3625 3558 3690 3609 ἐκ

2126 3669 2221 3737 τῆς
2254 3666 2402 3726 θείας
2433 3664 2652 3734 ἀμέσως
2689 3662 3018 3731 βουλήσεως,
3082 3659 3116 3728 ἢ
3162 3659 3225 3711 ἐκ
3257 3673 3415 3711 τινων
3462 3665 3696 3719 κεχωρι-

2133 3759 2346 3828 σμένων
2379 3756 2576 3809 οὐσιῶν
2608 3754 2889 3821 δυνάμεως
2913 3752 3118 3818 ἐπαφῇ,
3157 3750 3291 3818 μήτε
3334 3745 3509 3798 είδῦτα
3558 3739 3693 3808 μήτε

2130 3849 2557 3920 προαιρούμενα.
2587 3847 2648 3899 Εἰ
2677 3846 2732 3899 δέ
2761 3861 2889 3897 ποτε
2937 3839 3228 3910 μεταϐαλεῖ
3284 3836 3378 3889 καὶ
3439 3831 3578 3886 αὐτά
3633 3828 3693 3879 οὐ

2131 3919 2268 3995 κατά
2303 3942 2480 4007 φύσιν,
2511 3942 2628 4001 ταῖς
2656 3938 2711 3990 δὲ
2739 3937 2985 4004 κινήσεσι
3019 3930 3115 3985 καὶ
3155 3931 3273 3991 ταῖς
3302 3926 3548 3994 δράσεσι,
3601 3919 3698 3971 καὶ

2129 4032 2286 4084 τοῦτο
2313 4031 2495 4082 εἵνεκα
2527 4029 2624 4095 τῆς
2646 4027 2754 4079 τῶν
2803 4022 3104 4093 ἀνθρώπων
3140 4017 3468 4089 βελτιώσεως
3516 4009 3698 4066 αὐτοῖς

2132 4139 2262 4175 ποτε
2328 4121 2501 4173 ἔσται.
2558 4119 2637 4171 Τά
2689 4118 2743 4169 δὲ
2798 4117 3027 4168 κινεῖται
3087 4112 3189 4172 ἓως
3231 4101 3519 4178 ἂνῇμηδὲ
3563 4096 3701 4152 αὐτὰ

2130 4215 2264 4274 ὅλως
2305 4209 2682 4280 προῃρημένα.
2716 4207 3031 4274 Ἀνθρωπος
3063 4203 3119 4256 δὲ
3138 4197 3450 4270 προαιρέσει
3507 4207 3562 4243 τε
3614 4203 3706 4280 κει

2132 4278 2400 4374 χρημένὸς
2421 4278 2534 4353 -λεαὶ
2564 4299 2834 4367 ἀφορμαῖς
2860 4295 3067 4348 πλείοσι
3107 4291 3246 4345 κατά
3268 4291 3354 4342 τὸν
3382 4287 3493 4356 βίον
3529 4278 3709 4374 συνὼν.

2132 4371 2233 4446 τοῦ
2250 4371 2308 4444 τε
2346 4389 2737 4460 προαιρεῖσθαι
2767 4389 2853 4440 ἀεὶ
2875 4388 2942 4440 τὰ
2961 4388 3038 4448 είς
3070 4382 3298 4449 τάγαθὸν
3326 4382 3578 4445 φέροντα,
3607 4371 3715 4422 τοῦ.

2133 4499 2191 4533 τε
2237 4483 2478 4533 συνεῖναι
2514 4481 2626 4540 τοῖς
2657 4476 2959 4544 ἀφιστῶσιν
2980 4473 3142 4528 αὐτοῦ
3167 4472 3254 4524 διὰ
3275 4472 3334 4520 τὸ
3376 4469 3449 4537 μὴ
3493 4465 3568 4532 νῷ
3603 4462 3703 4530 μό-

2128 4591 2202 4642 νῳ
2233 4573 2325 4624 καὶ
2365 4568 2573 4638 διανοίᾳ
2627 4566 2746 4635 ζῇν,
2786 4565 2919 4617 ἀλλὰ
2967 4565 3060 4616 καὶ
3120 4558 3438 4630 φαντασίαις
3485 4571 3548 4622 γε
3609 4553 3703 4604 καὶ

2132 4663 2442 4732 αἰσθήσεσι,
2485 4660 2581 4712 καὶ
2608 4657 2820 4728 ὀρέξεσι
2844 4655 3138 4718 τοιαύταις,
3165 4651 3202 4704 ἂ
3223 4651 3287 4719 δὴ
3339 4651 3402 4701 ἐκ
3456 4645 3548 4699 τοῦ
3579 4661 3703 4696 συν-

2135 4773 2167 4825 η
2181 4755 2391 4823 μμένου
2425 4751 2632 4819 ἀνίσχει
2677 4747 2947 4818 σώματος,
2977 4746 3070 4796 καὶ
3110 4742 3146 4796 ἀ
3200 4741 3334 4810 πρὸς
3400 4737 3460 4789 τὸ
3519 4735 3709 4794 αὐτοῖς.

2131 4844 2356 4911 ἀγαθὸν,
2379 4841 2540 4894 τοῦτο
2573 4842 2629 4893 δέ
2665 4842 2781 4891 ἐστι
2813 4837 2873 4889 τὸ
2925 4834 3148 4904 μερικδν
3173 4835 3272 4898 τὴν
3305 4831 3398 4883 τοῦ
3427 4826 3702 4896 ἀνθρωπί-

2130 4957 2222 4992 νου
2251 4939 2409 5003 λόγου
2443 4934 2684 5004 βιάζεται
2713 4928 3130 4999 συγκατάθεσιν,
3162 4926 3228 4980 ἂν
3263 4924 3336 4993 μὴ
3382 4921 3586 4989 σφόδρα
3608 4919 3703 4989 ἐρ-

2132 5030 2375 5101 ρωμένος
2403 5023 2463 5099 ᾗ,
2498 5027 2638 5079 ῶστε
2665 5023 2805 5078 αὐτὰ
2832 5022 3043 5091 ἄγχειν,
3075 5017 3186 5071 ἀλλ’
3237 5015 3376 5068 ἔχων
3421 5013 3698 5079 ὲκλύηται.

2203 5118 2461 5180 Τοιοῦτος
2479 5118 2659 5169 τοίνυν
2687 5113 2782 5179 ὢν,
2815 5114 2914 5166 οὐκ
2937 5111 3003 5164 ἀν
3038 5126 3167 5181 ποτε
3207 5105 3552 5176 ὑπερϐαίνων
3605 5101 3702 5164 τὰς

2132 5210 2449 5280 δυσχερείας
2483 5208 2682 5272 πάσας,
2717 5206 2811 5258 καὶ
2836 5206 2903 5258 τά
2936 5202 3113 5272 ἀγαθά
3140 5201 3228 5254 ἀεὶ
3252 5195 3704 5268 προαιρούμενος,

2132 5303 2228 5356 καὶ
2261 5300 2403 5355 κατά
2431 5316 2490 5352 τε
2521 5299 2674 5365 λόγον
2697 5296 2790 5350 καὶ
2813 5296 2974 5365 νόμον
3013 5294 3103 5348 τὸν
3137 5295 3202 5345 ἐκ
3236 5289 3375 5344 Θεοῦ.
3429 5288 3556 5352 ζῶν,
3611 5287 3706 5339 καὶ

2133 5393 2244 5445 τῶν
2274 5391 2373 5459 μὲν
2416 5389 2659 5460 μερικῶν
2688 5388 2784 5441 καὶ
2810 5386 3159 5455 προσκαίρων
3185 5384 3399 5452 πάντων
3425 5378 3706 5447 ὑπερορῶν

2134 5482 2375 5548 ἀγαθῶν,
2402 5483 2449 5533 εί
2488 5482 2562 5550 μὴ
2590 5481 2712 5532 ὅσον
2741 5480 2953 5547 ἀνάγκη
2985 5475 3219 5547 χρῆσθαι
3244 5475 3317 5535 ώς
3339 5473 3576 5540 ὀχήμασι
3611 5469 3707 5521 καὶ

2139 5569 2410 5638 ὀργάνοις,
2441 5568 2575 5636 πρὸς
2606 5567 2660 5619 δὲ
2696 5569 2756 5617 τὸ
2778 5565 2945 5628 ὁντως
2971 5564 3171 5632 ἀγαθὸν
3206 5560 3579 5626 ἐπειγόμενος,
3609 5558 3704 5610 καὶ

2138 5659 2278 5713 οῦτω
2331 5659 2728 5728 καθαιρόμενός
2779 5672 2837 5707 τε
2872 5654 2965 5708 καὶ
3004 5655 3100 5721 τῆς
3132 5650 3287 5719 δίκης
3316 5647 3707 5718 ἀπολυόμενος,

2138 5750 2406 5819 ὁσημέραι
2444 5748 2592 5812 ἄξιος
2625 5749 2827 5814 γίνοιτο
2861 5748 2938 5808 εἱς
2983 5745 3043 5796 τὸ
3071 5745 3268 5796 οἰκεῖον
3298 5743 3470 5810 πέρας
3507 5742 3702 5808 ἐλθεῖν,

2147 5843 2218 5914 μὴ
2253 5840 2509 5910 προνοίας
2542 5836 2837 5905 ἱδιαιτάτης
2867 5837 2925 5889 ὲκ
2955 5834 3087 5887 Θεοῦ
3121 5833 3422 5902 τυγχάνων.
