4152 6280
292 522 429 585 1113
522 474 525 477 ’

1330 532 1431 592 DE
1474 533 2219 602 PR/EDESTINATIONE
2288 542 2438 604 LIB.
2478 544 2531 605 ῐ.

3401 543 3533 600 HM

286 634 714 729 ξροοξτρούμεναν
752 638 1003 693 τοσοῦτον
1028 642 1105 704 ὡς
1160 644 1216 697 ἒν
1246 649 1545 715 σημειώσει
1592 647 1852 718 εἰρήσθω.
1882 653 1932 710 Α
1960 673 2182 724 γνωσιν,
2215 660 2282 729 ἢν
2328 660 2427 713 καὶ
2459 659 2633 712 ἀΐδιον
2687 659 2833 727 ζωὴν
2877 651 3020 713 εἷναί
3057 675 3258 727 φαμεν.
3311 658 3437 722 Τοῖς
3479 660 3533 713 δέ

284 726 570 797 Προύργου
599 730 706 801 γὰρ
734 732 865 800 ἡμῖν
900 734 928 785 ὁ
963 735 1090 803 περὶ
1145 736 1436 806 ἀνθρώπου
1489 739 1647 814 λόγος
1702 741 1819 793 ἐστί
1847 757 1861 771 ·

282 818 350 869 τὰ
379 818 423 870 δ’
455 819 590 873 ἄλλα
619 821 693 883 ὡς
717 825 775 875 ἐν
809 823 886 894 τῷ
916 825 1061 896 έργῳ
1087 829 1208 890 ταῖς
1240 829 1368 898 περὶ
1392 830 1556 883 αὐτὸν
1586 833 1865 901 προνοίαις

283 909 553 981 ὑπουργεῖ
588 913 683 965 τοῦ
710 914 866 981 Θεοῦ,
899 915 1043 969 οὕτω
1073 918 1168 970 καὶ
1206 918 1286 985 τῷ
1315 919 1456 990 λόγῳ
1514 921 1865 992 συνείληπται

280 1001 618 1068 ἀναγκαίως,
648 1004 746 1073 οὐχ
769 1005 856 1057 ῖνα
884 1006 1044 1074 μόνον
1084 1007 1145 1060 τδ
1170 1010 1304 1061 πᾶσι
1334 1012 1446 1073 τοῖς
1483 1005 1635 1065 οὖσιν
1689 1012 1865 1082 ὑπάρ-

278 1108 378 1160 χον
411 1094 499 1144 καὶ
526 1093 604 1162 τῷ
641 1094 909 1166 ἀνθρώπῳ
962 1100 1424 1170 προσαρμοσθείη,
1482 1102 1618 1157 ἀλλά
1656 1104 1747 1173 καὶ
1782 1105 1865 1158 ὅτι

279 1182 377 1234 τοῦ
405 1182 767 1255 ὑπερέχοντος
793 1186 894 1255 τῆς
951 1190 1082 1258 περὶ
1140 1189 1307 1244 αὐτὸν
1355 1194 1607 1263 οὐρανίου
1647 1213 1863 1266 προμη-

283 1269 431 1329 θείας
458 1274 857 1342 ἐπιδειχθέντος
909 1278 1065 1348 τύπῳ
1093 1279 1211 1348 μὲν,
1274 1284 1370 1336 καὶ
1411 1283 1479 1337 δι’
1541 1284 1857 1353 ἐλαττόνων,

279 1363 398 1415 ἀλλ’
429 1365 651 1431 ίκανῶν,
672 1366 789 1429 ὁδὸς
812 1368 880 1422 ἂν
900 1370 1109 1435 γένοιτο
1158 1373 1295 1441 πρὸς
1337 1375 1435 1441 τὴν
1487 1372 1705 1445 εὕρεσιν
1761 1378 1863 1446 τῆς

280 1455 565 1524 ἀληθείας,
601 1458 849 1527 περὶτοῦ
886 1462 1122 1531 μάλιστα
1153 1465 1543 1533 προκειμένου.

358 1548 447 1610 Ἐξ
474 1549 655 1601 αὐτῶν
692 1550 747 1602 δὲ
778 1552 886 1604 τῶν
912 1555 1216 1621 είρημένων
1244 1554 1406 1624 δῆλόν
1446 1558 1584 1622 ἐστι,
1630 1561 1724 1612 καὶ
1779 1561 1859 1612 ὅτι

280 1636 515 1705 ὥρισται
542 1641 654 1701 τοῖς
687 1641 996 1711 ἀνθρώποις
1018 1643 1085 1694 τὸ
1115 1645 1286 1706 τέλος,
1341 1649 1434 1700 καὶ
1472 1649 1541 1700 τά
1597 1648 1686 1701 ἐπ’
1729 1650 1860 1702 αὐτὸ

282 1729 540 1797 φέροντα,
577 1731 751 1794 ἄλλως
782 1734 890 1804 γὰρ
917 1735 1024 1787 οὐδ’
1078 1735 1144 1789 ἂν
1165 1738 1199 1804 ἡ
1226 1739 1448 1807 τοιαύτη
1507 1741 1633 1808 περὶ
1680 1742 1859 1794 αὐτῶν

282 1821 511 1887 πρόνοια
541 1817 626 1890 ἦν.
657 1823 791 1892 Περὶ
814 1825 914 1891 μέν
944 1825 1051 1892 γάρ
1077 1827 1184 1881 τῶν
1217 1829 1638 1898 κεχωρισμένων
1663 1832 1858 1883 οὐσιῶν

280 1910 347 1960 οὐ
373 1911 513 1962 πάνυ
543 1913 609 1964 ἂν
642 1914 704 1964 τὸ
730 1915 939 1967 τοιοῦτο
969 1915 1185 1984 ζητοῖτο
1222 1934 1237 1948 ·
1269 1912 1432 1971 αῦται
1477 1920 1583 1987 γὰρ
1638 1921 1739 1973 οὐκ
1801 1923 1859 1972 ἐν

281 2003 351 2071 τῇ
379 2002 483 2069 όδῷ
516 2004 677 2065 είσιν,
708 2004 823 2057 ἀλλ’
854 2007 911 2056 ἐν
944 2006 1021 2075 τῷ
1047 2006 1210 2070 τέλει,
1238 2009 1336 2061 καὶ
1365 2008 1546 2061 εἴποτε
1580 2012 1677 2063 οὐκ
1718 2007 1858 2081 ἦσάν
1893 1993 1934 2046 Β

284 2110 363 2156 πη
415 2095 474 2145 ἐν
503 2097 579 2162 τῷ
613 2097 777 2159 τέλει,
798 2099 849 2150 τί
879 2097 944 2150 ἄν
969 2101 1097 2168 περὶ
1125 2099 1302 2154 αὐτῶν
1324 2101 1585 2171 ἐζητεῖτο,
1618 2104 1861 2171 ἀφείσθω

284 2184 383 2239 νῦν
413 2190 652 2239 σκοπεῖν.
691 2189 796 2239 Καὶ
835 2190 961 2258 περὶ
990 2191 1098 2244 τῶν
1117 2192 1212 2244 τοῦ
1238 2194 1440 2255 παντὸς
1466 2193 1620 2245 τοῦδε
1655 2194 1858 2264 μερῶν,

283 2275 323 2329 ἃ
355 2276 620 2340 διηνεκῶς
652 2281 964 2346 είσιέξότου
1008 2284 1281 2350 γεγόνασι,
1348 2288 1515 2352 σαφές
1562 2288 1727 2349 ἐστιν,
1782 2287 1862 2337 ὅτι

284 2368 518 2435 ὥρισται
553 2371 733 2433 αὐτοῖς
761 2373 821 2423 τὸ
842 2374 1011 2436 τέλος,
1038 2377 1129 2427 καὶ
1161 2377 1358 2428 ἄκοντα
1402 2377 1488 2428 ἐπ’
1536 2376 1666 2429 αὐτὸ
1703 2377 1860 2439 ίεται,

288 2461 365 2521 ὡς
398 2460 461 2529 δὴ
493 2463 651 2529 φύσει
692 2466 958 2534 ἐρχόμενα
991 2468 1076 2519 ἐπ’
1106 2468 1258 2532 αὐτὴ,
1297 2469 1404 2520 εἴτε
1441 2469 1500 2520 τὸ
1556 2471 1652 2535 τῆς
1710 2468 1862 2535 κινή-

290 2568 430 2615 σεως
480 2555 658 2606 αὐτῶν
701 2558 874 2617 τέλος,
926 2558 1037 2608 εἴτε
1080 2558 1139 2609 τὸ
1180 2560 1275 2624 τῆς
1328 2560 1604 2627 ἐνεργείας
1665 2563 1720 2612 ἐν
1753 2563 1864 2622 τοῖς

289 2647 618 2713 κατωτέροις
654 2652 761 2706 τοῖς
800 2651 856 2700 έν
887 2650 1098 2715 γενέσει
1160 2651 1255 2702 καὶ
1319 2651 1498 2720 φθορᾷ
1552 2652 1862 2719 πράγμασι,

293 2739 387 2790 καὶ
417 2741 667 2792 οὐδέποτε
699 2742 1060 2809 ἀποτυγχάνει
1089 2741 1182 2793 τοῦ
1210 2741 1397 2803 τέλους
1455 2742 1705 2804 καθόλου,
1754 2743 1865 2793 οὐδ’

292 2829 475 2881 αὐτῶν
498 2832 656 2898 εῐπερ
690 2832 763 2899 μὴ
788 2825 899 2884 οἷόν
928 2848 987 2883 τε
1026 2834 1309 2884 ἀτευκτεῖν
1341 2832 1433 2885 τὸν
1479 2833 1611 2883 Θεὸν
1636 2833 1727 2884 τὸν
1777 2851 1864 2884 κι-

290 2918 491 2971 νοῦντα
515 2921 652 2971 αὐτά
687 2922 780 2974 ἐπὶ
826 2921 887 2972 τὺ
932 2921 1083 2983 τέλος
1129 2924 1195 2990 τῇ
1248 2922 1638 2991 παντοδυνάμῳ
1702 2922 1866 2973 αὐτοῦ

296 3010 568 3079 βουλήσει,
595 3012 658 3063 δι’
687 3007 753 3081 ἦς
799 3013 893 3064 καὶ
927 3013 997 3079 μὴ
1029 3013 1156 3064 ὄντα
1192 3012 1319 3064 ποτέ
1352 3014 1688 3081 ὑπέστησαν.

367 3104 476 3155 Kal
504 3103 570 3153 τά
602 3104 661 3152 ἐν
698 3102 907 3166 γενέσει
939 3102 1002 3151 δὲ·
1027 3103 1120 3153 καὶ
1153 3102 1327 3171 φθορᾷ
1360 3103 1730 3169 ἀποτυγχάνει
1767 3102 1868 3171 μέν

292 3212 425 3248 ποτε
453 3196 567 3245 ἔνια
599 3193 692 3245 τοῦ
725 3193 1022 3262 προσεχοῦς
1053 3193 1259 3253 τέλους,
1287 3195 1345 3245 ὲν
1391 3189 1471 3255 οἷς
1527 3193 1870 3261 ἀμϐλώματα

1969 751 2121 819 παρά
2151 751 2315 817 φύσιν
2354 751 2642 820 βεϐιωκόσι
2680 752 2833 819 κοινῇ
2885 751 3050 803 πᾶσιν
3079 748 3304 818 ὥρισται
3354 751 3387 817 ἡ
3436 750 3533 817 τῆς

1966 840 2184 894 αίωνίοῡ
2215 840 2361 909 ζωῆς
2385 842 2695 907 ἀπότευεις,
2725 833 2845 894 οῦσι
2875 840 2972 907 μὲν
2999 838 3092 894 καὶ
3122 840 3302 903 αὐτοῖς
3326 839 3530 903 ἀῖδίως,

1966 932 2080 984 ἀλλ’
2110 934 2169 984 ἐν
2196 931 2349 1001 ζόφῳ
2382 932 2539 1002 βαθεῖ
2558 933 2692 996 ζῶσι
2712 932 2809 986 καὶ
2839 930 3135 998 ἀθλιότητι,
3169 930 3236 1000 ἢν
3261 929 3423 984 όποία
3449 930 3535 993 τίς

1964 1022 2111 1075 ἐστιν
2142 1023 2210 1077 τά
2242 1025 2359 1076 θεῖα
2384 1024 2593 1094 ίστορεῖ
2611 1024 2788 1091 λόγια.

2035 1117 2290 1185 Ὠρισται
2352 1114 2410 1168 δέ
2462 1115 2637 1168 ταῦτα
2688 1112 2969 1181 ἑκατέροις
3016 1112 3078 1167 οὗ
3134 1115 3201 1184 τῇ
3252 1110 3388 1182 αὐτῇ
3439 1108 3534 1165 τοῦ

1965 1208 2122 1262 Θείου
2150 1207 2422 1278 βουλήσει,
2448 1207 2586 1263 ἀλλά
2618 1205 3006 1277 προηγουμένη
3039 1206 3137 1272 μὲν
3164 1206 3276 1267 τοῖς
3310 1203 3535 1270 ἀγαθοῖς

1962 1301 2022 1355 τδ
2044 1302 2261 1369 ἄριστον
2288 1298 2460 1363 τέλος,
2491 1298 2588 1351 καί¹
2612 1297 2756 1352 τοῦτ’
2804 1298 2919 1350 ἐστι
2968 1297 3029 1349 τὸ
3064 1296 3281 1366 θελήσει
3334 1295 3529 1348 θέλειν.

1963 1391 2190 1460 Εἴρηται
2217 1408 2275 1442 τε
2305 1390 2362 1442 ἐν
2394 1373 2507 1453 τοῖς
2536 1389 2737 1455 λογίοις
2759 1390 2786 1440 ὁ
2811 1389 2941 1451 Θεὸς
2990 1389 3187 1453 λέγων,
3230 1387 3290 1438 οὐ
3321 1386 3533 1455 θελήσει

1962 1481 2139 1535 θέλειν
2170 1480 2261 1532 τὸν
2302 1479 2392 1531 τοῦ
2418 1479 2742 1548 ἀμαρτωλοῦ
2766 1479 3015 1538 θάνατον,
3045 1478 3236 1544 ὥσπερ
3270 1477 3411 1529 θέλει
3444 1476 3534 1528 θε-

1961 1573 2117 1641 λήσει
2147 1573 2208 1623 τδ
2242 1570 2309 1623 δι’
2339 1571 2677 1638 ἐπιστροφῆς
2704 1570 2807 1640 ζῇν
2850 1569 3016 1621 αὐτὸν
3048 1570 3302 1628 αίωνίως.
3376 1567 3534 1620 Ἐπο-

1966 1665 2102 1735 μένῃ
2127 1664 2194 1723 δὲ,
2213 1663 2443 1733 ὥρισται
2474 1664 2585 1724 τοῖς
2603 1663 2861 1730 πονηροῖς
2893 1663 2925 1732 ή
2973 1660 3067 1713 τοῦ
3090 1661 3275 1717 τέλους
3306 1660 3537 1713 ἀπότευ-

1963 1754 2064 1820 ξις,
2092 1756 2343 1823 ἀθλιότης
2375 1750 2507 1806 οῦσα
2543 1770 2558 1783 ·
2595 1753 2738 1805 θέλει
2787 1754 2896 1821 γὰρ
2935 1754 3029 1805 καὶ
3062 1752 3161 1820 τὴν
3195 1753 3413 1803 κόλασιν
3439 1751 3536 1818 τῆς
3610 1781 3620 1817 ε

1963 1849 2247 1914 πονηρίας,
2278 1847 2350 1907 ὡς
2376 1845 2551 1906 οὕτως
2592 1845 2656 1896 ἂν
2692 1844 2787 1896 καὶ
2838 1844 2936 1910 τῆς
2989 1843 3138 1904 θείας
3189 1843 3537 1905 δικαιοσύνης

1962 1935 2555 2004 ἐκπληρωθησομένης.
2584 1936 2687 1985 Καὶ
2726 1934 2799 1993 ὡς
2838 1931 3238 1985 ἐπακολουθοῦν
3284 1932 3361 2000 τῷ
3412 1933 3536 1992 τοὺς

1963 2026 2287 2088 όδεύσαντας
2311 2025 2407 2090 τὴν
2451 2026 2541 2077 ἐπὶ
2577 2025 2637 2075 τὸ
2667 2020 2871 2091 ἀγαθόν
2906 2023 3173 2091 φέρουσαν
3202 2018 3537 2088 ἀμεταστρέ-

1964 2136 2115 2179 πτως
2140 2116 2424 2184 ἐφικέσθαι
2461 2114 2623 2169 αὐτοῦ
2654 2130 2670 2145 ⁶
2703 2116 2762 2166 τὸ
2794 2115 2887 2166 καὶ
2919 2116 3041 2175 τοὺς
3080 2115 3151 2179 μὴ
3205 2111 3420 2163 ὁδεῦσαι
3450 2111 3534 2161 θε-

1964 2208 2235 2276 λήσαντας
2276 2208 2349 2276 μὴ
2382 2206 2665 2274 ἐφικέσθαι
2697 2221 2711 2235 ·
2738 2206 2859 2258 ὅθεν
2889 2206 2974 2256 διὰ
3015 2204 3073 2255 τὺ
3120 2204 3242 2263 τοὺς
3286 2199 3534 2266 σωζομέ-

1964 2317 2087 2361 νους
2119 2302 2179 2350 ἐκ
2212 2298 2630 2367 προηγουμένης
2671 2296 2772 2364 τῆς
2800 2296 3007 2362 ἀγαθῆς
3041 2293 3134 2344 τοῦ
3199 2291 3333 2344 Θεοῦ
3379 2289 3537 2358 θελή-

1967 2409 2101 2451 σεως
2127 2389 2355 2459 ὡρίσθαι
2387 2391 2465 2451 είς
2488 2390 2585 2458 τὴν
2619 2389 2786 2453 ζωὴν,
2815 2389 2903 2440 διὰ
2926 2386 3083 2439 τοῦτο
3107 2387 3233 2446 τοὺς
3285 2385 3382 2449 τῆς
3432 2400 3537 2435 σω·

1964 2484 2158 2552 τηρίας
2187 2483 2398 2550 ἐκείνης
2423 2481 2609 2545 ἀξίους
2654 2480 2938 2548 ίδιαίτερον
2964 2478 3301 2545 ὡρισμένους
3332 2492 3391 2525 τε
3440 2473 3534 2524 καλ⁵

1964 2573 2191 2641 ὡρίσθαι
2252 2571 2429 2639 φαμέν
2463 2587 2478 2602 ο
2528 2570 2653 2632 τοὺς
2711 2570 2767 2621 δέ
2801 2569 3122 2629 κολαστέους
3158 2567 3254 2634 οὐχ
3304 2563 3531 2632 ὡρίσθαι

1966 2667 2171 2732 κυρίως
2202 2664 2280 2723 είς
2315 2663 2414 2724 τὰς
2442 2661 2699 2721 αίωνίους
2721 2660 2899 2722 δίκας,
2933 2658 3070 2711 ἀλλά
3103 2658 3301 2725 μᾶλλον
3341 2654 3537 2706 ἀποδε-

1966 2757 2293 2829 δοκιμάσθαι
2324 2755 2428 2807 ἀπὸ
2454 2754 2556 2819 τῆς
2581 2753 2946 2820 προκειμένης
2976 2749 3288 2817 ἀνθρώποις
3327 2751 3387 2801 ἐκ
3443 2746 3536 2799 τοῦ

1968 2850 2172 2915 ἀγαθοῦ
2233 2850 2445 2917 [ἰατρὸς
2496 2847 2661 2914 ζωῆς.
2713 2845 2878 2898 Ἀλλά
2936 2844 3030 2895 νῦν
3068 2842 3159 2895 ἐπὶ
3214 2841 3430 2893 πάντων
3476 2841 3539 2892 τὸ

1969 2939 2201 3008 ὡρίσθαι
2230 2938 2497 3004 λεγέσθω.

2039 3033 2207 3099 Κοινῇ
2250 3031 2346 3097 μὲν
2374 3029 2436 3098 δὴ
2468 3028 2611 3081 οὕτω
2648 3029 2828 3081 πᾶσιν
2876 3024 3182 3093 ἀνθρώποις
3234 3022 3326 3075 δύο
3369 3028 3540 3073 ταυτα

1969 3122 2195 3190 ὥρισται
2230 3121 2460 3186 πέρατα,
2490 3119 2584 3171 καὶ
2616 3117 2692 3180 ὡς
2724 3117 2787 3183 δὴ
2822 3114 3106 3184 πόρρωθεν
3141 3111 3399 3177 καὶπρὸς
3439 3110 3539 3177 τῆς

1968 3212 2062 3265 τοῦ
2092 3213 2297 3278 κόσμου
2333 3209 2620 3276 ὑπάρξεως
2654 3207 2955 3275 ὡρισμένα,
2985 3204 3375 3272 προωρισμένα
3402 3196 3539 3252 εἷναί

294 3289 388 3340 καὶ
424 3284 730 3353 πηρὼματά
763 3301 893 3337 ποτε
914 3283 1144 3351 γίνεται,
1193 3283 1281 3335 διὰ
1319 3284 1377 3334 τὸ
1421 3282 1488 3335 τὰ
1528 3283 1639 3351 εῐδη
1688 3282 1867 3335 αὐτῶν
1895 3306 1937 3362 C
1971 3313 2151 3365 φαμεν
2171 3298 2281 3358 τοῖς
2307 3296 2636 3362 ἀνθρώποις,
2672 3295 2766 3346 καὶ
2821 3294 2942 3353 τοὺς
2976 3293 3055 3353 εις
3099 3289 3273 3342 ταῦτα
3316 3287 3543 3356 ἐρχομέ-

294 3379 664 3450 ἐμϐάπτεσθαι
696 3380 760 3447 τῇ
795 3375 921 3446 ὕλῃ,
949 3377 1042 3428 καὶ
1099 3376 1167 3427 δι’
1221 3374 1452 3440 ἔλλειψιν
1501 3373 1672 3442 ἀρχῆς
1727 3389 1868 3434 τινος

295 3471 619 3541 προσεχοῦς,
640 3470 673 3539 ἦ
695 3471 791 3538 τῆς
816 3469 923 3522 τῶν
946 3468 1293 3537 ὑψηλοτέρων
1313 3466 1505 3519 αἰτιῶν
1528 3464 1867 3532 συμπλοκῆς,

295 3566 355 3621 αἶ
382 3566 474 3619 καὶ
502 3566 610 3617 τῶν
644 3562 991 3633 ὑψηλοτέρων
1015 3561 1205 3615 αίτιῶν
1232 3558 1630 3627 ἀποτεύγματα
1664 3557 1730 3610 ἂν
1782 3557 1868 3623 είη

294 3658 494 3729 τρόπον
522 3657 661 3710 τινά.
704 3655 863 3709 Ἀλλά
899 3654 959 3706 τὺ
984 3653 1083 3723 μέν
1125 3652 1244 3704 τόδε
1292 3651 1429 3713 ζῶον
1473 3650 1566 3703 καὶ
1624 3649 1697 3719 μὴ
1751 3647 1868 3699 τόδε

295 3748 649 3819 ἀμϐλωθῆναι
676 3746 710 3816 ἢ
741 3744 1087 3814 πηρωθῆναι,
1127 3744 1160 3812 ἦ
1191 3741 1495 3811 τερατῶδές
1548 3757 1601 3791 τι
1662 3737 1871 3805 ἀποϐῆ-

296 3857 408 3903 ναι,
443 3840 616 3901 οὐδεὶς
642 3838 709 3892 ἀν
742 3837 827 3907 εῐη
853 3835 1031 3903 λόγος,
1064 3834 1187 3887 δτου
1223 3833 1383 3902 χάριν
1425 3830 1610 3899 μέλλοι
1640 3828 1707 3883 ἀν
1768 3829 1872 3880 ὐπὸ

295 3931 394 3985 τοῦ
428 3930 588 3983 Θείου
621 3927 923 4000 ὁρίζεσθαι.
955 3925 1032 3978 Τὸ
1057 3924 1240 3990 μέντοι
1282 3922 1341 3973 ἐν
1385 3923 1498 3983 τοῖς
1541 3920 1723 3989 ἔργοις
1775 3918 1872 3987 τῆς
1908 3910 1913 3917 ’

299 4022 514 4091 φύσεως
563 4021 658 4073 καὶ
698 4017 876 4072 τοιάδε
924 4015 1047 4070 τινὰ
1106 4012 1356 4083 γίνεσθαί
1406 4028 1537 4064 ποτε
1585 4011 1871 4080 ἐγχωρεῖν,

297 4113 457 4167 τοῦτο
477 4112 541 4182 δὴ
569 4111 664 4165 καὶ
696 4109 820 4163 λίαν
876 4107 1109 4177 ὥρισται
1159 4105 1357 4172 δήπου,
1399 4103 1573 4164 ἄλλως
1628 4100 1737 4171 γὰρ
1774 4099 1873 4152 οὐκ

300 4207 366 4260 ἂν
390 4202 500 4259 οἷόν
526 4222 585 4258 τε
602 4196 681 4277 ἦν
707 4201 963 4255 οὐδέποτέ
994 4216 1048 4253 τι
1078 4197 1258 4251 αὐτῶν
1285 4194 1429 4247 οὕτω
1455 4192 1722 4261 γίνεσθαι.
1766 4192 1875 4244 Καὶ

303 4300 447 4354 ἔοικέ
478 4317 553 4366 πη
583 4302 697 4359 τοῖς
727 4296 815 4350 διὰ
873 4293 1196 4365 προαίρεσιν
1230 4289 1609 4360 ἁμαρτάνουσι
1662 4286 1730 4339 τὰ
1785 4285 1874 4337 διά

302 4392 400 4457 τὴν
421 4390 553 4459 ὕλην
582 4385 1058 4459 κακοπραγοῦντα,
1092 4384 1233 4457 πλὴν
1255 4384 1336 4438 ὅτι
1379 4381 1649 4443 ἀκουσίως
1694 4378 1877 4450 σφίσιν

303 4482 460 4537 τοῦτο
488 4480 772 4549 συμϐαίνει
811 4478 907 4532 καὶ
938 4476 1028 4530 ἐπ’
1064 4475 1376 4545 ἐλάχιστον.

374 4574 436 4627 Εί
456 4573 520 4642 δὴ
551 4570 698 4641 μόνοι
716 4571 780 4623 ἐκ
804 4569 1021 4622 πάντων
1045 4567 1153 4620 τῶν
1179 4565 1351 4620 ὅντων
1376 4563 1469 4616 καὶ
1501 4560 1800 4631 γινομένων
1826 4559 1878 4613 οἱ

1971 3405 2095 3449 νους
2132 3389 2208 3449 είς
2238 3388 2412 3439 ταῦτα
2445 3387 2537 3438 καὶ
2566 3384 2906 3456 προωρίσθαι
2946 3399 2959 3413 ⁶
3005 3381 3309 3450 ὡρισμένου
3357 3380 3414 3431 δὲ
3456 3378 3545 3429 ὅν-

1972 3492 2062 3535 τος
2092 3477 2203 3533 τοῖς
2233 3476 2541 3539 ἀνθρώποις
2570 3474 2665 3525 τοῦ
2686 3474 2893 3533 τέλους,
2927 3472 3008 3523 δεῖ
3032 3471 3125 3522 καὶ
3154 3472 3220 3521 τά
3249 3468 3383 3535 πρὸς
3411 3465 3543 3518 αὐτὸ

1972 3568 2202 3635 φέροντα
2236 3564 2465 3632 ὡρίσθαι
2492 3581 2616 3629 που,
2653 3564 2744 3616 καὶ
2775 3562 2849 3623 ὡς
2888 3563 2983 3628 μὲν
3014 3562 3166 3627 κοινῇ
3224 3560 3387 3610 πᾶσιν
3416 3555 3543 3623 ὥρι-

1974 3672 2096 3708 σται
2119 3656 2232 3717 τοῖς
2253 3652 2562 3721 ἀνθρώποις
2588 3652 2656 3704 τά
2681 3650 2906 3703 τοιαῦτα
2934 3649 3110 3715 δῆλον.
3137 3648 3277 3699 Ὅσα
3301 3662 3359 3697 τε
3382 3646 3490 3712 γὰρ
3519 3645 3546 3694 ὁ

1973 3745 2203 3814 φυσικὸς
2228 3744 2389 3813 νόμος
2421 3741 2750 3803 ὲκπαιδεύει,
2794 3742 2887 3792 καὶ
2920 3741 2946 3790 ό
2974 3741 3029 3789 ἐν
3059 3736 3370 3805 γράμματι,
3392 3734 3485 3785 καὶ
3520 3733 3545 3781 ὁ

1934 3826 1935 3829 η
1971 3838 2070 3905 τῆς
2114 3837 2333 3906 χάριτος
2378 3836 2405 3887 ὁ
2448 3833 2801 3899 εὐαγγελικδς
2838 3834 2932 3883 καὶ
2982 3831 3030 3881 οἱ
3089 3828 3198 3879 τῶν
3232 3825 3405 3893 ἁγίων
3452 3823 3547 3875 τοῦ

1973 3927 2109 3981 Θεοῦ
2137 3927 2316 3994 νόμοι,
2352 3925 2447 3976 καὶ
2472 3924 2735 3993 σύμπασα
2765 3924 2798 3992 ή
2831 3925 2956 3991 περὶ
2980 3920 3049 3972 131
3080 3918 3184 3987 ἤθη
3242 3913 3547 3982 φιλοσοφία,

1974 4018 2104 4087 περὶ
2132 4018 2338 4069 τούτων
2360 4016 2523 4079 είσὶν,
2557 4014 2593 4068 ἀ
2637 4013 2774 4083 πρὸς
2827 4011 2927 4082 τὴν
2974 4007 3321 4078 εὐδαιμονίαν
3372 4005 3547 4073 φέρει,

1976 4109 2068 4161 καὶ
2120 4104 2456 4167 τούναντίον,
2509 4105 2605 4157 καὶ
2639 4102 2707 4155 τὰ
2763 4100 2862 4171 μὲν
2895 4098 3108 4170 ἀρεταὶ,
3162 4097 3233 4150 τὰ
3272 4096 3329 4149 δέ
3360 4094 3553 4148 κακίαι

1974 4196 2357 4267 ὀνομάζονται,
2382 4192 2576 4264 έχοντα
2610 4191 2764 4258 τάξιν
2783 4190 2909 4245 οῖαν
2929 4192 3024 4243 καὶ
3054 4190 3121 4243 τά
3148 4188 3310 4257 μόρια
3338 4184 3434 4238 τοῦ
3464 4186 3554 4237 ἀν-

1978 4290 2221 4361 θρώπου,
2256 4279 2331 4341 ὧν
2352 4287 2461 4339 είσι
2494 4284 2590 4339 καὶ
2615 4284 2673 4337 ἐν
2708 4278 2792 4346 οἷς
2818 4281 3078 4350 γίνονται.
3122 4277 3248 4334 Οἷον
3294 4278 3555 4348 φρόνησις

1981 4381 2103 4449 μὶν,
2134 4378 2296 4446 λόγου
2330 4377 2521 4446 ἀρετὴ,
2562 4375 2657 4440 καὶ
2714 4373 3031 4439 δικαιοσύνη
3086 4372 3272 4435 ἕτερον
3330 4368 3553 4436 τρόπον,

1980 4468 2302 4539 σωφροσύνη
2329 4468 2387 4520 δέ
2404 4459 2722 4535 ἐπιθυμίας,
2746 4463 2841 4516 καὶ
2866 4462 3040 4529 θυμοῦ
3062 4460 3247 4529 ἀνδρία
3270 4474 3284 4490 ο
3304 4459 3397 4510 καὶ
3420 4457 3553 4523 ἄλλη

1976 4562 2083 4630 μὲν
2104 4557 2274 4628 ἀρετὴ
2308 4554 2572 4619 διανοίας,
2597 4553 2731 4623 ἄλλη
2752 4552 2811 4606 δὲ
2832 4551 3102 4619 γλώττης,
3132 4548 3267 4619 ἀλλη
3292 4548 3347 4600 δὲ
3370 4546 3552 4618 ἔργου.

306 4666 402 4721 ἄνθ
412 4635 579 4735 ρωποι
606 4663 876 4732 ὁδοιπόροι
907 4659 1047 4712 είσὶν
1069 4659 1124 4711 ἐν
1149 4658 1215 4726 τῇ
1235 4655 1345 4725 ζωῇ
1367 4653 1561 4723 ταύτῃ,
1587 4653 1686 4722 τὴν
1712 4652 1881 4704 ἀΐδιον
1914 4641 1959 4701 D
1989 4651 2099 4703 Kal
2119 4647 2284 4718 γεννᾷ
2305 4646 2404 4716 μιν
2427 4645 2520 4714 ἣδε
2536 4642 2773 4710 ἐκείνην,
2797 4640 2990 4709 φύεται
3014 4639 3070 4691 δέ
3088 4637 3220 4705 ἄλλη
3242 4638 3307 4689 ἐκ
3329 4635 3555 4702 ταύτης.

305 4754 648 4825 εὐδαιμονίαν
698 4752 918 4807 σκοπεῖν
948 4749 1297 4817 τεταγμένοι,
1323 4748 1418 4798 καὶ
1450 4745 1695 4805 θέλοντες
1716 4743 1766 4793 οἰ
1812 4757 1876 4806 γε

306 4846 583 4899 σπουδαῖοι
602 4846 728 4913 περὶ
755 4842 934 4897 αὐτῶν
950 4840 1014 4911 δὴ
1035 4840 1269 4910 μάλιστα
1300 4836 1369 4890 τὰ
1394 4833 1618 4887 τοιαῦτα
1635 4831 1876 4902 ἀκριϐῶς

308 4937 548 4998 σκοπεῖν,
580 4931 864 4986 καὶταῦτα
892 4930 1157 4999 ἡμετέρου
1188 4924 1281 4978 τοῦ
1342 4923 1473 4992 περὶ
1520 4918 1685 4988 ἡμῶν
1751 4932 1877 4969 σκο-

306 5028 428 5080 πεῖν
458 5026 632 5087 ὄντος.
667 5024 806 5077 Πάσι
840 5022 937 5091 μὲν
968 5016 1061 5073 οῦν
1085 5017 1392 5086 ἀνθρώποις
1437 5014 1589 5080 κοινῇ
1646 5009 1876 5077 ὥρισται

309 5114 471 5182 φύσει
500 5113 559 5165 τὸ
585 5114 682 5181 τῆς
710 5108 853 5175 ζωῆς
880 5109 1085 5175 ταύτης
1114 5108 1304 5175 πέρας,
1332 5105 1445 5164 τοῖς
1474 5102 1569 5171 μὲν
1597 5100 1737 5152 κατά
1781 5098 1880 5164 φύ-

311 5226 414 5271 σιν,
436 5207 584 5270 ζῶοι,
603 5201 856 5269 ταυτδνζδ
880 5202 1053 5251 εἰπεῖν
1074 5199 1212 5251 κατά
1227 5198 1313 5248 τὸν
1332 5199 1387 5248 ὲν
1410 5195 1587 5255 αὐτοῖς
1610 5193 1764 5259 λόγον
1788 5192 1879 5242 καὶ

311 5298 495 5367 νόμον,
526 5296 585 5348 τὸ
618 5294 761 5347 κατά
793 5290 953 5360 φύσιν
983 5288 1133 5349 τέλος
1169 5303 1183 5318 ο
1216 5286 1275 5337 οὐ
1328 5284 1435 5353 γὰρ
1467 5285 1646 5351 χεῖρον
1681 5282 1750 5333 τὰ
1780 5279 1878 5332 σύ·-

312 5389 379 5441 τά
434 5383 821 5445 ἐπαναλαϐεῖν,
850 5382 910 5434 τὸ
959 5379 1016 5433 δέ
1051 5380 1197 5431 ἐστιν
1249 5377 1281 5444 ἡ
1339 5374 1433 5426 τοῦ
1467 5372 1602 5425 Θεοῦ
1638 5373 1734 5425 καὶ
1772 5370 1878 5422 τῶν

312 5482 471 5533 θείων
504 5479 707 5548 ἀμεσος
740 5475 963 5542 γνῶσις,
993 5472 1086 5523 καὶ
1131 5472 1163 5537 ἡ
1217 5471 1274 5520 ἐν
1306 5469 1441 5535 αὐτῇ
1496 5466 1657 5533 νοερά
1693 5464 1876 5532 ἡδονή.

312 5570 455 5633 Νοῦς
488 5568 597 5638 γὰρ
659 5567 734 5618 ὢν
775 5564 1057 5633 ἄνθρωπος
1114 5558 1334 5610 ἐπειδὰν
1382 5553 1477 5606 τοῦ
1528 5552 1878 5621 συνημμένου

312 5659 463 5711 τοῦδε
514 5654 826 5724 ἀπαλλαγῇ,
858 5653 968 5705 τῶν
1003 5649 1233 5703 καθόλου
1286 5664 1343 5698 τε
1392 5646 1755 5713 θεωρητικὸς,
1788 5646 1880 5697 καὶ

312 5752 410 5817 τῆς
441 5748 699 5815 ἀληθείας
729 5743 1111 5816 γνωριστικὸς,
1143 5738 1382 5809 ἀνεῳγὸς
1431 5738 1566 5806 ἔχων
1616 5737 1678 5788 τὸ
1726 5737 1881 5805 ὄμμα

317 5843 410 5893 καὶ
430 5838 665 5907 καθαρὸν
704 5841 767 5909 τῇ
804 5836 1051 5890 ἐντεῦθεν
1085 5833 1311 5901 σπουδῇ,
1345 5829 1486 5883 τοῦτ’
1519 5828 1584 5881 ἂν
1632 5827 1881 5894 εὐδαιμο-

317 5932 433 5986 νίαν
468 5931 578 5997 ἔχοι
619 5932 707 5987 καὶ
739 5932 887 5993 τέλος
918 5929 1012 5995 τὴν
1048 5927 1144 5997 τῆς
1194 5923 1419 5978 καθόλου
1459 5917 1714 5989 ἀληθείας
1756 5920 1879 5971 ἐπί-

1982 4738 2091 4792 Καὶ
2121 4738 2154 4806 ἡ
2180 4736 2277 4803 μὲν
2303 4732 2668 4802 προοδοποιεῖ,
2695 4733 2728 4797 ἡ
2745 4730 2799 4784 δὲ
2815 4729 3092 4797 καθαίρει,
3118 4725 3223 4797 ήδέ
3245 4724 3441 4776 τελειοῖ
3465 4723 3559 4775 καὶ

1985 4827 2203 4894 ἀνάγει,
2230 4823 2298 4878 δι’
2332 4818 2407 4877 ὧν
2431 4820 2685 4875 ὁδεύοντα
2716 4819 2995 4880 εὐτάκτως
3028 4816 3120 4869 τὸν
3152 4814 3436 4884 ἄνθρωπον
3457 4814 3558 4866 οὐκ

1981 4914 2098 4967 ἔστι
2138 4913 2213 4983 μὴ
2243 4914 2321 4972 είς
2353 4910 2417 4963 τὸ
2442 4908 2542 4976 τῆς
2586 4906 2935 4977 εὐδαιμονίας
2982 4905 3155 4975 πέρας
3184 4903 3381 4956 ἐλθεῖν.
3433 4902 3560 4963 Τοῖς

1980 5006 2037 5058 δὲ
2068 5003 2332 5063 ἐναντίοις
2362 5001 2569 5054 τούτων
2606 5000 2637 5068 ἡ
2692 4997 2792 5064 τῆς
2835 4996 3101 5064 πονηρίας
3156 4993 3270 5055 ὁδὸς
3314 4993 3404 5044 ἐπὶ
3460 4991 3559 5061 τὴν

1982 5097 2275 5164 ἀθλιότητα
2301 5094 2423 5160 ἄγει
2446 5092 2539 5143 τὸν
2582 5092 2670 5143 διὰ
2710 5090 2915 5141 τούτων
2968 5085 3103 5138 ἰέναι
3148 5083 3555 5154 προῃρημένον.

1983 5188 2092 5239 Καὶ
2121 5183 2311 5253 ὥσπερ
2348 5180 2605 5236 ἀδύνατον
2637 5177 2726 5230 τὸν
2760 5179 2906 5229 σῖτον
2932 5174 3007 5244 μὴ
3038 5171 3141 5244 ὁδῷ
3171 5189 3277 5225 τινι
3301 5171 3563 5238 γενέσθαι

1981 5278 2085 5330 ὑπὸ
2119 5287 2217 5343 της
2244 5274 2480 5343 φύσεως,
2502 5272 2599 5324 καὶ
2623 5268 2840 5338 δένδρου
2866 5265 3021 5320 τοῦδε
3040 5264 3252 5335 καρπὸν
3288 5264 3320 5333 ἦ
3346 5263 3564 5323 πάντων

1981 5370 2093 5423 τῶν
2124 5368 2259 5439 πρὸς
2280 5366 2451 5418 ταῦτα
2475 5363 2821 5431 ζητουμένων
2851 5359 2950 5411 σὺν
2972 5357 3123 5423 τάξει
3151 5357 3564 5414 ἀποϐαινόντων

1986 5461 2061 5529 μὴ
2084 5461 2177 5512 καὶ
2192 5455 2365 5511 ταῦτα
2387 5456 2549 5517 εὐθὺς
2569 5451 2975 5515 ἐπακολουθεῖν,
2998 5450 3084 5502 διὰ
3106 5450 3416 5517 τὸζέκάτερα
3429 5447 3561 5518 πρὸς

1984 5553 2216 5619 ἑκάτερα
2244 5549 2497 5616 ὡρίσθαι,
2529 5545 2595 5598 δι’
2625 5547 2651 5596 ὃ
2676 5561 2811 5614 φησι
2837 5546 2927 5595 καὶ
2960 5543 3057 5595 Ἐκ
3089 5540 3195 5593 τῶν
3218 5541 3443 5608 καρπῶν
3465 5538 3560 5589 αὖε

1983 5648 2091 5697 τῶν
2126 5644 2495 5711 ἐπιγνώσεσθε
2549 5639 2783 5701 αὐτούς·
2837 5637 3013 5699 οὕτως
3066 5635 3276 5700 ἀνάγκη
3330 5632 3429 5682 κάν
3482 5626 3562 5695 τῷ

1984 5735 2309 5804 ἀνθρωπίνῳ
2343 5731 2486 5784 κατά
2517 5728 2835 5797 προαίρεσιν
2862 5727 2960 5794 βίῳ
2990 5723 3188 5793 ἀρετὴν
3222 5722 3389 5789 ἀρετῇ
3421 5720 3567 5772 έπα·

1942 5860 1945 5861 ν
1987 5830 2278 5894 κολουθείν,
2313 5827 2406 5878 καὶ
2440 5823 2606 5892 κακία
2631 5820 2785 5882 αὖθις
2819 5818 3037 5879 κακίαν,
3091 5816 3194 5877 ἕως
3231 5815 3294 5867 ἂν
3328 5814 3414 5865 διὰ
3443 5829 3560 5865 τοι-

1986 5925 2151 5986 αὐτης
2187 5916 2484 5985 ἐπιπλοκῆς
2521 5916 2749 5976 ἕκαστος
2782 5911 3073 5979 προσήκων
3118 5908 3360 5971 γένηται,
3395 5905 3425 5967 ἢ
3478 5902 3554 5965 τῷ
