4152 6280
617 491 753 559 1115

612 701 813 771 τυχῶς,
837 700 1094 769 ὁπότερον
1115 700 1182 753 ἂν
1216 703 1594 771 ἐπιμεληθείη.

698 791 838 844 Ἀλλ’
863 794 910 844 εἰ
941 795 1022 845 δεῖ
1048 793 1278 861 τάληθὲς
1317 796 1515 858 εἰπεῖν,
1563 795 1688 848 οὐτε
1713 797 1827 850 ἐστί
1861 816 1911 850 τι
1942 801 1973 866 ή
2009 800 2199 861 κακία,

613 879 753 932 ἀλλά
815 881 1071 950 στέρησις
1128 869 1326 950 ἀρετῆς
1367 885 1546 950 μόνον,
1611 884 1736 937 οὐτε
1804 888 2111 956 ὡρισμένον
2151 887 2200 940 τί

616 972 769 1024 ἐστιν
801 972 858 1023 ἐν
916 974 982 1041 τῇ
1017 972 1116 1038 τῆς
1159 973 1358 1035 κακίας
1409 975 1536 1043 όδῷ,
1593 976 1843 1043 ἀοριστία
1881 977 1938 1030 δὲ
2001 978 2199 1043 μᾶλλον

620 1063 802 1117 πάντα
829 1065 923 1117 καὶ
948 1064 1231 1132 σύγχυσις.
1299 1067 1436 1120 Ἀλλ’
1463 1068 1516 1120 εί
1544 1085 1595 1120 τι
1651 1068 1878 1138 ὥρισται
1936 1072 2036 1123 κάν
2082 1071 2200 1129 τού,

619 1170 758 1218 τοις,
793 1156 855 1206 ἐκ
883 1157 982 1220 τῆς
1011 1160 1145 1225 πρὸς
1169 1159 1374 1222 ἀγαθόν
1403 1160 1552 1211 ἐστιν
1602 1160 1928 1222 ἀντιθέσεως
1985 1162 2078 1214 καὶ
2131 1163 2197 1214 δι’

611 1246 838 1312 ἀγαθόν.
872 1247 964 1314 Τῷ
1014 1249 1121 1318 γάρ
1155 1248 1385 1318 ὡρίσθαι
1432 1251 1500 1302 τά
1551 1252 1732 1317 ἀγαθά
1783 1253 1877 1305 καὶ
1903 1253 2000 1316 τάς
2034 1252 2197 1317 ἕξεις,

617 1341 710 1389 καὶ
739 1338 1015 1401 εὐτάκτως
1046 1339 1297 1410 ἀλλήλοις
1360 1343 1684 1397 συνέπεσθαι
1745 1347 1840 1398 καὶ
1885 1347 1938 1398 αἰ
2001 1347 2198 1414 στερή-

613 1446 726 1488 σεις
751 1431 929 1484 αὐτῶν
981 1433 1239 1501 ἀλλήλαις
1279 1435 1665 1490 ἀκολουθοῦσιν
1689 1453 1702 1467 °
1737 1437 1862 1490 οῦτε
1914 1437 2014 1507 ζῇν
2051 1439 2199 1490 ἔστιν

613 1521 827 1590 ἀληθῶς
871 1525 997 1584 τοὺς
1054 1526 1170 1585 ταῖς
1224 1527 1514 1594 στερήσεσι
1543 1528 1634 1579 τὸν
1692 1530 1890 1581 οἰκεῖον
1933 1529 2199 1596 μορφοῦν-

613 1630 713 1673 τας
767 1612 900 1682 βίον,
933 1613 1128 1664 ἀλλ’ἐν
1182 1615 1384 1680 εἰδώλῳ
1415 1616 1561 1684 ζωῆς
1610 1618 1765 1673 εἰσιν.
1844 1619 2117 1682 Ὡσαύτως
2146 1622 2201 1673 δὲ

613 1705 708 1755 καὶ
767 1706 798 1772 ὴ
854 1705 991 1771 μετά
1053 1703 1226 1757 ταῦτα
1260 1704 1514 1774 ἀθλιότης
1543 1707 1752 1772 αὐτοῖς,
1776 1706 2008 1762 θανάτου
2062 1727 2200 1762 παν-

613 1795 703 1858 τὸς
729 1797 928 1863 χεῖρον,
961 1792 1040 1856 οἷς
1073 1797 1404 1865 συνήνεγκεν
1430 1797 1496 1850 ἂν
1547 1802 1689 1852 κατά
1718 1800 1779 1852 τὸ
1837 1802 2014 1870 λόγιον
2067 1803 2201 1872 μηδὲ

613 1885 714 1952 τὴν
741 1885 912 1954 ἀρχὴν
941 1887 1291 1955 γεννηθῆναι,
1324 1891 1482 1958 εἰπερ
1520 1885 1632 1942 οἷόν
1661 1909 1718 1944 τε
1766 1887 1834 1962 ἦν
1867 1893 2064 1954 αὐτοὺς
2095 1897 2201 1962 πρὸ

613 1979 707 2028 τοῦ
737 1977 985 2042 γενέσθαι
1015 1978 1228 2046 μαθεῖν,
1265 1975 1348 2034 οἷα
1375 1983 1799 2052 προῃρημένοις,
1850 1981 1939 2040 οἷα
1982 1985 2196 2056 συμϐή-

618 2081 792 2118 σεται.
818 2069 985 2138 Κοινῇ
1021 2069 1119 2136 μὲν
1147 2069 1210 2138 δὴ
1247 2070 1306 2122 τὸ
1355 2071 1695 2140 ἀνθρώπινον
1736 2075 1890 2138 γένος
1941 2075 2197 2144 τοιαύτης

619 2159 970 2226 παρασκευῆς
997 2161 1090 2211 καὶ
1118 2161 1335 2228 ὁδηγίας
1368 2163 1526 2234 ἔτυχε
1552 2165 1616 2216 ἐκ
1642 2163 1777 2218 Θεοῦ
1805 2168 1936 2234 πρὸς
1969 2167 2028 2220 τὸ
2058 2171 2196 2234 ἀγα-

619 2249 710 2301 θδν
743 2251 838 2302 καὶ
872 2254 1145 2320 τυγχάνει.
1178 2254 1240 2306 Εἰ
1267 2255 1378 2322 γάρ
1406 2257 1643 2325 πατράσι
1675 2260 1768 2311 καὶ
1793 2259 1962 2315 ἐθνῶν
1995 2260 2195 2330 ἀρχου-

620 2360 673 2395 σι
711 2343 912 2412 σφόδρα
947 2344 1120 2412 μέλει,
1153 2347 1303 2410 ὅπως
1330 2349 1394 2401 τά
1425 2349 1590 2403 τέκνα
1630 2350 1662 2419 ἢ
1713 2352 1762 2403 οἰ
1817 2351 2044 2419 ὑπήκοοι
2100 2353 2198 2420 ζή-

617 2448 797 2485 σονται
829 2435 1101 2503 ἁρμοδίως
1156 2439 1220 2505 τῇ
1254 2437 1581 2509 ἐλπιζομένῃ
1611 2441 1670 2505 ἐξ
1702 2442 1879 2494 αὐτῶν
1907 2443 2192 2514 εὐκληρίᾳ,

613 2523 708 2575 καὶ
745 2522 831 2575 διά
864 2522 1021 2575 τοῦτο
1043 2524 1284 2591 ὁρίζουσι
1314 2529 1412 2596 μὲν
1457 2530 1625 2598 αὐτὴν
1657 2531 1856 2595 αὐτοῖς,
1887 2532 2193 2586 διδάτκουσι

611 2614 668 2666 δὲ
691 2613 808 2668 ἄττ’
842 2617 907 2668 ἂν
948 2617 1249 2682 ποιοῦντες,
1275 2623 1368 2673 καὶ
1399 2622 1547 2684 ὅπως
1573 2623 1661 2674 τὸν
1687 2624 1895 2677 ἑαυτῶν
1929 2626 2188 2678 διοικοῦν-

615 2722 705 2767 τες
740 2706 852 2772 βίον
899 2707 1039 2772 ἄξιοι
1097 2711 1262 2776 αὐτῆς
1314 2701 1443 2764 ποτε
1489 2714 1748 2779 γένοιντο,
1778 2716 1957 2783 πολλῷ
1995 2717 2190 2784 μάλλον

616 2799 709 2849 τον
737 2798 870 2850 Θεὸν
903 2799 1008 2852 ἔδει
1057 2804 1166 2864 τοῖς
1218 2803 1426 2864 τέκνοις
1476 2805 1656 2872 ὁρίσαι
1711 2807 1806 2874 τὴν
1843 2807 2189 2873 εὐδαιμονίαν

617 2891 714 2942 καὶ
739 2892 803 2944 τά
833 2894 912 2953 εἰς
940 2893 1106 2961 αὐτὴν
1124 2894 1373 2964 φέροντα,
1405 2897 1490 2950 ῑνα
1518 2898 1716 2960 εἰδότες
1749 2900 1922 2952 πάντα
1946 2900 2194 2953 δύναιντο

620 2997 721 3031 σπε
731 2997 815 3033 υοε
825 2999 892 3034 ιν.

645 3089 657 3100 ο
703 3073 764 3124 Ἥ
797 3074 851 3125 δὲ
886 3075 1012 3144 περὶ
1038 3076 1264 3130 ἕκαστον
1292 3079 1580 3142 ἐπιμέλεια
1610 3081 1771 3133 αὐτοῦ
1805 3082 1982 3150 πολλῴ
2028 3082 2194 3135 πλεὲω

618 3164 711 3215 καὶ
741 3163 1154 3236 θαυμαστότερα
1186 3170 1430 3238 περιέχει
1461 3170 1566 3221 τῶν
1615 3173 1766 3240 κοινῇ
1832 3175 1995 3224 πᾶσιν
2046 3174 2192 3238 ἀφω-

620 3257 891 3326 ρισμένων
919 3259 1118 3314 καλῶν.
1156 3263 1328 3330 Πατρὶ
1369 3263 1479 3330 γάρ
1513 3263 1830 3332 πρεπόντως
1879 3267 1970 3316 καὶ
2026 3266 2190 3332 εὐμε-

619 3349 700 3400 νεῖ
730 3347 949 3418 ἄρχοντι
993 3350 1059 3402 τά
1105 3351 1204 3419 μὲν
1245 3351 1634 3420 ξυλλαμϐάνει,
1667 3355 1732 3406 τά
1788 3355 1844 3406 δὲ
1888 3355 2195 3422 ἐπανορθοῖ.

611 3439 733 3493 οὐδὲ
781 3440 839 3492 τὸ
880 3440 1031 3503 τέλος
1092 3442 1270 3506 δείξας
1333 3445 1512 3514 μόνον,
1577 3448 1670 3498 καὶ
1701 3445 1800 3516 τὴν
1831 3445 1948 3498 ὁδὸν
1989 3448 2081 3499 καὶ
2131 3450 2198 3498 τά

615 3530 991 3599 καταλύματα,
1022 3533 1247 3604 ἀφίησιν
1281 3537 1493 3597 ἑαυτοῖς
1548 3538 1782 3606 χρῆσθαι
1839 3537 2044 3604 μόνοις,
2101 3537 2196 3589 καὶ

615 3621 792 3685 ἀλλοις
825 3622 958 3676 ἀλλα
986 3624 1167 3677 δίδωσι
1216 3626 1534 3696 βοηθήματα
1570 3629 1916 3696 προσήκοντα
1939 3630 2004 3697 τῇ
2052 3629 2198 3694 ἀγω-

621 3716 688 3784 γῇ
724 3715 902 3766 αὐτῶν
933 3719 1024 3768 καὶ
1049 3719 1112 3785 τῇ
1145 3718 1324 3785 φύσει,
1355 3719 1448 3770 καὶ
1484 3719 1738 3786 ἀνέχεται
1766 3717 2194 3787 όλιγωρούντων,

618 3807 712 3860 καὶ
739 3805 1096 3873 γογγύζουσιν
1116 3811 1212 3861 οὐκ
1242 3810 1540 3878 ὀργίζεται,
1575 3811 1678 3870 ἕως
1718 3810 1821 3880 ὁρᾷ
1846 3812 1938 3863 καὶ
1991 3828 2196 3877 πειρω-

618 3894 814 3962 μένους
844 3912 897 3947 τι
927 3897 1329 3964 ἀναλαμϐάνειν
1366 3901 1591 3961 ἑαυτοὺς
1622 3899 1727 3952 ἀπὸ
1775 3901 1872 3968 τῆς
1922 3900 2196 3969 μικροψύ-

613 4003 710 4052 χου
760 3986 1009 4054 ἀκηδίας,
1066 3990 1161 4040 καὶ
1228 3990 1576 4058 προστιθέναι
1619 3993 1684 4060 τῇ
1739 3991 1842 4059 δδῴ
1893 3991 1990 4042 σὺν
2019 3990 2194 4042 ἐλπίδι

617 4078 880 4144 ἀμείνονι.
932 4079 1092 4131 Ἀλλά
1127 4081 1220 4132 καὶ
1273 4082 1656 4151 προτροπάδην
1716 4081 1843 4133 ποτὲ
1905 4081 1968 4133 ἐκ
2019 4081 2196 4150 μέσης

617 4167 715 4234 τῆς
737 4168 854 4220 ὁδοῦ
879 4169 1303 4238 ὐποστρέψασιν,
1341 4167 1463 4224 εἶτα
1513 4172 1608 4240 βοῇ
1663 4173 1758 4224 καὶ
1810 4171 2068 4240 δάκρυσιν
2123 4173 2187 4223 ἐκ

623 4257 910 4324 μετανοίας
938 4258 1198 4312 εἰσελθεῖν
1223 4271 1314 4313 και
1344 4260 1612 4328 ἄρξασθαι
1639 4261 1914 4330 δεομένοις
1963 4262 2197 4331 ἀμνησι-

617 4347 800 4408 κάκως
828 4347 1010 4418 ἀνίησι
1053 4348 1150 4418 τὴν
1178 4350 1294 4403 ὁδὸν
1324 4343 1499 4415 αὖθις,
1550 4353 1644 4404 καὶ
1698 4355 1807 4414 τοῖς
1863 4352 1959 4420 μὲν
2004 4355 2069 4421 τῇ
2129 4352 2195 4402 ἀ-

617 4437 814 4508 φθονία
845 4439 953 4492 τῶν
975 4440 1065 4493 τοῦ
1101 4441 1352 4511 σώματος
1388 4445 1483 4496 καὶ
1525 4444 1681 4507 ἐκτὸς
1721 4443 1962 4512 ἀγαθῶν,
2000 4448 2111 4508 τοῖς
2138 4443 2195 4497 δὲ

611 4533 677 4599 τῇ
707 4531 885 4584 αὐτῶν
911 4531 1086 4602 ἐνδείᾳ
1125 4533 1226 4603 τὴν
1281 4535 1449 4604 αὐτὴν
1506 4535 1747 4590 διάθεσιν
1797 4536 1934 4605 πρὸς
1981 4535 2194 4602 τάγαθὰ

1669 500 1713 560 G
1728 499 2043 560 ENNADII
2085 502 2196 560 (ΣΡ.
2226 499 2735 562 ΡΑΤΗῙᾹΒΠΗᾹΞ

616 608 911 678 μετασχεῖν
947 607 1039 660 τοῦ
1069 607 1226 670 Θεοῦ,
1266 609 1297 678 ἦ
1330 609 1420 663 τοῦ
1449 611 1804 683 ἀποχωρῆσαι
1854 615 2018 667 αὐτοῦ
2064 615 2188 667 δυσ-
2217 621 2256 674 Α
2289 615 2581 682 δοκηθέντα
2606 613 2840 676 δίδωσιν,
2879 611 3008 663 ὅταν
3036 610 3178 670 τινές
3213 611 3290 671 εἰς

3753 501 3892 566 1115

3347 609 3511 664 αὐτον
3552 606 3760 671 ἀτενῶς
3801 613 3884 666 ἐλ-

2304 706 2568 768 πίζοντες,
2605 706 2696 756 καί
2736 704 2796 755 τὸ
2823 703 2964 754 θεῖον
2997 701 3207 768 θέλημα
3235 701 3497 769 διηνεκῶς
3547 701 3710 766 μόνον
3768 703 3890 752 ἑπι-

2302 795 2608 865 ζητοῦντες,
2649 798 2747 864 τῆς
2775 794 2923 858 θείας
2950 793 3166 864 ἀγάπης
3194 793 3262 846 τά
3313 793 3492 846 αὐτῶν
3525 795 3701 846 πάντα
3760 792 3886 853 ἐξά-

2302 905 2526 941 πτωσιν.

2377 977 2530 1027 Ἔστι
2554 975 2608 1028 δὲ
2639 975 2723 1027 ὅτε
2755 974 2843 1026 καὶ
2873 972 3245 1040 προορώμενοι
3282 972 3390 1025 τῶν
3444 971 3545 1039 μέν
3595 967 3888 1034 ἀξιοῦνται

2302 1067 2604 1135 εὐχόμενοι,
2661 1064 2769 1117 τῶν
2829 1065 2885 1118 δὲ
2925 1064 3376 1126 ἀπαλλάττονται,
3420 1062 3728 1131 δυναμένου
3790 1059 3888 1112 καὶ

2305 1158 2624 1226 βουλομένου
2657 1155 2822 1208 πολλά
2877 1155 2970 1208 καὶ
3007 1155 3156 1220 παρά
3192 1155 3290 1224 τὴν
3334 1153 3434 1206 τῶν
3474 1152 3722 1222 μερικῶν
3768 1169 3890 1203 ποι-

2301 1249 2501 1302 ούντων
2534 1247 2685 1310 τάξιν
2717 1249 2912 1306 ποιεῖν.
2942 1247 2976 1299 ἃ
3015 1246 3189 1298 πάντα
3245 1245 3479 1312 κρείττω
3532 1244 3693 1311 λόγου
3752 1243 3888 1295 ὂντα

2302 1340 2394 1392 καὶ
2421 1339 2680 1407 ἀριθμοῦ,
2704 1336 3062 1405 ἱστορούμενά
3081 1353 3140 1388 τε
3174 1339 3230 1389 ἐν
3259 1335 3336 1403 τῷ
3392 1335 3740 1401 παλαιοτέρῳ
3777 1333 3888 1384 τῶν

2301 1430 2606 1499 ἀνθρώπων
2639 1430 2738 1498 βίῳ
2765 1428 3114 1498 εὑρίσκομεν,
3150 1429 3246 1479 καὶ
3279 1427 3549 1496 ὁσημέραι
3595 1425 3890 1478 ἐπιτελού-

2305 1541 2438 1593 μενα
2468 1521 2751 1590 βλέπουσιν
2774 1521 2823 1573 οί
2856 1521 3231 1589 προσέχοντες.

2371 1612 2588 1665 Τούτων
2616 1611 2672 1663 δὲ
2696 1611 2804 1664 τῶν
2829 1613 2956 1679 περί
2982 1610 3213 1663 ἕκαστον
3261 1606 3767 1677 οἰκονομουμένων,
3823 1605 3890 1656 ἐκ

2302 1701 2394 1755 τοῦ
2426 1703 2559 1754 Θεοῦ
2591 1702 2649 1755 ἓν
2676 1702 2792 1754 ἐστι
2816 1703 3022 1770 τέλοςή
3060 1702 3157 1769 τῆς
3181 1701 3333 1762 θείας
3387 1698 3725 1768 ἀγαθότητος
3792 1695 3890 1748 καὶ

2301 1793 2648 1860 δικαιοσύνης
2683 1793 3050 1862 ἐκπλήρωσις,
3093 1792 3326 1844 καθόσον
3350 1791 3579 1851 ἕκαστος
3632 1788 3889 1856 δηλονότι

2303 1885 2335 1956 ἦ
2373 1886 2705 1955 προώρισταί
2735 1901 2796 1953 γε
2823 1885 2902 1946 εἰς
2925 1883 3020 1955 τὴν
3051 1883 3216 1953 ζωὴν,
3251 1883 3283 1951 ἦ
3314 1883 3421 1934 τῶν
3477 1881 3889 1947 ἀποδεδοκιμα-

2305 1975 2518 2044 σμένων
2568 1975 2713 2028 ἐστίν
2751 1992 2765 2006 ο
2808 1976 2962 2044 ἡμῶν
3010 1975 3109 2043 μὲν
3168 1973 3502 2043 ἀγνοούντων
3555 1973 3631 2032 ώς
3678 1971 3775 2024 ἐπὶ
3831 1972 3891 2023 τὸ

2304 2069 2554 2122 πλεῖστον
2579 2069 2636 2120 ἐν
2666 2067 2742 2136 τῷ
2767 2069 3085 2135 παραυτίκα
3113 2067 3211 2136 τὴν
3242 2067 3378 2134 πρὸς
3409 2066 3468 2118 τὸ
3499 2065 3729 2134 ἔσχατον
3787 2063 3890 2115 πέ-

2303 2178 2400 2232 ρας
2432 2158 2584 2222 τάξιν
2609 2160 2716 2211 τῶν
2744 2159 3236 2227 οἰκονομουμένων,
3267 2157 3358 2210 τοῦ
3413 2157 3470 2208 δὲ
3526 2156 3663 2208 Θεοῦ
3705 2155 3886 2208 πάντα

2302 2253 2439 2322 πρὸς
2465 2252 2562 2322 τὴν
2587 2253 2932 2321 ἐκπλήρωσιν
2957 2253 3054 2321 τῆς
3081 2251 3250 2304 ἀϊδίου
3308 2249 3503 2318 βουλῆς
3564 2247 3891 2314 ἐτοιμάζον-

2299 2366 2409 2410 τος.
2446 2348 2578 2402 Οὐδέ
2613 2348 2720 2415 γάρ
2748 2348 2858 2398 ἐστι
2884 2346 2990 2398 τῶν
3011 2342 3285 2409 τοιούτων,
3315 2343 3342 2396 ὃ
3369 2343 3444 2412 μὴ
3475 2341 3768 2412 πόρρωθεν
3795 2340 3891 2393 καὶ

2301 2441 2405 2509 πρό
2438 2439 2535 2507 τῆς
2567 2439 2658 2492 τοῦ
2717 2438 2923 2507 κόσμου
2980 2435 3283 2501 καταϐολῆς
3334 2435 3572 2500 ἔγνωστο
3614 2433 3696 2502 τῷ
3767 2430 3891 2501 Θεῷ

2305 2531 2524 2584 τοιῶσδε
2549 2529 2987 2598 ἀποϐησόμενον.
3020 2528 3151 2580 Οὐδὲ
3194 2527 3452 2594 γινώσκει
3503 2527 3664 2596 μόνον
3719 2525 3886 2587 αὐτὰ,

2299 2625 2361 2694 ἐᾷ
2394 2623 2447 2674 δὲ
2487 2625 2591 2692 ὅπη
2627 2623 2782 2690 ἔτυχε
2811 2621 3055 2687 γίνεσθαι
3091 2620 3123 2688 ἦ
3173 2618 3537 2680 τελειοῦσθαι,
3582 2618 3615 2686 ἢ
3670 2619 3748 2688 μὴ
3806 2635 3895 2669 τε-

2298 2716 2588 2778 λειοῦσθαι,
2638 2715 2774 2766 ἀλλά
2831 2717 2926 2767 καὶ
2975 2713 3069 2764 ώδί
3119 2711 3455 2780 γενησόμενα
3507 2711 3886 2764 διατάττεται.

2298 2808 2432 2861 Οὐδέ
2471 2805 2628 2858 τοῦτο
2659 2805 2818 2874 μόνον
2857 2799 2948 2865 αὖ,
2981 2803 3114 2855 ἀλλά
3142 2803 3232 2855 καὶ
3278 2802 3376 2870 τὴν
3401 2801 3657 2868 τοιαύτην
3699 2800 3888 2852 αὐτῶν

2297 2898 2446 2960 τάξιν
2472 2897 2800 2964 ἀποπληροῖ,
2829 2898 2922 2948 καὶ
2945 2895 3166 2964 ἀμέσως
3195 2893 3352 2958 μόνον
3370 2897 3462 2944 καὶ
3488 2892 3584 2943 σῦν
3600 2891 3885 2959 ὀργάνοις,

2297 2991 2369 3050 ὡς
2429 2989 2662 3056 εἴρηται.
2729 2985 2863 3038 Οῦτε
2917 2987 2973 3038 δέ
3015 2984 3217 3054 βραχύν
3242 3001 3360 3035 τινα
3410 2981 3503 3035 τοῦ
3537 2983 3889 3048 ἀνθρωπίνου

2298 3083 2452 3150 λόγον
2482 3079 2756 3132 ποιεῖσθαι
2781 3078 2942 3132 αὐτὸν
2975 3076 3196 3143 εὔλογον
3227 3071 3315 3144 ἦν,
3343 3067 3403 3128 οὗ
3428 3075 3588 3144 χάριν
3617 3073 3685 3126 τά
3744 3074 3889 3128 ἄλλα

2300 3175 2485 3244 σχεδόν
2515 3174 2629 3243 ἐσμ
2662 3173 2857 3230 πάντα,
2890 3170 2964 3230 ὡς
3002 3168 3134 3236 μηδὲ
3190 3167 3354 3236 μόνης
3410 3170 3540 3237 μιᾶς
3588 3166 3889 3234 ἀνθρώπου

2302 3267 2479 3335 ψυχῆς
2512 3261 2652 3318 εἶναι
2680 3264 2768 3316 τὸν
2800 3259 3060 3330 αἰσθητὸν
3085 3261 3287 3326 κόσμον
3334 3260 3583 3324 ἀντάξιον
3620 3274 3633 3289 ⁶
3690 3258 3888 3326 ὥσπερ

2304 3360 2410 3429 ἀρα
2444 3358 2566 3410 οὐδέ
2589 3355 2682 3409 τοῦ
2708 3354 2894 3414 τέλους
2925 3354 3100 3406 πάντα
3132 3352 3198 3404 τά
3233 3351 3298 3404 δι’
3317 3350 3447 3404 αὐτὸ
3481 3350 3631 3413 ὄντα,
3677 3350 3782 3400 καὶ
3825 3343 3886 3402 οὗ

2299 3452 2398 3520 τὴν
2428 3449 2710 3520 βελτίωσιν
2736 3445 3016 3507 πλείσταις
3049 3441 3383 3509 οἰκονομίαις
3414 3444 3508 3494 καὶ
3544 3444 3641 3511 μιᾷ
3675 3445 3738 3510 τῇ
3780 3459 3888 3492 πα-

2303 3543 2410 3596 σῶν
2447 3540 2677 3609 μεγίστῃ
2708 3535 3067 3590 πεπίστευται
3095 3551 3151 3586 τε
3178 3535 3272 3586 καὶ
3306 3533 3574 3599 ἔγνωσται
3600 3532 3889 3601 καταπρά-

2305 3633 2526 3699 ξασθαι..
2555 3629 2692 3683 Οὐτε
2716 3629 2870 3694 ὀλίγα
2901 3625 3034 3696 πρὸς
3057 3626 3153 3693 τὴν
3182 3626 3418 3692 ἑκάστης
3447 3623 3624 3692 ψυχῆς
3661 3623 3887 3690 βελτίω-

2303 3741 2407 3792 σιν,
2433 3724 2465 3790 ἢ
2503 3720 2642 3773 κατὰ
2670 3719 2768 3787 τὴν
2806 3715 2972 3782 άλλην
2996 3715 3089 3768 τοῦ
3140 3714 3550 3783 συναμφοτέρου
3605 3710 3751 3782 ζωὴν
3803 3714 3883 3764 ol-

2300 3814 2529 3883 κονομία
2557 3811 2829 3865 λυσιτελεῖ
2857 3824 2874 3843 ο
2906 3807 3030 3860 οὐτε
3058 3807 3170 3877 χρὴ
3202 3807 3464 3869 δεδιέναι,
3500 3805 3573 3872 μὴ
3609 3805 3799 3876 κάμνῃ
3827 3805 3884 3854 τὸ

2305 3907 2460 3958 Θεῖον
2501 3905 2559 3955 ἐν
2585 3903 2706 3962 ταῖς
2727 3899 3004 3960 τοιαύταις
3026 3894 3538 3965 φιλανθρωπίαις,ἢ
3569 3896 3658 3945 καὶ
3689 3893 3756 3945 δι’
3795 3895 3884 3946 αὐ-

2300 3996 2390 4050 τοῦ
2414 3995 2781 4064 λογιζόμενον,
2809 3991 2842 4061 ἢ
2875 3992 2970 4044 καὶ
2997 3990 3064 4042 δι’
3093 3985 3268 4042 ἀλλων
3294 3985 3647 4054 ἀποπληροῦν
3682 4003 3696 4015 ο
3757 3985 3883 4036 οὐτε

2299 4090 2365 4158 τῇ
2398 4089 2611 4156 κινήσει
2643 4085 2750 4136 τῶν
2776 4075 3122 4154 ὑψηλοτέρων
3154 4079 3419 4147 σωμάτων
3444 4074 3553 4128 οἷόν
3581 4094 3640 4129 τε
3675 4072 3740 4145 ἦν
3767 4079 3884 4128 ἐπ.-

2301 4178 2604 4249 τετσράφθαι
2649 4176 2818 4237 αὒτάς
2843 4176 2916 4242 μὴ
2953 4171 3267 4240 δυναμένων
3291 4171 3370 4232 εἰς
3398 4168 3488 4220 τὸν
3541 4168 3882 4236 ἀνθρώπινον

2302 4270 2425 4323 νοῦν
2463 4269 2555 4320 καὶ
2585 4267 2682 4332 τὴν
2711 4264 2931 4332 θέλησιν
2967 4262 3060 4315 καὶ
3080 4261 3176 4330 τὴν
3207 4258 3325 4313 κατ’
3364 4258 3505 4313 αὐτά
3554 4257 3699 4326 ζωὴν
3727 4257 3880 4326 δρᾷν,

2301 4363 2349 4414 εἰ
2384 4361 2455 4428 μή
2486 4376 2538 4411 τι
2563 4357 2704 4411 κατά
2737 4353 3106 4424 συμϐεϐηκός.

2372 4451 2602 4502 Πλεῖστα
2635 4448 2690 4499 δὲ
2715 4445 2809 4498 τοῦ
2857 4445 2986 4512 περὶ
3019 4441 3274 4514 προνοίας
3311 4441 3471 4508 λόγου
3501 4436 3878 4508 προϐαλλομέ-
3929 4457 3934 4464 -

2301 4557 2414 4605 νου,
2469 4540 2564 4592 καὶ
2613 4535 2836 4604 οὐδὲνῷ
2874 4536 2968 4587 καί⁵
3015 4533 3158 4602 λόγῳ
3213 4530 3543 4599 περιληπτά,
3604 4527 3880 4595 κεφαλαίῳ

619 4625 1077 4693 καταπράττεται.
1111 4629 1216 4679 Καὶ
1244 4629 1356 4690 τοῖς
1382 4628 1478 4696 μὲν
1505 4628 1785 4682 εὐτονοῦσι
1819 4629 1953 4696 πρὸς
2001 4630 2101 4696 τὴν
2133 4630 2188 4680 ἐν
2225 4622 2269 4677 υ
2299 4630 2435 4700 τῷδε
2465 4631 2556 4682 τὸν
2584 4629 2710 4697 περί
2744 4625 2995 4680 ἀπάντων
3017 4624 3175 4691 λόγον
3205 4620 3598 4688 συγκλείσομεν
3645 4618 3722 4677 ὡς
3775 4613 3879 4667 οἷόν

618 4713 690 4782 τῷ
722 4714 907 4784 ἀγαθῷ
930 4717 1192 4787 ἐπιμονὴν
1213 4719 1553 4787 αἰρουμένοις
1587 4723 1767 4788 μέντοι
1800 4721 1890 4771 καὶ
1917 4719 2188 4786 αἱρεῖσθαι

615 4805 745 4855 αὐτὸ
774 4804 1040 4868 θέλουσιν,
1071 4807 1098 4858 ὃ
1125 4809 1339 4872 πολλοῖς
1378 4812 1442 4862 ἐκ
1470 4810 1678 4862 πολλῶν
1732 4811 1920 4862 αἰτιῶν
1955 4811 2190 4877 συμϐαί-

615 4911 726 4946 νειν
755 4898 961 4963 είωθεν,
989 4899 1020 4968 ἢ
1054 4899 1248 4970 σχολὴν
1275 4903 1336 4954 ἐκ
1366 4901 1474 4954 τῶν
1525 4901 1936 4971 ἀνθισταμένων
1967 4905 2127 4965 ποιεῖ,
2157 4901 2188 4969 ἢ

612 4986 710 5056 τὴν
743 4990 1057 5058 προαίρεσιν
1089 4993 1459 5059 ἀναλαμϐάνει
1489 5009 1547 5044 τε
1574 4993 1665 5046 καὶ
1695 4994 1921 5062 ρωννύει
1971 4994 2105 5062 πρὸς
2133 4993 2193 5044 τὸ

612 5079 834 5131 ἐπιόντα
866 5081 1002 5132 αὐτά
1030 5083 1202 5152 νικᾷν.
1238 5085 1432 5135 Πολλαί
1462 5083 1520 5136 δὲ
1550 5083 1612 5136 ἔκ
1651 5100 1709 5135 τε
1773 5083 2073 5154 ἀνθρώπων
2128 5086 2192 5136 ἓκ

613 5186 671 5222 τε
711 5174 962 5240 πονηρῶν
1011 5173 1283 5242 δαιμόνων
1315 5177 1552 5241 γίνονται
1585 5175 1891 5245 ἀνθρώποις
1927 5177 2063 5244 πρὸς
2095 5177 2194 5245 τὴν

613 5261 824 5331 αἵρεσιν
855 5263 946 5315 τοῦ
987 5263 1192 5330 ἀγαθοῦ
1245 5269 1338 5320 καὶ
1384 5267 1488 5337 ,τὴν
1521 5267 1717 5337 πρᾶξιν
1751 5267 2052 5330 ἐπιϐουλαὶ,
2108 5263 2192 5328 αἷς

612 5355 844 5424 χαλεπὸν
879 5358 1152 5428 ἀντισχεῖν
1182 5359 1255 5428 μὴ
1283 5360 1419 5416 μετὰ
1453 5359 1610 5411 Θεοῦ.
1662 5361 1785 5422 Τοῖς
1842 5359 1898 5412 δὲ
1948 5361 2195 5428 ὲρῤωμέ-

614 5466 713 5519 νην
745 5449 842 5518 τὴν
879 5448 1094 5518 θέλησιν
1143 5449 1444 5519 ἔχουσικαὶ
1492 5454 1766 5519 συγχωρεῖ
1827 5451 2038 5503 ἐπιέναι
2095 5451 2194 5512 τὰς

613 5543 949 5614 δυσχερείας,
981 5542 1119 5595 ὣστε
1145 5543 1566 5610 ἀνθισταμένους
1600 5543 1864 5612 ἀνδρικῶς
1892 5545 1985 5595 καὶ
2009 5544 2168 5593 νικῶν

615 5652 711 5696 τας
734 5637 831 5688 σὺν
858 5639 922 5705 τῇ
963 5634 1056 5688 ἀπ’
1114 5634 1276 5688 αὐτοῦ
1315 5637 1453 5704 ῥοπῇ
1487 5635 1708 5696 ἐνδίκως
1744 5636 1988 5702 μείζονος
2022 5633 2200 5697 ἀξιοῦ-

619 5727 741 5777 σθαι
765 5729 878 5778 ἐκεῖ
902 5727 998 5794 τῆς
1027 5726 1391 5796 εὐδαιμονίας.
1449 5727 1544 5778 καί
1597 5726 1675 5795 τῷ
1723 5725 2048 5793 ἀνθρωπίνῳ
2097 5725 2196 5794 βίῳ

620 5820 914 5885 καρτερίας
946 5820 1293 5888 παράδειγμα
1325 5819 1574 5870 ἵστασθαι
1598 5818 1690 5869 τοῦ
1732 5815 1943 5868 λοιποῦ.
2003 5817 2195 5867 Ἀπαλ-

621 5911 804 5962 λάττει
841 5911 895 5964 δὲ
925 5912 1246 5980 άπροόπτων
1277 5910 1554 5976 κινδύνων,
1587 5911 1676 5964 καὶ
1709 5911 1886 5978 ἀγαθὰ
1925 5909 1982 5960 οὐ
2024 5925 2194 5978 προσ-

2309 4741 2392 4785 τε,
2421 4723 2528 4774 ὅσα
2558 4721 2637 4772 δεῖ
2664 4719 2793 4788 περὶ
2820 4717 2918 4782 τῆς
2953 4717 3033 4776 εἰς
3062 4712 3379 4782 ἀνθρώπους
3404 4709 3653 4781 προνοίας
3681 4708 3880 4760 οἴεσθαι

2298 4812 2684 4874 εὐσεϐοῦντας,
2709 4809 2776 4861 τά
2812 4809 2910 4876 μὲν
2947 4803 3510 4873 ἐπαναλαμϐάνοντες,
3550 4801 3617 4852 τά
3649 4799 3703 4851 δὲ
3729 4813 3880 4866 τροσ-

2296 4907 2562 4966 τιθέντες.
2597 4903 2774 4971 Πέρας
2807 4899 2904 4968 μὲν
2927 4899 2989 4962 δὴ
3022 4898 3119 4963 τῆς
3150 4897 3256 4947 τῶν
3290 4891 3591 4962 ἀνθρώπων
3619 4893 3879 4957 γενέσεως

2300 4999 2392 5050 καὶ
2429 4995 2574 5062 ζωῆς
2609 4992 2940 5060 ἡτοίμασται
2973 4991 3033 5039 ἐκ
3063 4986 3198 5038 Θεοῦ
3231 4985 3440 5046 τούτοις
3469 4981 3661 5045 διττὸν,
3699 4978 3880 5042 ἐπειδὴ

2297 5091 2404 5142 ἔδει
2432 5084 2897 5156 προαιρουμένους
2941 5081 3001 5132 οὐ
3031 5079 3244 5146 φύσεως
3280 5077 3493 5143 ἀνάγκῃ
3551 5072 3720 5142 βιοῦν.
3779 5071 3880 5123 Καὶ

2299 5181 2511 5246 ἀνάγκη
2556 5177 2652 5246 μὲν
2685 5176 2859 5226 πάντα
2889 5172 3127 5226 ὁντινοῦν
3153 5171 3245 5222 ἐπὶ
3275 5169 3501 5238 θάτερον
3519 5163 3874 5233 ἀφικνεῖσθαι.

2299 5271 2608 5340 ἀφικνεῖται
2634 5268 2691 5320 δὲ
2731 5266 2864 5334 πρὸς
2899 5264 2926 5316 δ
2973 5280 3055 5324 τις
3086 5262 3176 5313 τὸν
3225 5261 3356 5312 ἴδιον
3419 5258 3685 5327 ἡτοίμασε
3741 5255 3875 5324 βίον.

2299 5359 2628 5430 Ἐρχόμενος
2657 5357 2712 5408 δέ
2761 5355 2912 5406 οὐδὲν
2940 5348 3102 5424 ἦττον
3149 5351 3243 5402 καὶ
3310 5349 3542 5415 ἄγεται·
3604 5346 3882 5414 συντρέχει

2301 5454 2409 5521 γάρ
2446 5452 2576 5520 πρὸς
2609 5449 2699 5500 τὸν
2728 5446 3068 5512 ἀνθρώπινον
3101 5443 3213 5511 βίον
3242 5442 3276 5511 ἦ
3307 5458 3364 5493 τε
3413 5441 3728 5509 προαίρεσις
3789 5435 3882 5488 αὐ·

2298 5542 2391 5594 τοῦ
2439 5542 2668 5592 ἑκάστου
2697 5539 2790 5589 καὶ
2817 5539 2849 5604 ἠ
2887 5537 2949 5587 ὲκ
3001 5533 3134 5586 Θεοῦ
3167 5534 3444 5601 συνεργία,
3475 5531 3555 5582 ὅτι
3588 5530 3679 5581 καὶ
3712 5530 3745 5594 ή
3801 5525 3882 5577 θέο

2299 5634 2455 5701 λησις
2490 5632 2620 5699 ἡμῖν
2645 5630 2738 5682 καὶ
2766 5629 2824 5680 τὸ
2860 5627 3033 5678 θέλειν
3061 5628 3208 5693 καὶὴ
3261 5623 3457 5691 πρᾶξις
3495 5624 3557 5672 ἐκ
3587 5619 3680 5670 τοῦ
3747 5613 3878 5668 Θεοῦ

2301 5729 2437 5789 ἐστι,
2495 5723 2623 5793 παρ’
2656 5716 2716 5775 οὗ
2743 5723 2831 5775 καὶ
2858 5721 2915 5772 τὸ
2945 5715 3102 5772 εἶναι.
3135 5717 3404 5786 Καθάπερ
3471 5717 3529 5766 ἐν
3600 5714 3712 5774 τοῖς
3747 5709 3876 5779 φαύ-

2301 5817 2405 5878 λως
2440 5815 2647 5884 βιοῦσιν
2690 5813 2809 5882 ἦτε
2840 5813 3161 5880 προαίρεσις
3214 5809 3494 5878 συντρέχει
3547 5805 3640 5857 καὶ
3701 5805 3734 5870 ἡ
3791 5803 3881 5863 τῆς

2305 5909 2451 5968 θείας
2521 5906 2736 5976 χάριτος
2793 5902 3154 5971 ἀναχώρησις.
3213 5897 3316 5952 Καὶ
3363 5897 3422 5950 οὐ
3476 5897 3636 5963 μόνον
3671 5893 3798 5962 πρὸς
3827 5889 3879 5940 τὸ
