4152 6280
479 479 621 537 ιιιν
684 460 691 467 ’
1531 464 1906 526 GENNADII
1937 464 2047 527 CP.
2081 461 2595 523 PATRIARCHJE
3617 455 3790 522 112-20

479 587 533 640 δε
566 585 627 636 τὸ
668 581 808 651 μετά
836 580 945 634 τῶν
967 579 1180 643 τούτοις
1209 579 1469 634 ἐναντίων
1496 578 1787 633 ἐπιϐιῶναι
1841 579 2060 650 μικρόν.
2091 579 2138 636 Α
2167 581 2386 633 πάντων
2438 577 2589 647 αἰτία
2620 592 2634 606 ο
2688 575 2756 630 δι’
2784 574 2814 629 δ
2869 576 2961 629 καὶ
3012 575 3110 646 τὴν
3142 577 3437 645 σύμπασαν
3490 575 3792 643 ἐκατέρου

480 675 614 728 Τότε
644 673 711 742 δὴ
732 671 855 725 τότε
884 673 983 735 οὐκ
1009 669 1297 751 ἠνάγκαζε,
1315 670 1408 725 τὸν
1444 670 1702 738 Ἰωάννη-ν
1727 673 1755 724 ό
1786 669 1918 732 Θεὸς
1939 669 2058 722 τόδε
2164 671 2392 740 ἀγωγὴν
2442 671 2542 723 οὐκ
2591 667 2856 751 ἐγίνωσκε
2886 667 3069 737 μόνον,
3111 667 3248 723 ἀλλά
3295 668 3388 721 καὶ
3434 664 3793 720 συνδιετίθει

482 766 514 833 ἢ
545 765 723 817 ἐκεῖνο
747 762 1022 834 αἱρεῖσθαι
1041 775 1056 792 ·
1095 749 1360 832 συνήργει
1389 761 1553 831 μόνον
1588 761 1727 831 πρὸς
1743 760 1805 814 τὸ
1834 760 2060 829 θελῆσαι
2164 761 2402 826 οίκείως,
2436 760 2704 830 πρότερον
2740 749 2841 830 μὲν
2884 761 2939 812 ἐν
2964 757 3041 829 τῷ
3070 756 3200 831 θείῳ
3230 759 3575 829 πρωρισμῷ,
3602 757 3798 810 ὕστε-

482 853 550 907 ἀν
576 852 774 923 μᾶλλον
793 852 854 907 τὸ
876 853 1082 921 ἀγαθὸν
1126 855 1193 922 τῇ
1249 853 1535 924 ἐνοικούσῃ
1571 852 1719 923 αύτῷ
1753 852 1962 924 χάριτι,
1995 851 2063 921 ήν
2170 870 2265 924 ρον
2295 852 2352 905 δέ
2384 853 2479 907 καὶ
2508 853 2567 904 ἐν
2596 849 2749 920 αύτῷ
2778 849 2860 918 τῷ
2886 849 3055 921 ἐργῳ.
3106 849 3438 904 Συνδιετίθει
3468 848 3525 903 δέ
3554 848 3637 917 τῷ
3672 846 3797 917 μὲν

484 944 581 998 καὶ
613 943 987 1013 ἐνοικισθῆναι
1041 942 1213 1011 αὐτῷ,
1252 942 1347 997 καὶ
1382 944 1545 1006 αὐτὸς
1569 943 1743 1007 αίτιος
1796 938 1865 1013 ἦν
1915 943 2065 1009 ἀξιον
2170 944 2490 1013 προστιθεὶς
2517 944 2700 1015 χάριν,
2728 941 2823 998 τοῦ
2849 943 2905 997 δέ
2934 943 3157 1016 χάριτος
3199 941 3615 1011 ἀφαιρουμένης
3690 939 3798 992 διὰ

485 1035 652 1089 αὐτὸν
703 1035 1146 1106 παρασχόμενος.
1198 1033 1437 1103 ὀμοίως
1496 1034 1618 1089 ούδέ
1668 1035 1762 1089 τὸν
1818 1033 2068 1107 Ἡρώδην

487 1124 769 1194 ἠνάγκαζε
795 1124 915 1179 τόδε
963 1124 997 1195 ἢ
1031 1124 1151 1179 τὸδε
1178 1125 1458 1198 αίρεῖσθαι
1506 1125 1641 1196 περὶ
1678 1124 1926 1181 Ἰωάννου
1973 1127 2071 1181 καὶ

489 1214 712 1281 ἐαυτοῦ,
763 1214 1052 1280 ἐνστάντος
1085 1215 1187 1286 ήδη
1219 1217 1318 1270 καὶ
1345 1216 1496 1287 αὕτῷ
1525 1208 1622 1271 τοῦ
1657 1216 1826 1274 αὑτοῦ
1871 1217 2071 1288 καιροῦ

490 1305 625 1374 περὶ
654 1303 750 1357 τοῦ
783 1303 1197 1374 βουλεύσασθαι,
1230 1305 1468 1376 ὁπότερα
1493 1307 1644 1377 αὐτῷ
1675 1306 1763 1377 εῐη
1825 1306 2070 1379 αίρετέα.

494 1394 633 1449 Οὔτε
656 1397 838 1448 τοίνυν
857 1393 954 1449 τοῦ
977 1394 1578 1464 Θείουιάναγκάζοντος
1609 1395 1735 1450 οὔτε
1765 1398 1949 1452 αὐτῶν
1969 1398 2076 1452 ὑπὸ

496 1486 634 1540 Θεοῦ
688 1484 1155 1555 ἀναγκαζομένων
1223 1486 1346 1539 τόδε
1394 1485 1720 1556 ὡρισμένως
1781 1488 2075 1558 αἱρεῖσθαι,

2170 1039 2230 1091 τὸ
2260 1037 2335 1108 μὴ
2368 1035 2628 1091 δύνασθαι
2680 1035 2759 1104 τῷ
2788 1034 2970 1089 σκότει
3025 1035 3127 1103 τῆς
3155 1031 3405 1087 ἐκουσίου
3456 1033 3662 1093 κακίας
3724 1029 3798 1083 τὸ
3849 1027 3861 1037 ’

2171 1128 2288 1196 φῶς
2331 1127 2432 1196 τῆς
2483 1128 2708 1200 χάριτος
2753 1125 3060 1192 συνοικεῖν,
3114 1126 3253 1195 μήτε
3305 1121 3799 1193 καταλάμπεσθαι

2171 1221 2283 1274 δεῖν
2308 1219 2565 1284 ἄκοντας,
2593 1219 2722 1295 τοῦς
2747 1216 3057 1286 ἐζοφῶσθαι
3085 1214 3288 1286 μᾶλλον
3319 1214 3793 1285 προῃρημένους.

2246 1312 2359 1367 Καὶ
2419 1312 2520 1366 ob:
2576 1309 2750 1365 ἐποίει
2807 1309 2906 1380 μὲν
2958 1309 2993 1380 ή
3032 1308 3194 1380 χάρις
3249 1307 3343 1361 τὸν
3375 1305 3632 1374 Ἰωάννην
3703 1302 3800 1372 μὴ

2176 1404 2431 1474 ἡγεῖσθαι
2508 1401 2740 1472 φοϐερὸν
2780 1396 2921 1454 εἶναι
2971 1401 3033 1453 τὸ
3090 1399 3323 1469 φοϐερὸν
3369 1397 3404 1468 ἢ
3466 1394 3799 1465 ἐφήδεσθαι

2178 1494 2366 1559 ἀτελῶς
2400 1492 2479 1565 τῷ
2528 1493 2766 1562 θανάτῳ.
2820 1490 3025 1545 Ἔποίει
3066 1489 3126 1543 δέ
3179 1488 3414 1544 δεδιέναι
3467 1486 3633 1540 πλέον
3684 1486 3801 1538 τὸν

496 1578 615 1634 ἀλλ’
651 1581 709 1633 ἐν
735 1580 802 1649 τῇ
830 1578 1011 1631 αὐτῶν
1031 1579 1352 1648 προαιρέσει
1381 1579 1645 1644 ἐκατέρου
1676 1580 1933 1648 κειμένου
1973 1598 2078 1634 που
2181 1586 2555 1658 φοϐερώτερον
2609 1582 2704 1638 τοῦ
2794 1582 2954 1653 σῶμα
3015 1581 3174 1650 μόνον
3225 1579 3452 1650 δέχοντος
3510 1578 3805 1644 κτείνειν,

500 1670 552 1722 τί
580 1670 647 1724 ἀν
672 1669 920 1739 φαίνοιτο
955 1668 1140 1732 αὐτοῖς
1172 1669 1532 1741 αἱρετώτερον
1552 1685 1567 1702 ο
1595 1672 1691 1725 καὶ
1721 1670 2078 1743 ἐνδεχομένου
2180 1681 2357 1750 ψυχῆς
2387 1680 2445 1733 δὲ
2479 1678 2554 1749 μὴ
2584 1668 3046 1750 ἐφαπτομένου,ᾖ
3083 1673 3446 1744 συμϐουλεύει
3468 1673 3530 1724 τὸ
3562 1670 3805 1737 λόγιον,

503 1759 765 1830 ἐκατέρου
787 1756 986 1827 ὁμοίως
1003 1756 1287 1827 αίρεθῆναι
1316 1759 1524 1823 αὐτοῖς,
1551 1759 1684 1814 ὅσον
1709 1761 1803 1814 ἐπὶ
1828 1763 1895 1832 τῇ
1926 1761 2081 1814 ἐλευ-
2185 1772 2280 1827 καὶ
2309 1769 2399 1824 διὰ
2430 1769 2590 1823 τοῦτο
2626 1766 2888 1837 ἀνδρείως
2929 1763 3208 1835 αἱρεῖσθαι
3255 1762 3353 1831 τὴν
3405 1760 3703 1826 τελευτὴν,
3758 1759 3798 1826 ἦ

505 1848 666 1919 θερίᾳ
704 1848 805 1916 τῆς
840 1844 1064 1914 γνώμης
1116 1847 1210 1899 καὶ
1239 1849 1307 1917 τῇ
1343 1848 1505 1917 φύσει
1535 1848 1702 1903 αὺτοῦ
1756 1849 1851 1904 τοῦ
1898 1850 2083 1921 ’φάτ’
2118 1914 2158 1933 η
2187 1864 2283 1918 καὶ
2310 1862 2646 1933 σφοδροτέρᾳ
2664 1859 2759 1913 τοῦ
2785 1859 2944 1911 Θείου
2970 1858 3161 1928 ἀγάπῃ
3210 1856 3417 1908 τιθέναι
3468 1854 3568 1922 τὴν
3599 1850 3807 1920 ψυχὴν

510 1956 698 2009 ματοῖ·
2027 1914 2040 1921 ⁷
2118 1914 2159 1971 Β
2529 1914 2631 2006 τὲέ
2674 1950 2954 2022 ἐρωμένου
3015 1914 3321 2016 δογμάτων.
3391 1914 3552 1998 Ἀλλά

580 2032 705 2084 Ὀτι
739 2032 798 2085 ἐν
822 2033 937 2095 τοῖς
990 2031 1649 2103 προαιρέσει·γινομένοις
1704 2033 1823 2086 ἐστί⁵
1866 2034 1926 2087 τὸ
1957 2032 2099 2088 ἐνδε-

509 2124 762 2193 χόμενον,
803 2126 832 2178 ὁ
868 2124 969 2195 μὲν
990 2124 1248 2193 Ἰωάννης
1297 2126 1534 2196 αίρεῖται
1576 2126 1637 2179 τὸ
1671 2126 1899 2195 βέλτιον,
1960 2128 1988 2180 ὁ
2042 2126 2099 2180 δέ

523 2214 771 2284 Ἡρώδης
796 2217 858 2267 τὸ
888 2217 1097 2286 χεῖρον.
1131 2216 1241 2268 Καὶ
1271 2218 1298 2268 ὁ
1335 2217 1432 2283 μέν
1483 2217 1743 2285 Ἰωάννης
1789 2217 2098 2286 προείλετο,

514 2307 610 2360 καὶ
634 2306 911 2376 πανταχοῦ
946 2304 1428 2375 παραϐαλλόμενον
1456 2307 1662 2376 βέλτιον
1714 2303 1783 2378 ἦν
1817 2308 2102 2379 αἱρεθῆναι

517 2392 690 2458 οὕτως
714 2410 731 2426 ο
762 2396 823 2449 rb
850 2395 907 2449 δέ
926 2395 1004 2465 τῷ
1046 2395 1263 2466 Ἡρώδῃ
1290 2396 1509 2466 αἱρεθέν
1531 2399 1626 2450 καὶ
1664 2398 1814 2466 αύτῷ
1847 2399 1942 2452 καὶ
1967 2401 2101 2453 πᾶσι

518 2486 700 2556 χεῖρον
721 2487 1006 2556 ἐτύγχανε.
1038 2488 1146 2541 Καὶ
1174 2485 1320 2540 οὕτω
1371 2489 1472 2557 μέν
1503 2489 1931 2553 συνεπέπλεκτο,
1961 2489 2102 2544 ὥστε

519 2578 568 2628 εί
597 2576 673 2646 μὴ
712 2576 959 2647 Ἡρώδης
986 2576 1111 2647 ᾕρει
1137 2577 1263 2630 τότε
1298 2580 1393 2631 καὶ
1443 2580 1618 2634 ἐποίει
1647 2582 1717 2634 τά
1765 2581 1957 2652 χείρω,
2000 2583 2101 2635 οὐκ

522 2672 686 2726 αὐτὸν
719 2671 978 2742 Ἰωάννην
1004 2672 1238 2727 ἐνταῦθα
1264 2678 1454 2744 τυχεῖν
1498 2677 1592 2728 τοῦ
1622 2676 1890 2744 βελτίονος
1924 2695 1938 2709 ·
2006 2685 2101 2736 καὶ

526 2765 576 2816 εί
606 2763 679 2834 μὴ
729 2763 985 2833 Ἰωάννης
1014 2764 1192 2818 ἐποίει
1224 2765 1287 2818 τὸ
1320 2766 1552 2833 βέλτιον,
1591 2767 1693 2820 ούκ
1720 2768 1784 2822 ἀν
1836 2785 1893 2822 τε
1932 2768 2107 2839 Ἠρώ-

528 2853 623 2923 δην
676 2854 1030 2924 ἐκπληρῶσαι
1072 2857 1133 2908 τὸ
1178 2859 1381 2926 χεῖρον.
1429 2859 1569 2912 Οὔτε
1632 2861 1818 2928 μέντοι
1871 2860 1962 2913 διὰ
2016 2862 2109 2912 τὸν

538 2943 786 3014 Ἡρώδην
817 2944 1022 3012 ἀγαθὸς
1051 2941 1119 3017 ἦν
1154 2946 1426 3017 Ἰωάννης,
1475 2949 1524 3000 εί
1563 2948 1638 3018 μὴ
1678 2950 1766 3001 διὰ
1809 2950 1910 3020 τὴν
1941 2948 2108 3004 αὑτοῦ

532 3035 851 3105 προαίρεσιν
874 3051 891 3069 θ
927 3035 1052 3089 οὔτε
1102 3035 1353 3108 Ἡρώδης
1380 3039 1468 3093 διὰ
1493 3041 1587 3093 τὸν
1628 3040 1885 3112 Ἰωάννην
1907 3042 2109 3110 φαῦλος

533 3121 621 3197 ἦν,
649 3128 699 3178 εἰ
737 3128 811 3198 μὴ
838 3128 905 3180 δι’
931 3129 1147 3183 ἐαυτόν.
1201 3126 1310 3183 Ἦν
1354 3132 1502 3201 μέντ’
1538 3132 1605 3186 ἀν
1640 3134 1737 3186 καὶ
1782 3134 1850 3188 δι’
1904 3136 2111 3188 ἐκεῖνον

2201 2045 2565 2119 βοηθούμενος
2594 2046 2656 2097 ἐκ
2684 2041 2786 2111 τῆς
2834 2041 3074 2111 χάριτος,
3106 2038 3248 2091 ὥστε
3284 2039 3466 2105 κρῖναι
3519 2033 3580 2085 τὸ
3634 2033 3805 2103 αἱρε-

2200 2134 2322 2187 τέον
2343 2132 2538 2203 ὀρθῶς,
2565 2130 2662 2201 ὅλῃ
2694 2122 2877 2200 μέντοι
2909 2131 2974 2196 τῇ
3023 2126 3343 2197 προαιρέσει
3389 2122 3668 2190 ἐλάμϐανέ
3729 2136 3809 2188 γε

2202 2223 2262 2277 τὸ
2298 2221 2528 2292 βέλτιον,
2564 2220 2659 2273 καὶ
2704 2219 2802 2288 τῆς
2842 2216 3009 2272 αὐτοῦ
3045 2214 3267 2285 γνώμης
3313 2213 3454 2267 ἅπαν
3483 2207 3552 2282 ἦν
3582 2210 3646 2263 τὸ
3685 2225 3809 2263 κα.-

2203 2314 2313 2368 λὸν.
2355 2313 2521 2366 Οὐδὲν
2546 2312 2590 2365 δ’
2612 2303 2775 2381 ἦττον
2803 2309 2897 2363 καὶ
2935 2307 3035 2376 τῆς
3061 2307 3281 2376 χάριτος
3310 2306 3370 2358 τὸ
3402 2305 3510 2357 πᾶν
3537 2297 3629 2373 ἧν,
3663 2301 3809 2354 ὅσον

2205 2406 2444 2476 ἐπάύτῇ
2472 2406 2619 2475 ἥκει,
2640 2397 2709 2475 ἧς
2742 2403 2909 2471 χωρὶς
2935 2400 2994 2452 ού
3020 2397 3294 2466 δυνάμεθα
3323 2394 3521 2449 ὁτιοῦν.
3539 2393 3618 2446 Δι’
3639 2393 3671 2446 δ
3696 2391 3808 2446 καὶ

2206 2496 2569 2568 προηγεῖσθαι
2612 2495 2710 2565 μέν
2740 2493 2879 2562 αὑτὴ
2919 2491 3138 2559 λέγεται
3166 2488 3259 2542 διὰ
3280 2489 3380 2555 τὴν
3410 2487 3503 2539 τοῦ
3538 2485 3803 2553 κτίσμα.-

2207 2607 2294 2651 τος
2322 2588 2624 2655 ἀδυναμίαν
2647 2586 2740 2655 ἀφ’
2768 2583 2983 2646 ἐαυτοῦ,
3008 2580 3240 2635 ἔπεσθαι
3268 2579 3322 2632 δὲ
3348 2576 3664 2647 ἡγουμένης
3695 2578 3808 2643 τῆς

2210 2681 2602 2752 προαιρέσεως,
2667 2679 2755 2732 διὰ
2816 2678 2877 2729 rb
2932 2675 3006 2744 μὴ
3062 2671 3486 2739 ἐπαναγκάζειν,
3535 2669 3608 2731 ὡς
3679 2669 3809 2738 ἐχεε

2210 2779 2302 2829 ἐπὶ
2357 2776 2554 2842 φωτὶ-ς,
2615 2771 2710 2825 καὶ
2763 2768 2858 2823 τοῦ
2920 2768 3133 2837 ἔχοντος
3166 2766 3214 2836 ιή
3264 2764 3510 2827 θέλοντος
3568 2760 3808 2830 βλέπειν

2212 2865 2381 2934 αὐτῷ.
3562 2851 3566 2857 ’

2282 2955 2393 3010 Καὶ
2424 2954 2504 3006 ἐτι
2528 2951 2718 3022 εῦχετο
2751 2951 2849 3019 μέν
2890 2950 3142 3017 Ἰωάννης
3182 2948 3254 3017 μὴ
3297 2941 3806 3011 ἐγκαταλειφθῆναι

2214 3048 2301 3110 ἂν,
2332 3044 2449 3098 ἀλλ’
2478 3043 2812 3113 ὁδηηθῆναι
2836 3040 2974 3111 πρὸς
3005 3039 3103 3108 τὴν
3128 3039 3338 3105 αἵρεσιν
3370 3035 3463 3089 τοῦ
3501 3033 3806 3104 βελτίονος,

2214 3136 2491 3205 ἐπήκουσε
2523 3133 2580 3187 δέ
2606 3134 2634 3186 ὁ
2654 3132 2790 3194 Θεὸς
2824 3131 2958 3200 πρὸς
2995 3130 3093 3198 μὲν
3117 3128 3277 3183 αὐτὸν
3328 3128 3584 3195 Ἰωάννην
3610 3126 3704 3177 καὶ
3738 3122 3811 3175 τὸ

535 3217 762 3286 ἀγαθὸς,
800 3220 849 3271 εί
882 3219 1001 3272 τόδε
1037 3219 1237 3289 μᾶλλον
1274 3222 1483 3292 ᾑρεῖτο.
1518 3224 1649 3286 ,Καὶ
1704 3225 1894 3296 ἐπειδὴ
1925 3226 2114 3280 ἐκάτε-
2141 3243 2185 3304 ο
2217 3226 2376 3295 ἐργον
2407 3227 2516 3279 τότ’
2541 3223 2727 3288 εὐθὺς,
2758 3221 2894 3291 πρὸς
2916 3222 2961 3275 δ’
2988 3221 3200 3283 ἐαυτὸν,
3233 3206 3415 3283 ἐξότου
3446 3218 3538 3270 καὶ
3563 3215 3803 3284 προῄδει

537 3326 631 3378 ρος
658 3311 855 3379 εἴχετο,
886 3310 915 3364 ὃ
952 3312 1150 3380 ῆρεσεν
1176 3313 1324 3382 αύτῷ
1389 3313 1483 3368 καὶ
1528 3318 1593 3384 τῇ
1641 3314 1774 3383 ἕξει,
1826 3315 1972 3392 κατὰ
2025 3317 2114 3369 τὸν
2160 3303 2165 3304 ί
2217 3319 2307 3371 τὸν
2348 3317 2600 3386 Ἰωάννην
2629 3315 2776 3380 ἀξιον
2809 3311 3199 3366 ἐπακούεσθαι.
3257 3309 3365 3363 Καὶ
3392 3309 3452 3360 ού
3485 3307 3661 3376 μάτην
3710 3303 3813 3357 εῦ-

537 3399 783 3461 είπὸντα,
840 3400 1038 3457 Οὐκέτι
1093 3400 1401 3473 ἐργάζομαι
1452 3403 1565 3473 ἐγὼ
1608 3406 1668 3458 rb
1714 3406 1904 3470 κακὸν,
1936 3404 2116 3475 ἀλλἰή

538 3492 823 3544 ἐνοικοῦσα
861 3492 1130 3563 ἁμαρτία.
1171 3494 1257 3557 Ὡς
1289 3494 1346 3548 δέ
1380 3497 1477 3549 καὶ
1510 3495 1572 3549 τὸ
1621 3495 1826 3564 ἀγαθὸν
1872 3497 1906 3567 ή
1957 3497 2119 3566 χάρις

538 3585 601 3635 ἐν
631 3583 708 3652 τῷ
734 3582 934 3653 ἔχοντι,
969 3585 1080 3653 ἐγὼ
1113 3585 1170 3639 δὲ
1195 3585 1295 3652 τῆς
1331 3586 1605 3656 ἁμαρτίας
1634 3586 1826 3650 αἴτιος,
1869 3587 2119 3650 κάκεῖνος

541 3675 640 3743 τῆς
664 3675 906 3745 χάριτος,
954 3677 1101 3740 ἀξιον
1124 3676 1220 3731 τοῦ
1243 3677 1430 3732 λαϐεῖν
1457 3678 1649 3731 ἐαυτὸν
1679 3678 2117 3749 παρασχόμενος,

542 3765 664 3818 τότε
693 3765 757 3834 δὴ
790 3767 1077 3837 συνέτρεχε
1106 3769 1281 3823 πάντα
1316 3770 1411 3822 καὶ
1458 3771 1845 3841 συνειργάζετο
1898 3771 1976 3840 τῷ
2028 3770 2122 3825 τὸν

548 3854 669 3924 μέν,
729 3849 806 3909 ὧν
865 3856 1151 3924 προείλετο
1209 3859 1375 3924 ἀξίως
1431 3862 1868 3930 στεφανωθῆναι,
1917 3862 2011 3914 τὸν
2065 3861 2123 3916 δέ

546 3948 825 4003 κάνταῦθα
873 3951 1035 4004 κάκεί
1091 3951 1247 4016 δίκας
1296 3953 1553 4024 ὑποσχεῖν
1611 3954 1769 4021 ἀξίας
1825 3954 2123 4017 ἀκολασίας

548 4038 642 4091 καλ⁸
669 4041 1017 4110 παρανομίας
1037 4042 1131 4094 καὶ
1157 4042 1342 4111 φόνου.

621 4127 748 4190 Τοῖς
771 4131 871 4198 μέν
898 4127 993 4185 οὖν
1028 4132 1355 4201 ἐνδεχόμενα
1383 4137 1589 4202 ὁμοίως
1644 4133 1714 4209 ἦν
1747 4140 1845 4193 καὶ
1877 4139 1946 4192 τά
1977 4141 2130 4194 ἐναν-

550 4217 642 4273 τία
678 4217 789 4288 πρὸ
814 4218 909 4274 τοῦ
949 4223 1173 4291 ποιῆσαι
1206 4222 1434 4295 θάτερον
1475 4227 1656 4282 αὐτῶν
1704 4229 2014 4299 ἑλομένους.
2042 4232 2129 4284 ἐπ’

552 4313 740 4374 αὐτοῖς
765 4313 875 4383 γὰρ
901 4310 970 4386 ἦν
1003 4315 1206 4399 ὁμοίως
1235 4318 1527 4391 ἀμφότερα
1562 4338 1577 4353 ·
1615 4321 1740 4375 ἐπεὶ
1785 4322 1846 4376 δέ
1902 4322 2133 4396 θάτερον

554 4405 731 4459 ἐποίει
761 4407 1043 4481 ἑκάτερος,
1077 4410 1382 4479 ἀναγκαῖον
1418 4408 1487 4484 ἦν
1539 4415 1602 4468 τὸ
1629 4415 2018 4487 γεγενημένον,
2069 4418 2132 4471 οὐ

553 4498 622 4566 τῇ
652 4496 819 4550 αὐτοῦ
859 4499 1041 4569 φύσει,
1078 4498 1215 4552 ἀλλά
1249 4500 1329 4571 τῷ
1356 4501 1710 4572 ἐξειργάσθαι
1741 4504 1866 4575 ήδη,
1906 4503 2002 4558 καὶ
2032 4505 2135 4557 οὐκ

555 4587 888 4659 ἐνδέχεσθαι,
922 4592 1018 4644 καὶ
1046 4592 1121 4663 μή
1149 4587 1290 4646 εῖναι
1324 4593 1766 4665 ἐξειργασμένον,
1800 4595 1877 4659 ὡς
1908 4595 2017 4666 πρὸ
2039 4593 2135 4648 τοῦ
2161 4577 2217 4640 Ῐ)

556 4682 814 4750 γενέσθαι
845 4683 1196 4754 ἐνδεχόμενον
1232 4685 1331 4740 καὶ
1365 4686 1443 4757 μή
1490 4686 1757 4755 γίνεσθαι.
1789 4686 2053 4749 Ἐκείνοις
2076 4703 2139 4740 τε

556 4773 657 4829 οῦν
684 4772 830 4828 οὕτω
863 4773 1036 4829 ταῦτα
1061 4771 1195 4847 εἶχε,
1227 4776 1324 4830 καὶ
1366 4777 1500 4847 ήμίν
1519 4776 1665 4831 οὕτω
1692 4778 1959 4848 κρίνεται,
1991 4776 2059 4847 τῇ
2083 4774 2142 4828 δέ

559 4865 685 4939 θείᾳ
732 4867 932 4937 γνώσει
991 4867 1282 4937 προύκειτο
1316 4869 1393 4932 ὡς
1459 4868 1824 4938 γεγενημένα,
1870 4866 1970 4922 καὶ
2012 4867 2144 4935 πρὶν

564 4955 838 5025 γενέσθαι.
871 4957 981 5009 Καὶ
1005 4958 1119 5027 ᾔδει
1155 4960 1276 5027 μέν,
1307 4958 1389 5012 ὅτι
1413 4958 1570 5014 αὐτοὶ
1599 4958 1961 5029 ἐνδεχομένως
1990 4958 2145 5028 αἱρή-

565 5066 774 5113 σονται,
800 5050 835 5104 ἃ
851 5052 1168 5121 αἱρήσονται
1180 5051 1273 5105 καὶ
1292 5053 1390 5105 οὐκ
1418 5052 1632 5124 ἀνάγκῃ
1649 5053 1755 5106 τινὶ
1771 5053 1839 5106 τά
1859 5053 1947 5106 ἐπ’
1962 5052 2145 5114 αὐτοῖς

564 5143 844 5195 δντα.¹Ὀτι
861 5143 914 5194 δὲ
934 5142 1044 5195 τοδὶ
1061 5145 1347 5215 αἱρήσεται
1375 5148 1632 5220 ἑκάτερος
1655 5149 1837 5220 καὶμὴ
1861 5149 1994 5214 τοδὶ,
2023 5144 2151 5216 ἠπί-

568 5253 731 5291 στατο
754 5237 1091 5306 ὡρισμένως,
1120 5239 1212 5292 καὶ
1235 5239 1309 5301 ὡς
1324 5241 1693 5311 προεγίνωσκε
1715 5242 2050 5315 τὸιέσόμενον
2070 5245 2150 5305 είς

569 5327 855 5396 τοσούτους
875 5330 1173 5394 ἐνιαυτοὺς,
1208 5329 1381 5394 οὕτως
1408 5333 1503 5389 καὶ
1539 5332 1601 5383 rb
1643 5332 2008 5402 ἐνδεχομένως
2032 5333 2150 5384 ἐσό-

570 5439 736 5492 μενον
765 5421 1032 5494 ἠπίστατο
1050 5422 1380 5491 ἀναγκαίως.
1408 5423 1660 5491 Συναιρεῖ
1684 5425 1783 5493 μὲν
1830 5425 1938 5495 γὰρ
1970 5425 2002 5492 ή
2032 5424 2151 5477 θεία

575 5517 854 5588 ἐπιστήμη
882 5515 941 5570 τὸ
969 5518 1079 5572 πᾶν
1107 5517 1204 5588 τῆς
1254 5516 1600 5588 ἀνθρωπίνης
1644 5516 1907 5587 αἱρέσεώς
1939 5532 1998 5569 τε
2059 5518 2154 5569 καὶ

577 5608 851 5677 πράξεως,
886 5608 962 5671 ὡς
989 5606 1102 5678 ἔχει
1132 5606 1255 5662 καθ’
1290 5608 1490 5680 ἐαυτὴν
1526 5609 1656 5678 περὶ
1692 5605 1895 5660 ὁτιοῦν.
1921 5606 2074 5675 ’Λμα
2098 5605 2154 5658 δὲ

580 5699 673 5751 καὶ
704 5700 839 5768 πρὸς
874 5702 934 5753 τὸ
955 5699 1181 5771 ἔσχατον
1201 5703 1449 5770 φέρεται,
1479 5700 1614 5769 ὅπερ
1646 5699 1795 5751 ἐστὶν
1826 5698 1882 5749 ἐν
1914 5714 1973 5749 τε
2009 5696 2157 5749 ἐνδε-

581 5791 827 5858 χομένοις
858 5793 915 5843 ἐν
963 5810 1020 5845 τε
1055 5794 1371 5860 ἀναγκαίοις
1403 5792 1621 5861 ὁμοίως,
1664 5790 1861 5859 μᾶλλον
1909 5790 1963 5842 δὲ
2018 5791 2153 5859 αὐτῇ

586 5885 761 5938 πάντα
824 5885 1072 5953 πάσεισιν
1134 5885 1322 5953 073101;,
1369 5885 1439 5947 ὡς
1496 5886 1705 5952 ἁπεὲρῃ
1754 5884 1841 5936 καὶ
1878 5882 2155 5947 κοινοῖαιῃ

2220 3426 2347 3479 χετο
2419 3409 2691 3476 Ἰωάννης.
2739 3405 2798 3460 Ὀ
2859 3404 2916 3458 δέ
2954 3404 3200 3473 Ἡρώδης
3254 3396 3547 3455 ἐσκέπτετό
3592 3415 3652 3451 τε
3704 3396 3813 3452 καὶ

2221 3502 2415 3563 ἐποίει,
2444 3495 2525 3562 οἷς
2555 3500 2622 3553 ἂν
2644 3498 2930 3552 ἐδειαύτὸν
2953 3493 3554 3565 ἐγκαταλιμπάνεσθαι.
3583 3491 3812 3546 Οὐκοῦν

2223 3595 2315 3647 καλ⁸
2376 3593 2540 3648 αὐτοῦ
2580 3594 2614 3658 ὴ
2664 3590 2898 3660 πονηρία
2951 3588 3159 3657 ἔπασχε
3209 3589 3269 3640 rb
3321 3586 3541 3654 ἑαυτῆς,
3575 3585 3674 3637 καὶ
3704 3585 3813 3637 οὐκ

2222 3686 2343 3754 εικῆ
2377 3685 2588 3753 ἐγίνετο
2616 3683 2739 3737 ούδέ
2768 3682 2929 3753 αὐτή.

2308 3777 2405 3831 Ἐκ
2437 3776 2643 3830 τούτων
2679 3774 2936 3828 ἁπάντων
2966 3770 3109 3825 οὕτω
3147 3770 3305 3838 τύπῳ
3336 3769 3683 3839 διῃρημένων
3710 3768 3813 3819 καὶ

2227 3867 2690 3937 ύποδείγματιένὶ
2717 3866 2782 3918 ἐκ
2826 3863 3097 3917 πλείστων
3148 3861 3333 3923 καλῶς
3375 3860 3814 3929 ἐφαρμοζομένῳ

2224 3962 2385 4031 δῆλόν
2408 3964 2546 4026 ἐστι,
2573 3961 2666 4014 καὶ
2694 3957 2793 4020 τὰς
2841 3955 3185 4025 ἀνθρωπίνας
3238 3952 3485 4023 θελήσεις
3512 3969 3569 4003 τε
3601 3951 3698 4003 καὶ
3725 3952 3813 4002 αἱ-

2231 4051 2427 4123 ρέσεις,
2489 4053 2584 4106 καὶ
2613 4052 2682 4104 τὰ
2752 4049 3002 4119 ἐφ’ήμῖν
3048 4045 3186 4100 εῖναι
3238 4045 3524 4114 λεγόμενα,
3560 4044 3656 4096 καὶ
3709 4044 3815 4094 ὅσα

2228 4143 2595 4214 ἐνδεχομένως
2618 4140 2709 4210 ὑφ’
2744 4139 2905 4211 ήμῶν
2941 4136 3296 4208 πράττεσθαι,
3345 4137 3520 4188 πάντα
3547 4136 3626 4202 ,τῇ
3692 4131 3815 4201 θείᾳ

2231 4231 2551 4296 ὑποκεῖσθαι
2580 4228 2831 4300 προνοίᾳ,
2864 4227 2900 4296 ἦ
2944 4227 3062 4279 ἐστι
3114 4222 3411 4295 πρόϐλεψις
3448 4221 3544 4274 τοῦ
3603 4221 3817 4289 συμφέ-

2235 4339 2442 4391 ροντος,
2501 4321 2558 4374 ἐν
2615 4317 2986 4390 ἀμεταϐλήτῳ
3042 4315 3283 4381 διατάξει
3342 4313 3451 4367 τῶν
3494 4313 3629 4381 πρὸς
3658 4310 3816 4363 τοῦτο

2235 4410 2663 4473 ἀποϐαινόντων,
2713 4404 3097 4477 προεγνιῖωθαι
3120 4404 3178 4458 δέ
3204 4401 3377 4456 ταῦτα
3401 4402 3475 4463 ὡς
3507 4400 3682 4465 ἐσται,
3744 4401 3814 4469 τῇ

2236 4503 2457 4555 πάντων
2487 4498 2660 4567 αἰτίᾳ,
2701 4497 2798 4551 καὶ
2843 4494 3181 4566 προωρίσθαι
3206 4510 3221 4524 ·
3271 4491 3653 4561 γινωσκόμενα
3718 4490 3818 4559 μὲν

2241 4594 2368 4665 γὰρ,
2424 4592 2510 4646 ὅτι
2558 4590 2732 4654 οὕτως
2787 4588 2940 4642 ἐσται
2998 4587 3095 4643 καὶ
3139 4584 3374 4658 ὡρίσθαι
3393 4582 3567 4646 οὕτως
3601 4582 3773 4652 ἐχρῆν
3800 4597 3817 4614 ·

2243 4683 2731 4757 προ-γινωσκόμενα
2754 4681 2813 4736 δέ
2835 4684 2931 4736 καὶ
2961 4678 3302 4750 προωρίσθαι
3348 4676 3522 4747 δήπου
3559 4690 3576 4707 ι
3639 4691 3821 4745 προω-

2247 4778 2477 4850 ρισμένα
2503 4776 2560 4830 δὲ
2582 4773 2747 4838 οὕτω,
2777 4776 2871 4826 καὶ
2915 4770 3059 4825 οὕτω
3083 4770 3352 4839 γίνεσθαι,
3386 4768 3574 4832 ἐπειδὴ
3624 4767 3700 4830 ὡς
3734 4764 3822 4820 οῦ-

2243 4887 2353 4933 τως
2384 4867 2619 4936 ἐσόμενα
2648 4865 2743 4918 καὶ
2774 4862 2919 4917 οὕτω
2949 4861 3279 4931 προώριστο.
3311 4857 3449 4911 Οῦτε
3478 4860 3585 4926 γᾶρ
3619 4850 3734 4909 οἷόν
3761 4872 3822 4907 τε

2244 4960 2314 5035 ἦν
2335 4961 2396 5014 rb
2424 4960 2616 5029 μέλλον
2643 4957 2859 5025 ἀγνοεῖν
2877 4955 2969 5008 τὸν
2989 4952 3142 5015 Θεὸν,
3181 4954 3214 5021 ἢ
3249 4949 3564 5020 ὑπομένειν.
3587 4951 3738 5011 ὅπως
3760 4948 3823 4999 ἀν

2246 5073 2299 5109 τι
2349 5055 2582 5122 γένοιτο,
2642 5051 2730 5104 ἵνα
2772 5048 2887 5119 είδῇ
2923 5066 2939 5082 ·
2994 5046 3119 5100 οῦτε
3160 5045 3267 5098 ἔδει
3324 5042 3671 5111 ἐγνωσμένης
3724 5039 3824 5107 τῆς

2251 5147 2486 5200 ἐκάστου
2521 5143 2630 5195 τῶν
2664 5139 2968 5209 γινομένων
3006 5136 3331 5199 ἀκολουθίας
3366 5133 3464 5204 τὴν
3511 5132 3663 5185 θείαν
3710 5131 3826 5183 δια-

2252 5239 2438 5293 πεσεῖν
2459 5233 2682 5303 γνῶσιν,
2714 5232 2803 5286 ἀλ)
2814 5248 2889 5293 ως
2910 5231 2970 5282 ἐν
2988 5231 3053 5300 τῇ
3077 5226 3298 5298 τοιαύτη
3346 5223 3639 5295 ἀκολουθίᾳ
3659 5223 3825 5288 τινὸς,

2252 5331 2286 5401 ἢ
2315 5331 2408 5381 καὶ
2428 5326 2795 5395 προέγνωστο,
2826 5319 3232 5380 ἀποϐαίνοντος.

2325 5418 2467 5474 Ἀλλ’
2491 5418 2551 5471 οὐ
2592 5412 2932 5487 προωρίσθαι
2964 5427 3032 5480 γε
3084 5411 3143 5462 ἐν
3194 5406 3431 5468 ἐαυτοῖς,
3489 5404 3550 5456 ού
3585 5402 3693 5472 γὰρ
3740 5399 3828 5454 ἀεί

2254 5515 2392 5565 slew
2421 5508 2581 5571 αὐτὰ,
2609 5509 2666 5560 ἐν
2699 5504 2775 5576 τῷ
2813 5502 2930 5574 Θεῷ
2970 5502 3025 5555 δέ
3074 5501 3235 5571 μόνον
3297 5495 3636 5569 προωρίσθαι
3662 5508 3679 5525 ⁸
3736 5494 3831 5546 καὶ

2254 5603 2377 5656 οὔτε
2400 5602 2546 5669 ἐχειν
2572 5599 2768 5652 ειδέναι
2786 5598 2876 5650 τὸν
2907 5597 3048 5651 θεῖον
3081 5594 3415 5664 προορισμὸν
3442 5588 3566 5651 τοὺς
3623 5583 3830 5655 ἀνθρώ-

2257 5713 2390 5758 πους
2430 5694 2559 5760 περὶ
2583 5690 2759 5746 ὁτιοῦν
2794 5689 2901 5743 τῶν
2956 5688 3040 5740 ἐπ’
3071 5685 3254 5746 αὐτοῖς
3298 5682 3488 5744 ὄντων,
3539 5678 3630 5732 ἴνα
3682 5674 3830 5745 αὐτῷ

2261 5790 2353 5842 καὶ
2377 5767 2603 5847 ἄκοντες
2633 5779 2985 5835 ἀκολουθῶσι.
3023 5777 3213 5830 Καίτοι
3242 5774 3342 5826 οὐκ
3375 5769 3660 5839 ἀγνοοῦσιν
3683 5766 3739 5819 οἴ
3768 5781 3830 5832 γε

2264 5880 2435 5944 οοέοῖ,
2474 5878 2545 5941 ὡς
2575 5877 2785 5938 ἀνάγκη
2826 5873 2996 5925 πάντα
3032 5871 3143 5923 ἐκεῖ
3181 5864 3433 5936 ὡρίσθαι,
3486 5862 3595 5917 οὔτ’
3624 5856 3830 5913 ἐκεῖθεν
