4152 6280
380 243 506 309 ΗΞΙ

1431 243 1529 303 DE
1595 239 2334 302 I‘R/EDESTINATIONE
2374 239 2522 299 LlB.
2575 238 2628 296 1.

3478 229 3616 296 112:2

377 353 472 404 καὶ
508 352 584 422 μὴ
611 353 819 417 εἰδότας
856 351 1379 420 συναναγκάζεσθαι,
1408 353 1493 404 ἱνα
1542 353 1608 404 τὰ
1660 351 1942 419 πεφυκότα
1974 359 2020 414 Α
2053 356 2200 423 μένοι
2226 358 2316 407 καὶ
2350 353 2674 424 πράξαντες.
2719 349 2878 404 Ἀλλὰ
2911 348 2972 400 τὸ
2995 345 3305 418 προορίζειν
3341 343 3464 397 ἀντὶ
3512 345 3615 412 τῆς

371 443 438 496 ἐκ
483 443 856 512 προαιρέσεως
882 442 974 495 καὶ
991 443 1312 513 ἐνδεχόμενα
1338 441 1585 508 γίνεσθαι
1621 447 1694 511 μὴ
1725 442 1942 510 γίνηται

371 531 564 595 οὕτως,
595 531 626 600 ἢ
658 533 706 584 οἰ
743 533 1044 602 πεφυκότες
1079 535 1252 584 ποιεῖν
1293 532 1433 584 οὕτω
1483 530 1559 600 μὴ
1590 528 1731 582 οὕτω
1776 529 1942 582 ποιῶ·

373 640 477 676 σιν.
506 623 676 693 Δῆλον
711 623 767 676 δὲ
814 623 906 676 καὶ
935 625 1016 676 ὅτι
1060 623 1263 676 τούτων
1295 621 1467 684 οὕτως
1501 623 1731 690 ἐχόντων
1788 613 1942 673 οὐδὲν

320 720 329 728 “
373 715 508 784 πρὸς
536 713 630 766 τοῦ
663 714 878 766 ἑλέσθαι
906 713 966 765 τὸ
1017 713 1222 782 βέλτιον
1255 712 1455 779 ὠφελεῖ
1506 714 1534 764 ὁ
1594 711 1734 772 θεῖος
1774 727 1942 780 προο-

372 807 566 876 ρισμδς
586 806 709 868 τοὺς
734 806 1169 879 προῃρημένους,
1194 805 1242 856 εἰ
1277 807 1352 874 μὴ
1385 803 1506 856 ὅσον
1529 802 1837 872 προώριστο
1871 803 1936 872 τῇ

371 897 689 969 ἀνθρωπίνῃ
720 899 880 967 φύσει
904 897 1121 960 κοινῶς,
1148 897 1209 949 τὸ
1238 895 1348 948 δεῖν
1379 896 1520 948 κατά
1567 894 1722 962 λόγον
1754 910 1812 946 τε
1845 894 1938 946 καὶ

369 988 532 1056 νόμον
593 987 762 1057 βιοῦν,
813 988 906 1040 καὶ
963 987 1105 1040 οὕτω
1155 985 1403 1056 βιοῦντας
1454 982 1721 1052 θεοφιλεῖς
1775 979 1936 1050 εἶναι,

369 1078 640 1140 τοιούτους
663 1078 718 1131 δὲ
743 1078 900 1142 δντας
931 1079 1156 1147 ἄμεινον
1179 1075 1440 1149 ζήσεσθαι
1473 1076 1531 1126 ἐν
1553 1075 1631 1144 τῷ
1672 1074 1935 1143 μέλλοντι.

368 1170 555 1224 Ταῦτα
575 1171 685 1240 γὰρ
719 1171 816 1225 καὶ
838 1172 982 1226 πάνυ
1013 1169 1426 1233 καλῶςοίδασιν
1459 1169 1513 1220 οἵ
1537 1184 1602 1237 γε
1636 1167 1932 1221 σπουδαῖοι.

379 1260 519 1313 Ἀλλ’
545 1261 605 1311 οὐ
637 1260 724 1312 διά
750 1262 811 1311 τὸ
835 1261 1032 1315 εἰδέναι
1063 1261 1221 1329 μόνον
1263 1258 1495 1312 τοιοῦτοί
1517 1258 1656 1310 εἰσιν
1685 1273 1699 1288 ·
1749 1255 1936 1310 πολλοὶ

365 1351 475 1421 γὰρ
490 1352 668 1414 καλῶς
693 1352 892 1414 εἰδότες
927 1353 1023 1405 καὶ
1048 1352 1239 1414 ἀλλους
1266 1349 1541 1411 πείθοντες
1565 1347 1718 1401 αύτοί⁵
1768 1363 1936 1416 πονη-

367 1444 451 1512 ροὶ
475 1442 730 1514 ἐθέλομεν
753 1441 896 1497 εἶναι
923 1459 938 1474 ο
966 1443 1081 1495 ἀλλ’
1109 1442 1189 1494 ὅτι
1214 1441 1330 1512 ᾔδει
1379 1441 1474 1493 καὶ
1495 1438 1721 1500 τούτους
1745 1440 1773 1490 ὁ
1801 1436 1935 1499 Θεὸς

364 1537 434 1586 τὰ
464 1535 635 1602 χείρω
661 1533 1078 1604 αἱρησομένους,
1114 1533 1208 1585 καὶ
1229 1530 1541 1600 προώριστο
1577 1526 1734 1580 τοῦτο
1760 1525 1934 1589 οὓτως

367 1625 427 1676 ἐν
459 1625 526 1694 τῇ
552 1623 672 1695 θείᾳ
698 1624 826 1694 περὶ
848 1624 1031 1678 αὐτῶν
1053 1622 1276 1692 γνώσει,
1319 1621 1439 1675 οὐδὲ
1473 1618 1626 1672 αὐτοὶ
1676 1617 1932 1670 ἐπίσταν-

364 1730 476 1775 ται,
503 1713 696 1766 οὐκοῦν
721 1714 839 1766 οὐδὲ
869 1713 1094 1783 βλάπτει
1120 1712 1319 1775 αὐτοὺς
1348 1711 1507 1765 τοῦτό
1528 1727 1614 1778 γε.

447 1805 696 1868 Ἐκόντες
727 1805 834 1875 ἄρα
857 1804 1138 1874 αἱροῦνται
1158 1804 1480 1874 ἀμφότεροι,
1507 1801 1668 1856 ὁπότε
1721 1799 1936 1871 αἱροῦν-

365 1913 454 1951 ται
473 1913 486 1926 ·
517 1896 586 1949 δι’
617 1896 645 1949 δ
677 1897 772 1950 καί⁸
800 1898 848 1949 οἰ
878 1900 975 1964 μέν
1007 1895 1419 1964 στεφανοῦνται,
1445 1896 1492 1946 οἰ
1516 1893 1572 1947 δὲ
1595 1888 1930 1956 ὲολάζονται,

365 1989 440 2052 ώς
464 1988 562 2061 ὅλῃ
610 1987 790 2040 αὐτῶν
829 1987 1146 2056 προαιρέσει
1200 1985 1395 2038 τοιοίδε
1458 1982 1929 2044 ἀποτελεσθέντες.

366 2080 477 2135 Καὶ
503 2079 679 2140 ὁΘεὸς
713 2079 768 2131 ἐν
796 2071 876 2140 οἷς
899 2077 998 2147 μὲν
1032 2078 1177 2128 ἐστιν
1201 2074 1394 2136 αἴτιος,
1429 2077 1485 2126 ἐν
1537 2068 1615 2134 οἷς
1671 2073 1728 2125 δὲ
1784 2073 1936 2124 ἀναί-

364 2192 496 2237 τιος.
547 2174 609 2225 Εἰ
655 2173 710 2224 δέ
768 2173 862 2225 καὶ
897 2170 1116 2222 πάντων
1168 2167 1358 2231 αἴτιος,
1412 2165 1526 2218 ἀλλ’
1555 2164 1810 2232 οὐδεμιᾶς
1867 2180 1930 2231 γε

364 2262 607 2330 ἀνάγκης
642 2263 696 2314 ἐν
719 2264 828 2321 τοῖς
852 2261 1187 2328 προαιρετοῖς
1223 2274 1234 2289 ·
1277 2257 1349 2318 ὡς
1397 2255 1503 2326 γάρ
1549 2254 1742 2323 ἔμελλε
1791 2253 1935 2321 γίνε-

366 2356 491 2407 σθαι
512 2356 604 2407 καὶ
623 2353 694 2416 ὼς
727 2351 991 2421 ἐπεφύκει
1010 2351 1212 2403 ἕκαστα
1235 2348 1478 2415 γίνεσθαι
1508 2346 1538 2416 ἢ
1565 2348 1754 2409 ποιεῖν,
1792 2345 1933 2398 οῦτω

364 2445 710 2514 προέγνωστο
767 2445 843 2512 τῷ
893 2441 1012 2510 Θεῷ
1065 2443 1162 2492 καὶ
1215 2437 1544 2508 προιῦριστο,
1593 2438 1686 2488 καὶ
1732 2437 1806 2499 ὡς
1834 2438 1933 2504 τὴν

363 2536 516 2588 θείαν
553 2536 678 2605 περὶ
734 2533 990 2587 ἀπάντων
1020 2531 1273 2600 βούλησιν
1321 2527 1465 2590 εἰκός
1529 2529 1677 2580 ἐστιν
1730 2525 1933 2592 ἐμπλέ-

365 2626 554 2680 κεσθαι
587 2627 696 2686 τοῖς
719 2623 1001 2685 τοιούτοις,
1033 2621 1167 2674 ὅπου
1215 2621 1310 2688 μὲν
1343 2619 1443 2671 οὐκ
1497 2617 1932 2686 ἀναγκάζουσαν,

2045 446 2290 514 ἀνάγκης
2325 443 2712 512 λαμϐάνουσιν,
2764 442 2826 494 οὐ
2869 442 3010 493 πάνυ
3053 439 3151 508 μὲν
3207 435 3446 504 ἀκριϐῶς
3495 435 3618 503 ἐφι-

2047 535 2280 597 στῶντες
2325 535 2404 603 τῷ
2464 533 2845 603 σημαινομένῳ
2876 532 2972 600 τῆς
3028 528 3244 594 λέξεως,
3275 525 3514 597 ἀκριϐῶς
3561 524 3620 577 δέ

2045 627 2189 678 πάνυ
2214 625 2560 693 φρονοῦντες,
2587 625 2662 687 ώς
2700 626 2726 676 ὁ
2754 623 2894 686 θεῖος
2924 619 3257 691 προορισμδς
3285 617 3386 670 οὐκ
3445 617 3617 682 ἀναγ-

2043 721 2200 784 κάζει
2228 720 2287 772 τὸ
2317 720 2682 785 αὐτεξούσιον,
2709 718 2782 779 ὡς
2814 717 2946 787 μηδέ
2987 715 3199 769 τοιοῦτο
3241 711 3428 766 λοιπὸν
3448 701 3615 763 εἶναι.

2044 812 2209 865 Ὥστε
2240 811 2331 862 καὶ
2355 811 2508 862 αὐτοὶ
2532 811 2608 878 τῷ
2642 808 2837 878 πλήθει
2872 806 2978 860 τῶν
3015 805 3194 862 ἀλλων
3250 801 3451 856 ἐνθέων
3519 799 3616 855 καὶ

2042 903 2122 971 τῷ
2155 901 2338 954 κανόνι
2359 901 2456 967 τῆς
2487 900 2743 970 ἀληθείας
2787 897 3096 968 συνᾴδουσι.

2111 991 2328 1044 Τούτων
2359 989 2611 1043 ἀπάντων
2635 988 2776 1041 οὕτω
2801 986 3120 1056 τιθεμένων,
3154 985 3236 1040 ὄτι
3283 985 3435 1040 οὐδὲν
3462 983 3616 1040 άναι-
3718 1007 3720 1009 ν

2043 1083 2218 1153 ρεῖται
2241 1083 2350 1134 τῶν
2377 1080 2849 1151 ὁμολογουμένων,
2893 1079 3068 1148 σαφές
3114 1080 3232 1132 ἐστι
3257 1091 3274 1111 ⁸
3320 1077 3469 1147 μένει
3519 1077 3617 1146 μὲν

2039 1175 2148 1245 γὰρ
2173 1175 2235 1228 τὸ
2265 1175 2322 1238 ἐξ
2357 1174 2600 1243 ἀνάγκης
2625 1173 2829 1238 καλῶς,
2855 1173 3008 1242 μένει
3035 1171 3092 1226 δέ
3140 1171 3204 1226 τὸ
3267 1169 3618 1240 ἐνδεχόμενον

2038 1265 2096 1317 ἐν
2116 1265 2232 1327 τοῖς
2261 1263 2454 1326 αἰτίοις
2479 1280 2538 1317 τε
2573 1263 2667 1317 καὶ
2693 1265 2802 1324 τοῖς
2827 1262 2886 1326 ἐξ
2908 1263 3090 1317 αὐτῶν
3113 1259 3436 1331 γινομένοις,
3465 1259 3616 1329 μένει

2038 1355 2096 1409 δὲ
2133 1354 2198 1409 τὸ
2218 1353 2572 1435 ρυμϐεϐηκδς
2610 1357 2665 1408 ἐν
2696 1355 2810 1418 τοῖς
2839 1352 3153 1423 πράγμασι.
3205 1351 3392 1406 Πάντα
3414 1349 3524 1418 γὰρ
3557 1349 3616 1402 ἐν

2035 1449 2105 1518 τῇ
2135 1446 2288 1510 τάξει
2307 1447 2405 1515 τῆς
2431 1446 2580 1508 θείας
2607 1444 2882 1514 προνοίας,
2908 1443 2985 1506 ὥς
3005 1444 3244 1514 εἴρηται,
3274 1439 3612 1510 περιέχεται.

2036 1538 2132 1591 καὶ
2166 1536 2344 1590 πάντα
2373 1537 2571 1606 ήτάξις
2593 1536 2728 1603 αὐτή
2755 1533 3112 1606 διαλαμϐάνει
3129 1532 3330 1597 καλῶς,
3363 1531 3503 1601 μετά
3517 1528 3613 1584 τοῦ

2036 1625 2252 1696 ἑκάστῳ
2285 1625 2345 1678 τδ
2378 1627 2572 1680 οίκεῖον
2599 1625 2907 1695 φυλάττειν.
2950 1624 3112 1678 una:
3142 1623 3241 1694 μὲν
3269 1623 3368 1677 καὶ
3387 1621 3448 1675 τδ
3470 1620 3612 1690 χρή-

2042 1735 2200 1788 σιμον
2229 1714 2339 1770 τῶν
2374 1716 2550 1787 εὐχῶν
2568 1717 2670 1770 οὐκ
2699 1712 3235 1778 ἐκδάλλεταιοῦτως,
3263 1711 3323 1764 οὐ
3351 1710 3512 1780 μόνον
3533 1708 3612 1772 ὡς

2041 1809 2134 1861 καὶ
2155 1807 2336 1861 αὐτῶν
2365 1807 2471 1861 ὐπὸ
2501 1809 2599 1878 τὴν
2616 1805 2769 1870 τάξιν
2789 1804 2983 1864 οὐσῶν.
3009 1803 3085 1867 ώς
3111 1803 3170 1856 ἐν
3196 1801 3275 1870 τῷ
3301 1799 3396 1854 τοῦ
3423 1797 3610 1854 Ἰωάν-

2039 1915 2134 1950 νου
2166 1896 2535 1966 ὑποδείγματι
2565 1897 2782 1966 είρηται
2807 1913 2820 1928 ·
2852 1894 2967 1948 ἀλλ’
2992 1894 3075 1947 ὅτι
3110 1891 3206 1948 καὶ
3257 1890 3431 1945 πολλά
3455 1888 3611 1959 παρὰ

2039 1990 2136 2060 τὴν
2186 1990 2340 2057 τάξιν
2373 1989 2479 2042 τῶν
2525 1989 2926 2058 ταπεινοτέρων
2979 1988 3171 2043 αἰτίων
3209 1987 3240 2040 ὁ
3277 1985 3410 2045 Θεὸς
3448 1984 3607 2038 είωθε

2039 2082 2299 2151 πράττειν
2317 2080 2407 2136 τὸν
2429 2079 2770 2148 ἀνθρώπινον
2803 2078 2918 2149 βίον
2943 2078 3267 2148 οἰκονομῶν,
3303 2078 3338 2131 ἃ
3358 2077 3456 2147 τὴν
3475 2076 3609 2144 ὅλην

2037 2165 2280 2223 διάθεσιν
2321 2170 2421 2238 τῆς
2454 2169 2623 2223 αὐτοῦ
2669 2169 2923 2237 προνοίας
2950 2167 3043 2220 καὶ
3077 2167 3174 2236 τὴν
3200 2168 3380 2221 πάντα
3420 2163 3608 2234 περιέ.

2039 2271 2239 2331 νουσαν
2267 2259 2418 2323 τάξιν
2439 2260 2500 2313 οὐ
2533 2258 2863 2328 μεταϐάλλει
2896 2256 3009 2313 οὐθ’
3044 2256 3381 2327 ὑπερϐαίνει.
3440 2255 3611 2310 Οὐδὲν

2037 2354 2128 2408 οῦν
2158 2353 2351 2406 κωλύει
2379 2350 2600 2404 τοιαῦτα
2627 2351 2801 2404 ποιεῖν
2825 2347 2920 2401 καὶ
2946 2350 3065 2411 ταῖς
3088 2347 3338 2402 εὐσεϐέσι
3369 2347 3478 2400 τῶν
3515 2348 3608 2400 ἀν-

2039 2445 2269 2514 θρώπων
2309 2445 2559 2515 αίτ-ήσεσι
2607 2442 2990 2512 χαριζόμενον,
3031 2440 3089 2503 δς
3148 2441 3206 2492 τδ
3253 2438 3465 2509 θέλημα
3497 2439 3606 2492 τῶν

2035 2534 2386 2605 φοϐουμένων
2449 2534 2610 2587 αὐτὸν
2647 2537 2817 2588 ποιεῖν
2850 2535 3094 2600 λέγεται,
3145 2531 3238 2584 καὶ
3274 2530 3374 2600 τῆς
3425 2528 3605 2582 αὐτῶν

2033 2628 2268 2697 δεήσεως
2324 2626 2650 2691 ἐπακούειν,
2709 2627 2802 2679 καὶ
2864 2625 3126 2694 διηνεκῶς
3178 2625 3324 2693 ἡμᾶς
3371 2622 3608 2692 προτρέ-

364 2719 497 2770 ὅπου
533 2717 588 2769 δέ
617 2714 980 2783 συνεργοῦσαν
1017 2712 1196 2780 μόνον,
1245 2712 1378 2763 ὅπου
1428 2709 1496 2770 δὲ¹
1545 2707 1933 2779 συγχωροῦσαν
2036 2735 2195 2772 mm;
2243 2718 2335 2771 ἐπὶ
2375 2719 2435 2772 τδ
2490 2719 2691 2784 ζητεῖν,
2746 2717 3098 2770 Ἀπολέλυται
3157 2716 3266 2784 γὰρ
3309 2715 3607 2782 ὁμολογου-

364 2808 449 2860 ἐπ’
482 2807 734 2877 ὠφελείᾳ,
767 2808 900 2858 ὅπου
933 2803 987 2855 δέ
1017 2801 1522 2871 ἐγκαταλείπουσακ
1550 2801 1752 2852 τέλεον.
2039 2807 2213 2877 μένως
2240 2807 2422 2875 πάσης
2459 2807 2720 2876 ἀνάγκης,
2749 2810 2815 2876 ἢν
2841 2807 3000 2869 αὐτὸς
3027 2805 3252 2876 ἐνέθηκε
3281 2807 3396 2866 τοῖς
3438 2807 3606 2872 ποιή-

433 2899 496 2951 Εἰ
525 2899 580 2950 δέ
610 2915 752 2959 τινες
811 2897 916 2948 τῶν
963 2895 1160 2949 ἐνθέων
1209 2893 1530 2963 χωρίζοντες
1550 2892 1619 2944 τὰ
1662 2891 1745 2958 ἐφ’
1801 2891 1931 2959 ἡμῖν
2039 2915 2193 2966 μασι,
2231 2897 2321 2951 καί
2367 2898 2455 2950 διὰ
2505 2899 2664 2950 τοῦτο
2726 2899 2907 2950 πᾶσαν
2968 2897 3282 2966 ὡρισμένην
3325 2895 3382 2960 ἐξ
3437 2894 3606 2947 αὐτοῦ

365 2989 761 3086 προγινώσκειν
791 2989 1012 3086 λέγουσι
1060 2984 1455 3086 τὸνὶθεὸνᾏού
1500 2982 1826 3086 πρῗορίζξινῖ
1873 2979 1934 3086 ’ξδ
1961 3027 2002 3086 e
2035 2993 2148 3053 τοῖς
2216 2993 2462 3058 μερικοῖς
2534 2988 2726 3052 αἰτίοις
2801 2988 3046 3056 ἀνάγκην
3117 2988 3400 3058 μεταποιεῖ
3447 2987 3605 3056 θελή-

363 3081 764 3147 ἐπαναγκάζειν
799 3079 1074 3146 βούλονται
1117 3077 1318 3142 λέγειν.
1355 3075 1524 3126 Τοῦτο
1571 3074 1627 3126 δὲ
1659 3074 1751 3126 καὶ
1798 3074 1930 3142 ἡμῖν
1965 3074 2002 3086 “’
2039 3098 2134 3144 σας
2167 3082 2301 3150 πρὸς
2351 3083 2451 3148 τὴν
2497 3081 2775 3149 σωτηρίαν
2809 3079 2916 3130 τῶν
2953 3076 3196 3140 εὐσεϐῶς
3233 3077 3609 3145 καταφευγάν-

365 3173 601 3241 εἴρηται,
666 3172 747 3223 ὅτι
796 3170 853 3222 ἐν
905 3169 1017 3229 τοῖς
1071 3167 1284 3234 θελήσει
1319 3166 1562 3218 ποιοῦσιν
1591 3165 1743 3217 οὐδὲν
1774 3163 1931 3215 πλέον

364 3262 608 3329 ἀνάγκης
653 3258 848 3324 ἐπάγει
895 3257 956 3308 τὸ
990 3255 1397 3322 προοεγνῶσθαι
1466 3243 1559 3306 καὶ
1595 3250 1932 3321 προωρίσθαι

365 3353 542 3409 πάντα
576 3352 679 3405 ὑπὸ
701 3350 855 3416 Θεοῦ,
887 3350 920 3420 ἦ
944 3351 988 3400 εἰ
1017 3349 1154 3417 μετὰ
1182 3348 1243 3400 τὸ
1277 3346 1535 3415 πράττειν
1557 3343 1752 3404 αὐτοὺς
1783 3342 1933 3394 ἐλευ-

365 3447 557 3514 θέρως,
601 3441 716 3496 ἄττ’
739 3442 805 3494 ἂν
839 3441 1202 3510 προαιροῖντο,
1232 3439 1550 3506 ἐγίνωσκεν,
1576 3436 1657 3487 ὅτι
1685 3433 1809 3486 τάδε
1836 3433 1933 3484 πέ⁹

366 3551 607 3604 πρακται
640 3533 731 3584 ὑπ’
761 3533 960 3585 αὐτῶν.
1016 3531 1089 3582 Τὸ
1120 3530 1218 3598 μὲν
1249 3529 1355 3596 γάρ
1395 3523 1761 3594 γινώσκεσθαι
1793 3521 1933 3576 αὐτά

369 3645 497 3682 ποτε
528 3629 621 3680 καὶ
646 3625 706 3691 ἐξ
731 3624 908 3678 αὐτῶν
929 3625 1077 3676 ἐστιν
1105 3639 1118 3654 ·
1145 3623 1216 3685 ώς
1244 3623 1354 3690 γὰρ
1390 3619 1704 3688 ὑπάρχοντα
1730 3619 1820 3669 καὶ
1849 3632 1931 3682 γι-

367 3718 635 3770 νώσκεται
665 3731 679 3746 ο
726 3715 785 3766 τὸ
813 3715 868 3767 δέ
901 3712 1278 3784 προεγνῶσθαι
1318 3708 1569 3762 τοσοῦτον
1603 3707 1790 3778 χρόνον
1838 3705 1930 3758 τοῦ

369 3807 646 3877 περιόντος
675 3805 771 3874 τῆς
793 3804 938 3864 θείας
978 3804 1285 3872 ἐπιστήμης
1321 3801 1486 3854 ἐστίν.
1511 3797 1719 3854 Οὔκουν
1743 3814 1932 3849 συντε-

366 3898 449 3950 λεῖ
469 3897 647 3959 αὐτοῖς
673 3897 705 3965 ἢ
729 3895 1010 3963 ἐμποδίζει
1039 3895 1097 3947 τὸ
1122 3890 1518 3964 προεγνῶσθαι,
1542 3890 1644 3952 ἕως
1663 3889 1726 3941 ἂν
1746 3889 1820 3959 μὴ
1843 3887 1933 3940 καί

365 4006 447 4052 τις
483 3989 587 4055 ἐπῇ
619 3986 830 4053 ἀνάγκη
856 3985 919 4036 ἐκ
947 3981 1040 4035 τοῦ
1090 3980 1578 4053 προγινώσκοντος,
1625 3978 1764 4030 ὥστε
1814 3975 1932 4028 οὐδὲ

362 4076 425 4128 τὸ
462 4073 822 4145 προωρίσθαι.
877 4070 1128 4125 Συντελεῖ
1178 4071 1236 4122 δέ
1286 4068 1362 4136 τῷ
1423 4063 1818 4138 προγινώσκειν
1873 4067 1935 4118 τὸ

365 4166 773 4239 προωρισμένον
794 4164 1082 4232 γινώσκειν
1101 4177 1116 4195 ο
1154 4162 1418 4230 ἀορίστων
1445 4159 1554 4229 γὰρ
1583 4159 1682 4210 οὐκ
1713 4157 1778 4210 ἀν
1803 4173 1931 4210 ποτε

364 4260 566 4328 γίνοιτο
596 4257 796 4326 γνῶσις
820 4253 942 4324 Θεῷ
979 4255 1288 4324 πρέπουσα.
1308 4251 1521 4304 Οὐκοῦν
1550 4251 1630 4304 δεῖ
1671 4249 1769 4320 μὲν
1803 4248 1933 4319 ώρί-

2035 3188 2140 3226 των
2191 3173 2282 3222 καὶ
2341 3168 2619 3236 ἐπιμόνως
2693 3167 3202 3237 προσεδρευόντων,
3259 3169 3291 3237 ἢ
3347 3168 3482 3238 ὑπὲρ
3531 3161 3606 3219 ὧν

2036 3260 2403 3324 ἱκετεύουσιν,
2471 3254 2546 3312 ὧν
2615 3259 2869 3312 ἀπάντων
2923 3260 2956 3328 ή
3012 3258 3254 3328 σωτηρία
3311 3259 3408 3328 τῆς
3473 3259 3606 3326 περὶ

2035 3353 2228 3414 αὐτοὺς
2253 3353 2529 3421 προνοίας,
2553 3351 2650 3417 τῆς
2684 3350 2781 3404 καὶ
2812 3350 2898 3404 διά
2929 3349 3036 3404 τῶν
3069 3351 3244 3404 ἄλλων
3288 3351 3603 3418 κτισμάτων

2036 3445 2506 3513 ὐπουργουμένης,
2572 3443 2728 3505 τέλος
2781 3442 2946 3495 ἐστίν.
3004 3443 3143 3494 Οὐδὲ
3195 3443 3301 3509 γὰρ
3353 3441 3601 3509 διαφέρει

2033 3534 2185 3602 ἥλιον
2209 3533 2400 3598 στῆσαι
2433 3531 2694 3599 τρέχοντα
2723 3529 2949 3584 δικαίων
2985 3531 3191 3600 εὐχαῖς,
3237 3529 3271 3599 ἢ
3307 3533 3364 3583 ἐν
3397 3545 3601 3582 πανσε-

2034 3623 2178 3692 λήνῳ
2199 3622 2422 3690 ποιῆσαι
2458 3621 2618 3674 αὐτὸν
2644 3622 2911 3685 ἐκλιπεῖν,
2937 3621 2998 3674 τὸ
3035 3621 3489 3688 παραδοξότερον,
3509 3619 3604 3672 καὶ

2039 3710 2260 3780 μηδενὸς
2321 3709 2616 3778 εὐξαμένου
2681 3710 2840 3763 τοῦτό
2893 3727 2979 3776 γε,
3039 3709 3128 3762 ἵνα
3184 3727 3235 3763 τι
3263 3709 3609 3778 ἑκατέρωθεν-

2036 3801 2238 3868 ἀγαθὸν
2283 3800 2718 3869 καταπράξηται.
2786 3800 2875 3853 Ἐν
2902 3801 3146 3870 ἐκατέρῳ
3178 3801 3286 3870 γάρ
3333 3800 3438 3852 τῶν
3470 3799 3612 3853 θαυ-

2039 3892 2224 3960 μάτων
2256 3889 2355 3960 τὴν
2401 3890 2715 3960 ὡρισμένην
2770 3891 3018 3957 ἀνάγκην
3062 3892 3199 3960 ἦγχε
3228 3894 3291 3961 τῇ
3339 3891 3602 3944 ἀπολελυ-

2040 3985 2173 4053 μένη
2205 3982 2352 4054 [sic],
2390 3983 2484 4035 καὶ
2516 3983 2604 4034 τὸν
2631 3983 2962 4050 φονευθέντα
2999 3983 3066 4037 ἂν
3098 3985 3155 4034 ἐν
3191 3981 3345 4052 ῦπνῳ
3372 3982 3477 4034 ὑ·πὸ
3508 3982 3606 4053 λῃο

2039 4074 2576 4143 στῶνίέξαναστήσας
2606 4077 2703 4126 καὶ
2745 4073 2963 4143 κρύψας
2994 4090 3098 4126 που
3127 4072 3437 4142 ἀπήλλαξεν
3464 4073 3604 4124 ἐτοί-

2042 4185 2149 4238 μης
2176 4165 2343 4232 οὔσης
2365 4167 2462 4235 τῆς
2493 4166 2800 4235 συμφορᾶς,
2833 4167 2920 4218 ἵνα
2947 4185 2998 4220 τι
3048 4166 3176 4234 περὶ
3201 4165 3363 4219 αὐτὸν
3393 4164 3610 4235 βέλτιον

2036 4260 2070 4330 ἢ
2102 4259 2228 4330 περί
2259 4258 2450 4321 ἀλλους
2503 4260 2570 4328 τῇ
2617 4258 2908 4330 προσθήκῃ
2960 4257 3053 4312 τοῦ
3080 4257 3198 4327 βίου
3246 4255 3614 4325 οἰκονομηθῇ..

365 4349 488 4444 ςβαι
515 4347 580 4444 fa
613 4342 1217 4444 vwwcffpevaﬁﬁléc
1263 4358 1320 4394 τε
1346 4341 1435 4444 KG}
1471 4341 1810 4444 ὡρισμένξυςί
1844 4339 1936 4444 θεῖ
1957 4383 2012 4444 D
2051 4349 2210 4404 Ἀλλὰ
2253 4350 2346 4402 καὶ
2396 4350 2528 4419 εὐχῇ
2569 4348 2881 4417 ἀπήλλαξεν
2934 4349 3123 4417 ὁμοίου
3186 4346 3358 4400 κακοῦ
3413 4347 3614 4416 ἐτερονι

362 4437 420 4490 δέ
443 4439 540 4490 καὶ
577 4435 920 4507 προωρίσθω
963 4435 1033 4488 τὰ
1064 4431 1514 4510 προεγνωσμέναο
1573 4433 1669 4484 καὶ
1701 4430 1932 4500 ὡρίσθαι
1957 4430 2007 4444 "
2040 4441 2216 4494 ἰδόντα
2245 4439 2397 4492 ἐπιὸν
2422 4439 2664 4505 ἄφυκτον
2693 4437 2753 4489 τὸ
2779 4438 2973 4502 δεινὸν,
2999 4438 3094 4490 καὶ
3127 4438 3341 4490 ἐπὶ-τὸν
3371 4437 3610 4504 δυνάμε--

364 4547 427 4599 γε
459 4530 560 4583 οὐκ
582 4528 805 4582 ἀλλοθεν
834 4527 867 4597 ἢ
900 4526 992 4579 ὑπ’
1027 4525 1215 4591 αὐτοῦ,
1251 4522 1474 4592 ποιητοῦ
1518 4520 1736 4575 πάντων
1783 4521 1933 4584 δντος

365 4621 458 4674 καὶ
487 4619 673 4682 τέλους
703 4619 955 4688 ἐσχάτου.
983 4616 1172 4687 Ταύτῃ
1201 4616 1308 4684 γὰρ
1331 4613 1390 4678 ἐξ
1414 4611 1580 4666 αὐτοῦ
1608 4611 1702 4666 καὶ
1727 4613 1806 4674 εἰς
1836 4609 1934 4663 αὐ-

361 4711 454 4764 τὸν
484 4706 625 4764 εῐναι
646 4709 865 4776 λέγεται
899 4709 1078 4762 πάντα
1119 4706 1194 4768 ώς
1222 4705 1388 4758 αὐτοῦ
1421 4721 1498 4773 ,γε
1553 4703 1703 4766 ὄντος
1747 4703 1841 4756 τοῦ
1874 4719 1934 4756 τε

363 4801 644 4864 τάττοντος
686 4801 915 4865 ἐκαστα,
950 4798 1044 4852 καὶ
1088 4799 1166 4861 εἰς
1197 4796 1256 4850 ὃν
1290 4794 1463 4848 πάντα
1506 4793 1750 4863 ἐσχάτως
1802 4792 1931 4847 τάτ-

364 4907 567 4954 τονται,
602 4889 894 4944 κάντεῦθεν
917 4887 1228 4941 ἀκολουθεῖν
1249 4886 1311 4939 τὸ
1337 4885 1430 4939 καὶ
1479 4885 1558 4948 εἰς
1587 4883 1652 4937 τὰ
1691 4884 1931 4953 προσεχῆ

364 4981 542 5034 αὐτῶν
570 4981 698 5051 τέλη
723 4981 929 5034 ἕκαστα
963 4980 1055 5032 ὐπ’
1076 4979 1237 5032 αὐτοῦ
1270 4977 1576 5032 τάττεσθαι.

439 5071 551 5123 Οὐκ
579 5065 671 5124 οὖν
708 5069 814 5122 οὐδ’
851 5071 1044 5121 ἐκεῖνοι
1074 5069 1163 5121 τὸν
1203 5069 1346 5120 θεῖον
1384 5065 1717 5136 προορισμδν
1752 5067 1846 5118 καὶ
1876 5066 1934 5118 ἐν

366 5165 474 5226 τοῖς
499 5164 580 5232 ἐφ’
607 5163 739 5232 ήμίν
767 5159 1054 5226 ἀγνοοῦσιν
1088 5158 1162 5221 ὡς
1205 5158 1379 5228 μόνων
1425 5157 1534 5211 τῶν
1577 5156 1933 5226 ἀνθρωπίνων

367 5253 658 5322 ἐνεργειῶν
686 5251 718 5319 ἦ
743 5251 816 5320 τῷ
848 5251 1058 5320 χείρους
1086 5245 1224 5303 εἷναι
1253 5251 1356 5303 τῶν
1381 5251 1555 5305 ἄλλων
1601 5251 1698 5320 οὐχ
1752 5249 1934 5318 ὁριζοο.

370 5347 564 5415 μένων,
593 5345 623 5413 ἢ
656 5343 729 5412 τῷ
759 5344 895 5396 πάνυ
925 5342 1160 5411 βελτίους
1189 5337 1346 5405 εἶναι,
1382 5341 1516 5413 μηδέ
1550 5344 1614 5412 τῇ
1645 5339 1766 5410 θείᾳ⁸
1793 5339 1933 5409 γνώο

367 5453 447 5489 σει
479 5435 1048 5504 περιλαμϐανομένων.
1088 5434 1321 5485 Ἤκουον
1345 5433 1452 5501 γάρ
1489 5450 1592 5485 που
1633 5432 1726 5484 τοῦ
1751 5432 1930 5499 λογίου

365 5527 695 5596 κεκληκέναι
727 5526 816 5579 τὸν
837 5526 989 5588 Θεὸν,
1047 5524 1139 5587 οὓς
1179 5524 1431 5593 προέγνω
1461 5526 1554 5576 καὶ
1609 5522 1883 5593 προώρισε
1917 5539 1928 5552 ·

365 5614 508 5673 οὗτοι
532 5617 586 5670 δέ
613 5614 752 5687 ἦσαν
775 5619 820 5670 οί
851 5619 948 5670 ὅσα
974 5614 1040 5687 ἦν
1071 5617 1157 5670 ἐπ’
1188 5616 1652 5699 αὐτοῖςθεοφιλῶς
1690 5633 1932 5686 προῃρη-

1765 5857 1788 5903 Ι

2035 4549 2124 4586 νον
2148 4529 2346 4594 σώζειν
2379 4529 2779 4598 καταφυγόντα.
2821 4527 3010 4582 Ἔστιν
3032 4529 3121 4580 ὅτε
3145 4527 3283 4596 μετὰ
3307 4525 3399 4578 τοῦ
3433 4526 3609 4579 σῶσαι

2021 4623 2130 4676 καὶ
2159 4619 2355 4682 αὐτοὺς
2390 4617 2900 4689 μεταϐεϐλημένους
2942 4617 3070 4680 τοὺς
3120 4617 3328 4670 κτεῖναι
3357 4629 3600 4687 προῃρη-

2039 4713 2254 4783 μένους,
2285 4709 2381 4764 καί.
2419 4707 2778 4777 φονευθέντας
2804 4709 2900 4778 μὲν
2931 4708 2998 4762 ἀν
3027 4708 3134 4762 ὑπὸ
3163 4706 3274 4759 τῶν
3300 4705 3606 4775 τυράννων,

2034 4803 2161 4866 τοὺς
2185 4801 2346 4872 μέχρι
2375 4799 2608 4854 θανάτου
2641 4798 2782 4869 ὑπὲρ
2812 4802 2912 4870 τῆς
2960 4798 3198 4859 πίστεως
3229 4796 3602 4864 ἀπολογουμέ-

2034 4909 2158 4955 νους
2210 4889 2495 4960 διεφύλαξε
2547 4887 2646 4942 καὶ
2711 4888 2788 4958 μὴ
2819 4887 3135 4956 δεηθέντας,
3179 4885 3602 4956 οίβυθιςόμενοι

2035 4985 2135 5038 οὐκ
2167 4983 2558 5051 ἀπεπνίγοντο,
2578 4983 2672 5035 καὶ
2696 4982 3109 5051 ἐμπιπράμενοι
3132 4980 3193 5040 οὐ
3229 4977 3602 5040 κατεκαίοντο,

2034 5077 2129 5131 καὶ
2176 5075 2381 5146 θηρίων
2435 5076 2822 5144 ἐπαφιεμένων
2873 5073 2996 5128 οὐτε
3045 5073 3377 5127 ἐϐλάπτοντο
3400 5067 3600 5136 ὁτιοῦν,

2036 5169 2127 5220 καὶ
2177 5165 2441 5236 ἐτιμῶντο
2487 5169 2561 5230 ὡς
2594 5169 2659 5222 ἂν
2703 5165 2817 5239 εἶχε
2849 5169 3014 5238 τιμᾷν
3040 5167 3108 5220 τὰ
3141 5165 3326 5234 θηρία,
3387 5162 3479 5217 καὶ
3512 5162 3607 5232 δη-

2034 5258 2452 5331 λητηριούμενοι
2504 5260 2606 5314 οὐκ
2651 5245 3017 5329 ἀπέθνησκον.
3042 5257 3346 5330 Δεηθέντας
3373 5257 3429 5310 δέ
3474 5271 3606 5308 ποτε

2035 5353 2225 5414 ἄλλους
2269 5352 2407 5421 μετὰ
2433 5355 2532 5420 τὴν
2563 5353 2872 5424 παρρησίαν
2902 5354 2995 5406 καὶ
3014 5351 3205 5415 ἄθλους
3231 5349 3455 5410 πολλοὺς
3477 5348 3607 5400 ἀπο-

2034 5441 2406 5512 δεδειγμένους
2442 5441 2538 5497 σὺν
2568 5443 2761 5516 εἰρήνῃ
2794 5443 2957 5515 ἐξῆγε
2996 5443 3089 5496 τοῦ
3125 5442 3260 5512 βίου,
3287 5439 3380 5493 καὶ
3437 5435 3606 5507 χωρίς

2034 5551 2176 5596 τινος
2210 5533 2390 5596 αἰτίας
2430 5535 2665 5602 φυσικῆς
2713 5535 2822 5588 τῶν
2855 5536 2921 5590 τά
2945 5534 3167 5590 τοιαῦτα
3220 5531 3348 5600 τέλη
3379 5531 3436 5582 ἐν
3484 5528 3599 5588 τοῖς

2034 5624 2341 5693 ἀνθρώποις
2371 5625 2394 5678 ἐ
2403 5625 2571 5692 ργαζο
2579 5625 2775 5691 μένων.
3295 5619 3298 5622 Α
