4152 6280
586 226 730 291 11Ξ3

1694 230 2075 295 GENNADII
2115 229 2221 295 ΟΡ.
2267 231 2404 292 PAT
2418 230 2776 293 RIARCILE

3710 233 3859 299 1124

671 337 791 407 Ἐφ’
819 332 895 394 ὧν
923 341 1177 397 ἁπάντων
1209 342 1269 396 τὸ
1294 342 1616 410 ὡρισμένως
1650 345 1708 396 ἐν
1729 346 1841 406 τοῖς
1867 344 2163 411 κτίσμασιν
2192 381 2230 432 Λ
2268 342 2651 411 καταλάμπειν
2697 343 2832 413 πρὸς
2883 344 2983 411 τὴν
3033 339 3253 412 εὕρεσιν
3302 341 3394 396 τοῦ
3448 343 3853 413 συμφέροντος,

586 433 887 499 ἀναγκαῖον
910 434 1153 487 αίτιατδν
1181 433 1242 486 δν
1279 433 1372 486 καὶ
1414 435 1636 487 κτιστδν
1672 433 1881 504 μείζονι
1912 436 1977 503 τῇ
2005 433 2161 503 ἀῖδίῳ

586 526 800 596 ἀνάγκῃ
837 528 1229 592 μεταποιεῖται.
1274 525 1339 579 Ἣ
1363 527 1462 595 μὲν
1496 526 1604 596 γάρ
1625 528 1684 580 ἐν
1714 529 1826 589 τοῖς
1856 528 2161 595 ποιήμασιν

589 619 799 686 ἀνάγκη
826 618 916 670 διά
945 617 1005 669 τὸ
1024 618 1249 685 θελῆσαι
1271 619 1362 672 τὸν
1393 620 1530 673 Θεδν
1561 619 1736 682 οὕτως
1768 621 1886 671 ἐστὶ
1908 620 2003 672 καὶ
2033 619 2161 672 ἐκά-

592 724 701 776 στῳ
734 708 956 775 θελῆσαι
982 711 1041 762 τὺ
1070 708 1344 778 βέλτιστον
1376 713 1440 779 τῇ
1486 711 1655 764 αὑτοῦ
1692 709 1853 778 φύσει
1874 753 1889 776 ,
1925 712 2021 763 καὶ
2047 710 2162 772 τοῖς

590 801 770 863 ἄλλοις
816 802 916 854 ὅσα
970 802 1142 856 δεῖταί
1170 821 1221 855 τι
1287 802 1468 856 αὐτῶν
1529 806 1664 873 πρὸς
1703 803 1765 854 τὸ
1792 798 1956 857 εἶναι.
2005 802 2079 854 Τὸ
2105 801 2161 855 δέ

589 892 780 955 ἅπλῶς
814 891 1093 961 βέλτιστον
1138 893 1197 945 ἐν
1225 895 1291 961 τῇ
1328 892 1548 960 θελήσει
1600 890 1694 944 τοῦ
1725 891 1861 944 Θεοῦ
1887 892 2160 960 κείμενον,

589 982 822 1052 ὥρισται
861 982 959 1051 μὲν
1020 981 1112 1035 καὶ
1142 982 1273 1035 αὐτὸ
1297 984 1412 1034 ἐκεῖ
1454 982 1541 1033 ἀεὶ
1572 984 1667 1033 καὶ
1706 980 1965 1034 ἑκάστοτε
1995 978 2073 1047 τῷ
2102 996 2163 1033 τι

593 1074 671 1144 μὴ
697 1074 764 1128 ἄν
789 1089 922 1127 ποτε
955 1072 1181 1142 θελῆσαί
1230 1089 1282 1125 τι
1313 1073 1404 1124 τὸν
1434 1072 1568 1123 Θεὸν
1604 1071 1758 1141 παρά
1790 1073 1890 1141 τὴν
1913 1070 2163 1140 ὡρισμέ-

589 1182 690 1234 νην
720 1167 780 1217 ἐν
804 1166 917 1226 τοῖς
947 1165 1215 1231 ποιήμασι
1241 1163 1416 1227 τάξιν,
1448 1162 1477 1215 δ
1503 1163 1577 1231 μὴ
1604 1162 1672 1216 ἂν
1703 1164 1788 1230 εῖη
1819 1163 2010 1223 ἁπλῶς
2043 1161 2165 1231 βέλ-

590 1271 797 1321 τιστον,
851 1256 940 1323 ὑφ’
968 1253 997 1306 δ
1045 1253 1108 1307 τὸ
1155 1254 1212 1305 ἐν
1242 1254 1427 1316 αὐτοῖς
1452 1254 1656 1320 ἀγαθὸν
1683 1254 1965 1318 τέτακται,
2001 1253 2081 1322 τῷ
2104 1269 2163 1305 τε

589 1346 883 1414 τυγχάνειν
915 1344 1238 1412 ὡρισμένως
1269 1344 1680 1412 προεγνωκότα,
1711 1344 1794 1396 ὅτι
1828 1342 1979 1415 οὕτω
2009 1343 2165 1411 ποιή-

592 1452 697 1491 σει.
730 1435 874 1505 Πρὸς
895 1434 952 1486 δέ
981 1433 1079 1503 τὴν
1113 1433 1589 1502 ἐγκαθιδρυμένην
1624 1436 1737 1495 τοῖς
1767 1434 2038 1501 ποιήμασι
2070 1431 2167 1486 καὶ

510 1544 518 1551 °
590 1529 705 1590 τοῖς
736 1525 942 1587 δούλοις
973 1525 1221 1592 ἀνάγκην
1266 1524 1518 1592 ἀόριστόν
1548 1525 1665 1577 ἐστι
1700 1523 2060 1576 καῖ’άπολελυ
2073 1522 2163 1587 μέ-

590 1633 682 1672 νον
707 1634 720 1649 ·
746 1617 869 1670 ούδὶ
896 1616 1311 1684 συμπέπλεκται
1338 1634 1403 1685 γε
1428 1618 1495 1685 τῇ
1526 1616 1634 1667 τῶν
1654 1616 1826 1669 ὄντων
1846 1616 2161 1686 ἀκολουθία,

2263 434 2465 485 ὁπόταν
2491 433 2565 501 μὴ
2601 435 2744 486 πάνυ
2775 434 2953 503 σαφὴς
3058 433 3244 487 Ταῦτα
3271 433 3329 485 δέ
3356 434 3452 487 καὶ
3475 436 3643 503 χωρὶς
3665 434 3858 504 εὐχῶν

2267 525 2409 576 πάνυ
2447 527 2593 576 ποιεῖ
2623 526 2680 576 ἐν
2716 526 2829 586 τοῖς
2862 523 3032 589 ἀξίοις
3056 526 3150 577 καὶ
3186 524 3262 594 μὴ
3297 525 3614 594 εὐχομένοις
3639 526 3852 594 ωγχάε

2262 632 2394 669 νειν.
2448 617 2658 685 Ὠσπερ
2693 615 2787 669 οὖν
2813 617 3000 669 *πολλοὶ⁸
3034 617 3341 685 εὐχόμενοι,
3381 618 3484 668 οὐκ
3513 615 3642 686 ἀξία
3665 634 3861 687 παρα-

2267 711 2457 775 σκευῇ,
2492 708 2525 776 ἢ
2562 708 2758 777 ἀγνοίᾳ
2805 707 2901 760 τοῦ
2931 706 3239 776 ὠφελίμου,
3270 707 3320 759 οί
3382 706 3485 775 μέν
3510 709 3577 777 τῇ
3610 707 3720 776 6δῷ
3750 708 3857 777 τῆς

2263 797 2441 850 αὐτῶν
2478 796 2676 866 βουλῆς
2708 797 3134 853 καταλείπονται
3184 798 3280 850 καὶ
3329 798 3429 866 τῆς
3486 796 3728 866 φύσεως,
3762 798 3857 850 ἐπ’

2265 888 2503 959 ὠφελείᾳ
2525 890 2697 959 δήπου
2720 890 2829 942 τινὶ
2861 889 3043 942 αὐτῶν
3070 892 3102 960 ἢ
3130 890 3356 957 ἐτέρων,
3391 892 3439 942 εί
3473 894 3569 944 καὶ
3596 891 3779 945 κακόν
3804 909 3859 943 τι

2265 982 2499 1050 πάσχειν
2522 981 2776 1035 δοκοῦσιν
2800 998 2816 1014 ·
2841 982 2891 1034 οῖ
2923 981 2980 1034 δέ
3006 983 3105 1051 οὐχ
3131 981 3159 1034 δ
3189 981 3471 1052 ζητοῦσιν,
3504 983 3668 1041 ἀλλ’,ὅ
3694 1001 3861 1053 σφισι

2264 1073 2541 1141 συμφέρει
2572 1071 2971 1140 λαμϐάνουσιν.
3008 1072 3121 1140 Τῆς
3158 1073 3266 1141 γάρ
3294 1072 3465 1141 αὐτῆς
3494 1072 3586 1126 τοῦ
3624 1075 3860 1143 εὐμενεο

2267 1164 2465 1216 στάτου
2497 1163 2705 1227 πατρὸς
2737 1164 2996 1232 προνοίας
3045 1163 3114 1215 ἂν
3146 1163 3254 1231 εῖη,
3294 1164 3449 1232 ίχθύν
3498 1181 3561 1217 τε
3605 1165 3862 1217 αίτοῦντι

2270 1255 2346 1323 μὴ
2398 1252 2712 1316 ἐπιδιδύναι,
2764 1254 2952 1323 φησὶν,
2989 1251 3134 1319 ὅφιν,
3183 1254 3279 1305 καὶ
3312 1254 3466 1323 ίχθὺν
3518 1254 3856 1307 ἀνανεύοντι

2267 1343 2667 1413 ἐξηπατημένῳ
2723 1342 2992 1412 παρέχειν
3025 1344 3207 1412 ίχθίδν,
3242 1346 3341 1398 οὒκ
3372 1345 3516 1414 ὅφιν,
3548 1348 3602 1399 εί
3635 1364 3719 1409 τις
3744 1346 3861 1399 τῶν

2268 1436 2489 1503 ἀγαθῶν
2517 1439 2611 1488 τοῦ
2651 1436 2860 1505 πατρδς
2896 1436 3149 1505 δομάτων
3195 1437 3345 1503 ἄξιος
3372 1439 3481 1508 εἴη,
3512 1439 3687 1493 τᾶλλα
3719 1440 3860 1501 παῖς

2267 1528 2472 1595 ἀγαθὸς
2503 1527 2600 1581 ὥν.

2346 1621 2489 1672 ’0δέ
2524 1619 2708 1688 μεῖζον
2737 1622 2817 1685 είς
2852 1622 3080 1689 ἔνδειξιν
3127 1623 3228 1693 τῆς
3259 1625 3389 1693 περὶ
3424 1624 3573 1695 ἡμᾶς
3628 1623 3859 1693 ἀγαθῆς

592 1708 726 1762 ἀλλά
755 1710 850 1774 τῆς
884 1707 1261 1775 ἁπλουστάτης
1315 1706 1411 1759 καὶ
1464 1705 1755 1775 ἐλευθέρας
1792 1706 2026 1775 ἢρτηται
2071 1707 2164 1760 τοῦ
2202 1723 2242 1777 Β
2268 1710 2362 1763 τοῦ
2397 1709 2533 1763 Θεοῦ
2566 1715 2844 1781 προνοίας,
2898 1716 2981 1768 δτι
3022 1721 3115 1771 καὶ
3144 1717 3281 1786 πρὸς
3326 1718 3387 1769 τὺ
3446 1716 3713 1781 εὔξασθαί
3751 1733 3862 1768 που

593 1800 740 1853 θείου
776 1800 1068 1867 θελήσεως,
1168 1800 1331 1863 νόμος
1375 1797 1555 1859 οὐδείς
1583 1797 1750 1862 ἐστιν,
1783 1795 1897 1850 οὐδ’
1925 1797 2162 1864 ἀνάγκη,

593 1890 735 1960 πλὴν
766 1888 987 1957 ἐαυτῆς.
1020 1889 1097 1941 Οὐ
1132 1889 1243 1957 γάρ
1274 1886 1499 1940 δύναταί
1522 1902 1653 1940 ποτε
1681 1888 1731 1939 εί
1768 1887 1844 1957 μὴ
1867 1885 1959 1940 τοῦ
1994 1887 2166 1956 βελτί-

594 1998 720 2036 στου
753 1976 917 2046 εἴναι,
955 1977 1338 2049 ἢὼρισμένως
1373 1979 1405 2048 ἦ
1441 1977 1883 2047 άπολελυμένως.
1941 1980 2053 2033 Kal
2090 1980 2166 2042 ὡς

594 2071 673 2140 μὴ
704 2070 833 2123 ὂντα
858 2071 1124 2139 πρότερον
1158 2068 1332 2121 ἐποίει
1365 2067 1434 2120 τά
1459 2068 1517 2120 ἐν
1544 2066 1620 2137 τῷ
1651 2068 1864 2137 κόσμῳ,
1900 2070 1961 2120 οὐ
1990 2068 2166 2138 δήπου

590 2163 690 2234 τὴν
720 2164 777 2216 ἐν
805 2165 917 2226 τοῖς
948 2161 1246 2231 κτίσμασιν
1283 2160 1599 2230 ὡρισμένην
1647 2160 1777 2229 παρ’
1826 2159 1992 2212 αὐτοῦ
2028 2177 2165 2229 συμο

591 2254 938 2325 προϐιϐάζων
963 2254 1230 2323 ἀνάγκην,
1266 2251 1420 2304 οῦπω
1466 2252 1575 2320 γὰρ
1606 2247 1675 2320 ἦν
1695 2267 1710 2280 ⁸
1740 2250 1884 2304 οὕτω
1914 2252 2005 2303 καὶ
2034 2251 2163 2304 ὂντα

594 2344 989 2416 μετασκευάζει
1045 2343 1264 2397 ἐπειδὰν
1292 2343 1549 2413 τβουληθῇ
1596 2342 2025 2412 ὁλοσχερεστάτῃ
2074 2342 2167 2393 καὶ

589 2440 786 2508 ἀρίστῃ
827 2433 1073 2499 διατάξει
1117 2435 1395 2503 προνοίας,
1436 2436 1530 2488 καὶ
1558 2434 1619 2485 τὸ
1660 2433 1845 2501 μεῖζον
1872 2431 1905 2501 ἢ
1932 2441 2167 2485 κοινότε-

592 2544 688 2598 ρον
723 2525 928 2593 ἀγαθὸν
956 2524 1410 2597 διαπραττομένῃ
1468 2524 1607 2595 μετά
1636 2523 1730 2577 τοῦ
1766 2526 1905 2594 μήτε
1935 2523 2002 2577 τὰ
2033 2523 2168 2577 ἄλλα

588 2619 865 2685 ἀναιρεῖνε
1052 2668 1055 2671 ,

661 2710 846 2762 Ταῦτα
875 2709 931 2763 δέ
960 2709 1179 2780 συνᾴδει
1216 2707 1401 2768 καλῶς
1454 2709 1571 2770 τοῖς
1622 2706 1682 2770 ἐξ
1729 2706 1899 2777 ἀρχῆς
1946 2706 2169 2776 εἰρημέ-

590 2818 725 2865 νοις,
756 2802 815 2854 ἐν
847 2795 928 2863 οἷς
954 2802 1069 2853 ἐστι
1096 2802 1194 2856 καὶ
1219 2801 1282 2852 τὸ
1299 2800 1393 2851 τὸν
1427 2798 1563 2851 Θεὸν
1597 2800 1670 2866 μὴ
1712 2798 2069 2869 πεποιηκέναι
2101 2798 2168 2851 τὰ

589 2891 721 2944 ϐντα
763 2890 840 2960 τῷ
871 2896 1199 2960 πεφυκέναι,
1233 2890 1367 2943 ἀλλά
1396 2888 1474 2958 τῷ
1514 2889 1822 2956 βούλεσθαι.
1850 2884 1913 2941 Et
1944 2887 2008 2958 δὴ
2040 2889 2169 2959 περὶ

589 2985 657 3037 τά
678 2983 949 3051 κεφάλαια
977 2982 1071 3036 τοῦ
1099 2982 1445 3052 ἀνθρωπίνου
1479 2979 1594 3050 βίου
1635 2980 1694 3032 τὸ
1720 2980 1829 3031 τῶν
1860 2981 2035 3049 εὐχῶν
2067 2980 2168 3033 οὐκ

590 3076 894 3143 ἀναιρεῖται
944 3074 1292 3142 δραστήριον,
1348 3071 1528 3141 πολλῷ
1581 3070 1781 3139 μᾶλλον
1813 3072 1870 3123 ἐν
1899 3070 2168 3124 διαθέσεσι
2194 3054 2238 3114 c

590 3168 686 3221 καὶ
744 3164 897 3229 ὕλαις
928 3167 1026 3219 καί⁵
1059 3165 1284 3234 τρόποις
1337 3164 1431 3217 καὶ
1476 3164 1687 3229 τόποις,
1717 3164 1811 3215 καὶ
1856 3163 1955 3216 ὅσα
1983 3162 2169 3225 ἁπλῶς

590 3259 708 3321 ταῖς
758 3256 1131 3324 ἀνθρωπίναις
1160 3252 1426 3323 πράξεσιν
1455 3253 1487 3323 ἢ
1530 3256 1636 3316 τοῖς
1682 3252 1877 3308 πάθεσι
1905 3254 2166 3306 σύνεισιν.

591 3344 730 3398 ωὐτε
763 3345 871 3415 γάρ
902 3344 1187 3415 ὡρισμένα
1223 3346 1288 3397 ἐκ
1317 3344 1529 3397 τούτων
1553 3347 1669 3406 τοῖς
1699 3343 2010 3415 ἀνθρώποις
2037 3343 2168 3395 ἀκο-

589 3435 796 3502 λουθεῖ,
842 3435 968 3489 οὔτε
1016 3436 1097 3489 ἐν).
1151 3435 1341 3506 τρόπῳ
1383 3435 1562 3488 πάντα
1598 3437 1731 3489 πᾶσι
1774 3434 2164 3504 συμπλέκεται.

604 3529 745 3582 Ἀλλ’
773 3528 1047 3599 ἐνδέχεται
1100 3528 1202 3598 μὲν
1249 3528 1312 3579 ἐκ
1362 3526 1472 3587 τῶν
1504 3526 1643 3580 αύτιῖ
1673 3556 1686 3570 ~
1722 3528 1858 3595 πρὸς
1910 3526 2170 3580 τάναντία

592 3621 863 3672 κινεῖσθαι
912 3620 1013 3683 τάς
1076 3617 1427 3687 ἀνθρωπίνας
1483 3620 1745 3689 αἱρέσεις,
1780 3620 1872 3671 καὶ
1914 3619 1976 3673 οὐ
2008 3621 2170 3687 μόνον

593 3711 858 3765 πλειόνων
890 3710 1219 3779 ἀνθρώπων,
1255 3709 1392 3762 ἀλλὰ
1444 3712 1540 3763 καὶ
1582 3708 1689 3762 τῶν
1722 3710 1901 3762 αὐτῶν
1935 3712 1993 3761 ὲν
2024 3708 2169 3779 ἄλλῳ

592 3805 688 3858 καί
718 3804 863 3874 ἄλλῳ
894 3804 1094 3873 χρόνῳ,
1134 3801 1212 3864 ὡς
1240 3802 1296 3854 δέ
1328 3802 1421 3854 καὶ
1451 3802 1516 3855 ἐκ
1548 3802 1657 3855 τῶν
1703 3801 1959 3854 ἐναντίων
1989 3800 2022 3869 ἢ
2057 3801 2169 3854 δια-

592 3895 776 3965 φόρων
810 3896 1087 3964 ἐνδέχεται
1110 3894 1247 3964 πρὸς
1277 3894 1338 3946 τὸ
1369 3895 1437 3945 τὰ
1471 3894 1612 3947 αὐτὰ
1655 3894 1953 3963 αἱρεῖσθαι,
1979 3894 2167 3960 ἐνάγε-

593 3986 741 4041 σθαι.
794 3986 906 4040 Καὶ
958 3985 1533 4055 ἐμπεριλαμϐάνονται
1594 3985 1693 4053 μὲν
1728 3988 1793 4054 τῇ
1827 3985 2068 4050 διατάξει
2102 3987 2168 4055 τῇ

592 4076 745 4146 θείῳ
772 4076 875 4128 οὐκ
901 4074 1304 4142 ἐκπληροῦνται
1345 4074 1390 4127 δ’
1423 4075 1511 4127 ἀεὶ
1544 4075 1720 4126 πάντα
1768 4074 2037 4147 ίδιαιτάτῃ
2071 4075 2170 4142 τῆς

593 4165 744 4225 θείας
794 4164 1015 4234 χάριτος
1059 4163 1430 4232 ἐκπληρώσει,
1479 4162 1668 4231 ὥσπερ
1710 4164 1775 4215 τά
1809 4164 1937 4232 τέλη
1967 4166 2166 4230 αὐτῶν,

591 4254 710 4316 ἀλλ’
743 4255 820 4316 ὡς
849 4252 1245 4322 προηγούμενα
1281 4257 1444 4322 μόνον
1483 4252 1516 4324 ἢ
1567 4253 2037 4308 ἐπακολουθοῦντα
2070 4257 2168 4308 αὺ-

592 4347 706 4408 τοῖς
737 4341 972 4397 ἐνώπιόν
1007 4344 1113 4397 είσι
1163 4345 1274 4397 τῶν
1320 4344 1616 4414 ὀφθαλμῶν
1642 4343 1733 4397 τοῦ
1765 4344 1924 4410 Θεοῦ,
1954 4347 2048 4398 καὶ
2093 4345 2169 4408 ὡς

593 4437 661 4492 δι’
714 4436 896 4491 αὐτῶν
933 4436 1169 4490 ἐκάστου
1201 4435 1492 4507 ἀνθρώπου
1527 4438 1619 4490 ἐπὶ
1668 4439 1737 4490 τὰ
1772 4437 2045 4504 κεφάλαια
2075 4436 2170 4490 τοῦ

599 4531 732 4585 ίδίου
762 4530 877 4600 βίου
912 4529 1502 4599 παρασκευαζομένου.
1542 4529 1623 4599 Τῇ
1663 4529 1720 4581 δὲ
1755 4529 1905 4594 τάξει
1938 4530 2046 4581 τῶν
2078 4546 2171 4597 με-

599 4622 769 4692 ρικῶν
799 4619 994 4674 αἰτίων
1030 4619 1279 4689 ἀφίενται
1299 4619 1373 4683 ὡς
1400 4620 1609 4673 ἐπίπαν
1631 4622 1729 4673 καὶ
1752 4624 1818 4691 τῇ
1850 4622 2171 4691 ἀνθρωπίνῃ

597 4712 785 4783 βουλῇ.

678 4803 769 4859 Ἐν
800 4803 1009 4868 τούτοις
1048 4798 1157 4856 οὖν
1192 4805 1285 4857 καὶ
1337 4804 1577 4873 μάλιστα
1606 4806 1715 4858 τῶν
1763 4806 1940 4875 εὐχῶν
1974 4808 2002 4858 ὁ
2038 4805 2172 4867 Θεὸς

595 4896 883 4953 ἐπακούων
911 4899 988 4969 τῷ
1024 4901 1145 4962 ταῖς
1198 4899 1569 4967 ἀνθρωπίναις
1600 4898 1909 4960 ἀσθενείαις
1948 4901 2170 4968 συντρέ-

598 5009 712 5062 χειν
774 4992 873 5063 τὴν
918 4993 1028 5046 τῶν
1081 4992 1323 5062 μερικῶν
1360 4991 1622 5044 τοιούτων
1672 4970 1916 5057 διάταξιν
1949 4994 2085 5061 πρὸς
2110 4993 2171 5045 τὸ

598 5080 880 5151 συμφέρον
924 5082 1184 5144 πολλάκις
1242 5081 1546 5152 μεταποιεῖ,
1601 5083 1740 5149 μετά
1791 5082 1886 5134 τοῦ
1937 5084 2032 5137 καὶ
2072 5085 2171 5148 τὰς

599 5172 847 5243 θελήσεις
880 5173 989 5227 τῶν
1038 5172 1343 5243 ἀνθρώπων
1393 5172 1511 5225 ἐσθ’
1541 5175 1629 5227 ὅτε
1689 5175 1987 5246 προσάγειν
2021 5177 2171 5245 αὐτῷ

596 5264 696 5326 τὰς
734 5264 947 5319 οῖκοθεν
992 5267 1339 5335 κινουμένας.
1409 5266 1749 5336 ’ἱκετεύομεν
1781 5268 1838 5320 δὲ
1894 5269 1986 5321 καὶ
2032 5270 2169 5339 ὑπὲρ

487 5368 498 5380 ·
598 5353 802 5422 ἀμφοῖν
830 5351 1035 5406 τούτων
1072 5355 1121 5405 οί
1157 5353 1433 5423 ἄνθρωποι
1458 5373 1471 5387 ·
1501 5357 1596 5408 καὶ
1629 5356 1727 5425 οὐχ
1758 5351 1871 5410 οἷόν
1896 5358 1945 5408 τ’
1979 5352 2049 5428 ἦν
2078 5360 2172 5410 τὶν

600 5442 949 5513 ύπεράγαθον
975 5446 1085 5507 τοῖς
1106 5443 1166 5497 τὸ
1199 5446 1478 5515 συμφέρον
1504 5446 1718 5501 αἰτοῦσι
1750 5451 1883 5519 πρὸς
1913 5450 2010 5518 τὴν
2035 5468 2170 5521 προ-

599 5533 858 5603 κειμένην
912 5529 1172 5606 ζωὴν,ἧς
1220 5534 1501 5607 προύργου
1551 5537 1840 5607 ἐπιθυμεῖν
1864 5541 2168 5609 φαίνονται,

602 5623 678 5691 μὴ
708 5625 773 5677 τά
803 5641 861 5679 τε
887 5627 1086 5691 ἔξωθεν
1111 5627 1412 5698 κωλύματα
1445 5631 1708 5701 ἀναιρεῖν,
1745 5635 1837 5683 καὶ
1862 5633 1960 5693 τας
1989 5631 2169 5701 ψυχὰς

2270 1803 2472 1869 ἐνάγει,
2507 1803 2593 1858 ῖνα
2620 1806 2718 1859 σὺν
2758 1803 3050 1879 ὑποσχέσει
3082 1810 3177 1862 τοῦ
3211 1811 3520 1880 ἀμέμπτως
3552 1811 3681 1863 ποτέ
3721 1807 3864 1878 βιώ-

2271 1893 2458 1947 σεσθαι
2507 1897 2602 1950 καὶ
2650 1896 2917 1966 θεοφιλῶς
2984 1901 3151 1954 αὐτοῦ
3198 1902 3487 1971 δεηθέντες
3531 1902 3805 1965 λάϐωσιν,
3836 1900 3866 1952 ὃ

2270 1984 2518 2053 βούλεται
2539 1988 2726 2053 αὐτοῖς
2755 1990 2954 2043 διδόναι
2979 1991 3377 2061 βελτιωθεῖσιν,
3414 1993 3524 2045 εἴτε
3560 1992 3862 2062 προσθήκη

2269 2078 2413 2147 ζωῆς
2439 2080 2525 2148 εἴη
2550 2078 2729 2147 τοῦτο,
2763 2083 2876 2137 εἴτε
2900 2083 3147 2150 δουλείας
3182 2085 3497 2154 ἀπαλλαγὴ,
3515 2088 3626 2140 εῖτε
3648 2084 3862 2138 ὁτιοῦν.

2269 2175 2459 2240 Οὐδεὶς
2512 2180 2620 2250 γάρ
2679 2180 2852 2247 ἐστιν,
2925 2176 2970 2251 ᾧ
3007 2185 3082 2255 μὴ
3108 2185 3361 2256 ἀφορμὰς
3409 2186 3621 2239 δίδωσιν
3666 2188 3695 2237 ὁ
3724 2185 3867 2246 Θεὸς

2268 2267 2607 2339 καθάρσεως,
2642 2270 2788 2342 ἄλλῳ
2834 2273 3022 2341 ἄλλας,
3078 2274 3236 2339 εἰδὼς
3274 2276 3373 2337 μὲν
3419 2277 3535 2330 ὅσοι
3558 2276 3732 2338 αὐτὰς
3757 2277 3862 2346 οὒκ

2270 2359 2633 2429 ἀρπάσουσιν,
2666 2366 2728 2417 τὸ
2764 2365 2819 2418 δέ
2846 2366 3049 2436 ἀνῆκον
3079 2371 3145 2438 τῇ
3177 2370 3479 2440 ἀγαθότητι
3512 2370 3661 2425 ἆπαν
3685 2371 3864 2424 παντὶ

2269 2453 2346 2520 τῷ
2374 2453 2655 2522 πλάσματι
2692 2459 3074 2528 χαριζόμενος.
3106 2460 3230 2514 Ἰσα
3258 2463 3387 2530 περὶ
3412 2462 3518 2515 τῶν
3540 2462 3863 2516 ύπολοεπων

2269 2546 2381 2607 τοῖς
2412 2562 2470 2598 τε
2525 2544 2927 2617 βελτιουμένοις
2960 2553 3074 2615 τοῖς
3103 2570 3162 2604 τε
3197 2553 3617 2623 ἀνεπιστρόφως
3667 2555 3863 2623 ἔχουσι

2269 2639 2333 2705 τῇ
2371 2636 2536 2691 αὐτοῦ
2599 2640 2751 2707 μέλει
2802 2641 3149 2715 δικαιοσύνῃ.
3206 2645 3479 2699 Τοιούτων
3533 2648 3768 2716 πλήρεις
3802 2647 3860 2698 at

2272 2728 2418 2795 lepal
2474 2730 2747 2798 ἱστορίαι·
2791 2734 2887 2785 καὶ
2943 2736 2991 2788 οί
3049 2736 3303 2789 πολύθεοι
3355 2737 3413 2789 δέ
3450 2735 3675 2791 τοιαῦτα
3704 2740 3860 2791 ίστο-

2274 2816 2430 2884 ροῦσι
2464 2818 2658 2885 πολλὰ,
2684 2818 2741 2873 El
2769 2825 2865 2877 καὶ
2898 2827 3028 2894 περὶ
3081 2828 3149 2879 τά
3180 2826 3331 2879 αἴτια
3370 2828 3554 2882 αὐτῶν
3601 2829 3694 2880 καὶ
3723 2830 3861 2889 τοὺς

2272 2909 2510 2976 τρόπους
2545 2912 2948 2985 πεπλάνηνται,
3007 2917 3237 2985 θεότητα
3270 2919 3370 2990 μέν
3408 2938 3531 2972 τινα
3578 2920 3672 2973 καὶ
3698 2923 3863 2974 αὐτοὶ

2271 3000 2591 3068 αἰτιώμενοι
2619 3003 2728 3056 τῶν
2746 3007 3008 3062 τοιούτων
3039 3010 3131 3062 καὶ
3166 3012 3428 3077 πρόνοιαν
3454 3013 3546 3065 καὶ
3579 3014 3859 3083 ἀνάγκην,

2270 3091 2620 3162 διανέμοντες
2652 3096 2709 3149 δέ
2740 3098 2840 3166 τὴν
2872 3100 3106 3171 θεότητα
3147 3103 3249 3154 οὐκ
3306 3104 3547 3167 εὐσεϐῶς
3605 3109 3719 3169 τοῖς
3760 3106 3857 3160 τοῦ

2274 3182 2437 3253 μόνου
2463 3184 2598 3237 Θεοῦ
2648 3188 2937 3257 ποιήμασι,
2966 3191 3105 3260 πρὸς
3135 3193 3195 3244 τὸ
3226 3174 3476 3258 ἆίτιῶδες
3527 3196 3707 3248 αὐτῶν
3728 3197 3862 3267 ἐξη-

2272 3291 2414 3346 πατη
2424 3277 2596 3346 μένοι,
2622 3279 2720 3347 τὴν
2742 3280 2799 3333 δὲ
2826 3282 3089 3351 πρόνοιαν
3115 3284 3146 3352 ἢ
3174 3284 3233 3336 οὐ
3258 3288 3525 3356 πάντωνῆ
3552 3289 3651 3340 οὐκ
3677 3289 3859 3356 ὀρθῶς

2271 3365 2541 3434 λέγοντες,
2593 3370 2693 3438 τήν
2750 3387 2809 3423 τε
2880 3371 3131 3441 ἀνάγκην
3167 3374 3440 3443 ῖδρύοντες
3476 3376 3604 3430 ἔνθα
3631 3379 3691 3431 οὐ
3724 3380 3860 3448 χρὴ,

2272 3458 2371 3509 σὺν
2392 3456 2621 3528 οὐδεμιᾷ
2660 3457 2835 3526 λόγων
2861 3461 3101 3533 ἀνάγκῃ,
3138 3464 3232 3516 καὶ
3262 3464 3289 3517 ὃ
3323 3464 3513 3532 μεῖζὸν
3544 3469 3710 3530 ἐστιν,
3744 3470 3861 3524 οὐδ’

2270 3546 2395 3599 οῦτε
2436 3549 2618 3616 σφίσιν
2664 3550 2848 3615 αὐτοῖς
2874 3551 3120 3617 ἕκαστοι,
3155 3555 3279 3609 οὔτε
3304 3557 3553 3629 ἀλλήλοις
3587 3562 3859 3632 ὁμόλογον

2271 3653 2574 3702 αςιουντες.

2357 3729 2444 3781 Ἐν
2471 3731 2683 3795 τούτοις
2744 3735 2879 3788 πᾶσι
2911 3738 3025 3801 τοῖς
3055 3741 3183 3809 περὶ
3239 3740 3392 3804 θείας
3432 3744 3858 3814 φιλανθρωπίας

2275 3817 2686 3889 ἱστορουμένοις
2742 3824 2880 3894 μετά
2906 3827 3001 3880 τοῦ
3029 3829 3202 3882 ταῦτά
3242 3847 3301 3883 τε
3358 3832 3533 3899 ἀληθῆ
3561 3830 3727 3903 εῖναι,
3756 3838 3858 3892 καὶ

2271 3909 2421 3998 ημᾶς
2449 3910 2734 3983 ὀρθοτάτῳ
2757 3916 3008 3985 λογισμῷ
3030 3921 3411 3991 κεχρημένους
3437 3923 3695 3994 εὔχεσθαι
3726 3929 3858 3998 περὶ

2270 3993 2346 4054 ὧν
2373 4002 2477 4072 χρὴ
2510 4002 2588 4072 τῷ
2631 4005 2990 4077 Δημιουργῷ,
3023 4010 3206 4063 καὶτὸ
3250 4012 3350 4082 τῆς
3391 3993 3540 4080 θείας
3596 3993 3859 4087 προνοίας

2271 4092 2688 4160 προωρισμένον
2740 4100 2836 4147 καὶ
2876 4097 3258 4170 ἀμετάϐλητον
3311 4103 3659 4169 διασώζεται.
3714 4109 3857 4164 Οὔτε

2271 4179 2381 4251 γάρ
2411 4181 2501 4235 διὰ
2532 4183 2594 4235 τὸ
2645 4183 2801 4250 ἅπαξ
2831 4186 2863 4256 ἢ
2893 4188 2972 4251 δὶς
3005 4192 3194 4259 στῆναι
3216 4192 3311 4247 τοῦ
3343 4194 3547 4265 δρόμου
3584 4199 3676 4251 τὸν
3702 4202 3857 4270 ἥλιον

2272 4273 2339 4341 τῇ
2370 4271 2463 4322 τοῦ
2489 4273 2818 4343 ποιήσαντος
2855 4276 3116 4350 αὐθεντία
3147 4282 3180 4350 ή
3210 4284 3340 4353 περὶ
3393 4286 3557 4339 αὐτὸν
3586 4288 3855 4359 ἦμειπται

2276 4361 2503 4453 καθόλου
2536 4363 2635 4433 τῆς
2669 4367 2929 4433 προνοίας
2961 4368 3229 4438 διάταξις,
3280 4374 3394 4426 οὐτ’
3440 4376 3546 4442 ἔξω
3589 4380 3698 4431 τῶν
3730 4384 3855 4453 περὶ

2277 4450 2428 4518 ἡλίου
2461 4455 2895 4524 προωρισμένων
2918 4461 3014 4512 καὶ
3045 4461 3204 4514 τοῦτο
3226 4456 3319 4531 ἦν.
3361 4466 3470 4519 Kal
3511 4470 3759 4533 Ἐζεκίας

2274 4543 2597 4632 προσθήκην
2656 4544 2801 4614 ζωῆς
2862 4550 3172 4617 ἐλάμϐανεν
3221 4558 3284 4608 ἐκ
3314 4555 3416 4625 τῆς
3453 4560 3584 4629 περὶ
3608 4563 3700 4614 τὸν
3739 4563 3854 4632 βίον

2275 4631 2637 4700 μεταμελείας
2670 4636 2765 4689 καὶ
2786 4641 3110 4710 καταφυγῆς
3142 4643 3405 4708 εὐσεϐοῦς
3430 4648 3567 4717 πρὸς
3587 4651 3679 4702 τὶν
3709 4631 3856 4721 ζωῆς

2272 4723 2468 4785 αἴτιον,
2505 4723 2678 4787 οὕτως
2715 4727 3178 4798 οίκονομήσαντος
3213 4734 3307 4786 τοῦ
3340 4736 3498 4804 Θεοῦ,
3539 4742 3632 4794 καὶ
3664 4745 3855 4813 ὁρισα-

2277 4815 2442 4880 μένου
2497 4815 2562 4867 ἆν
2597 4819 2717 4868 τότε
2752 4818 3208 4889 ὁμολογουμένως
3241 4825 3393 4895 αὐτῷ
3424 4829 3524 4898 τὴν
3555 4831 3724 4899 ζωὴν,
3761 4835 3854 4887 καὶ

2270 4904 2589 4973 ἠπείλησεν,
2642 4907 2691 4957 εί
2737 4907 2810 4976 μὴ
2863 4912 3128 4978 μετενόει.
3175 4901 3404 4970 ⁸Αλλ’ὄύ
3437 4920 3570 4990 παρ’
3604 4924 3853 4976 ἐντεῦθεν

2271 4995 2300 5047 ὁ
2325 4995 2469 5058 θεῖος
2500 4998 2744 5069 ἠμείφθη
2774 5006 3113 5074 προορισμὸς
3152 5008 3283 5081 περὶ
3310 5011 3407 5079 τῆς
3439 5012 3672 5067 ἑκάστου
3707 5017 3853 5084 ζωῆς

2271 5101 2332 5137 τε
2384 5088 2480 5139 καὶ
2511 5090 2795 5159 τελευτῆς,
2830 5093 2889 5146 ἐν
2950 5088 2993 5162 ᾧ
3039 5101 3355 5169 περιέχεται
3380 5104 3474 5155 καί
3499 5104 3561 5157 τὸ
3589 5106 3850 5160 δύνασθαι

2272 5176 2447 5231 ταῦτα
2474 5178 2772 5233 διατιθέναι
2801 5184 2937 5251 πρὸς
2968 5186 3029 5237 τὸ
3063 5190 3348 5259 συμφέρον
3370 5194 3464 5245 τὸν
3491 5196 3723 5249 θανάτου
3758 5197 3850 5249 καὶ

2274 5267 2418 5338 ζωῆς
2449 5270 2675 5340 Κύριον.
2721 5272 2848 5326 Οῦτ⁹
2878 5272 2984 5339 ἔξω
3017 5278 3126 5331 τῶν
3156 5282 3285 5351 περὶ
3340 5283 3586 5349 Ἐζεκίου
3611 5304 3851 5357 προωρι-

2276 5359 2491 5428 σμένων
2519 5365 2615 5417 καὶ
2647 5362 2793 5416 τοῦτ’
2820 5361 2888 5436 ἦν
2914 5367 2972 5420 τὸ
2995 5369 3298 5439 εὐξάμενον
3321 5376 3419 5429 σὺν
3443 5376 3728 5445 βελτιώσει
3756 5376 3850 5429 τοῦ

2275 5450 2388 5520 βίου
2437 5454 2758 5525 προσθήκην
2799 5457 3006 5528 ταύτην
3060 5461 3269 5531 λαϐεῖν,
3318 5468 3412 5519 καὶ
3456 5470 3484 5521 ὃ
3515 5485 3647 5522 ποτε
3676 5469 3851 5540 πέρας

2271 5547 2371 5613 τῆς
2404 5547 2533 5616 περὶ
2572 5553 2663 5602 τὸν
2725 5551 2979 5616 Ἐζεκίαν
3021 5558 3251 5611 καθόλου
3287 5559 3438 5624 θείας
3470 5563 3728 5632 προνοίας
3759 5559 3849 5633 ἦν,

2273 5638 2418 5692 τοῦτ’
2446 5641 2731 5711 ἀμήχανον
2762 5640 2831 5713 ἦν
2859 5650 3321 5721 μεταποιηθῆναι.
3366 5654 3531 5709 Ὥστε
3568 5657 3616 5709 εί
3653 5657 3746 5711 καὶ
3767 5657 3846 5718 δὶς
