4152 6280
597 271 726 332 “‘27

1649 273 2022 332 GENNAI)”
2082 275 2187 334 CP.
2235 272 2736 334 PATHIARCHE

3700 261 3835 323 1128

592 385 767 440 δοκῶν
797 385 876 444 εἰς
923 384 1218 452 ἀρέσκειαν
1247 385 1356 438 τῶν
1388 386 1515 454 περὶ
1549 386 1734 437 τούτου
1767 387 1885 438 τότε
1927 387 2149 452 ζητούν-
2181 392 2224 446 Α
2259 391 2586 459 στήσαντες,
2628 385 2713 451 αἷς
2776 382 3050 453 πανταχοῦ
3109 382 3199 434 τὸν
3245 380 3371 450 περὶ
3421 378 3630 430 τούτων
3681 377 3841 441 λόγον

594 490 702 528 των
725 491 739 505 ο
772 473 871 544 τὴν
893 477 998 542 γάρ
1027 475 1318 543 ἀπόκρισιν
1341 474 1546 543 ταύτην
1582 474 1719 541 μετὰ
1745 474 1807 525 τδ
1838 478 2154 542 συγγράψαι

596 563 791 633 μικρὸν
823 565 880 614 ἐν
911 563 1285 633 ίερομονάχοις
1319 563 1400 616 ἔτι
1433 563 1766 632 ταττόμενος
1817 565 2029 632 ἀνέγνω
2079 565 2157 633 τῷ

594 655 806 725 βασιλεῖ
843 656 1061 725 Ἰωάννῃ
1087 658 1144 709 ἐν
1174 656 1250 724 τῷ
1281 658 1394 721 ναῷ
1417 655 1510 708 τοῦ
1547 655 1751 723 Κυρίου
1780 656 1938 722 ἡμῶν
1981 656 2155 724 Ἰησοῦ

593 746 852 816 Χριστοῦ,
904 747 963 799 δν
1019 747 1479 817 πεφανερωμένον
1505 747 1756 810 ἐκάλουν,
1809 747 2036 814 ἔγγιστα
2092 749 2155 814 τῇ

596 841 735 908 αονῇ
786 839 896 891 τῶν
929 840 1262 907 Μαγγάνων.
1305 839 1543 900 ’Δνέγνω
1590 838 1646 889 δὲ
1695 837 1960 906 παρόντος
1995 837 2156 904 ἐμοῦο

604 921 736 998 ῆλθε
785 929 892 998 γάρ
929 929 1186 998 μηνυθεὶς
1230 932 1294 981 ἐκ
1325 929 1422 996 τῆς
1472 927 1730 998 ρηθείσης
1767 929 1954 997 μονῆς,
1992 945 2159 997 μηνυ-

593 1019 708 1082 θεὶς
761 1021 878 1087 ἅμα
927 1023 1020 1072 καὶ
1075 1021 1135 1074 τὸ
1185 1022 1529 1089 σύγγραμμα
1580 1020 1769 1088 φέρειν
1815 1021 2159 1088 ήκουσμένου

595 1111 728 1182 παρ’
779 1111 936 1182 ήμῶν
991 1110 1199 1181 Πατρδς
1249 1111 1439 1163 τούτου
1469 1111 1546 1179 τῷ
1581 1109 1810 1178 βασιλεῖ,
1863 1109 1956 1161 καὶ
1990 1109 2038 1160 εί
2086 1109 2161 1180 μὴ

595 1201 806 1270 φθάσας
866 1200 1066 1254 δέδωκε
1136 1200 1214 1270 τῷ
1279 1201 1598 1269 ζητήσαντι,
1659 1199 1760 1253 κᾶν
1817 1198 2161 1269 ἐπεστάτησε

595 1292 804 1362 βέλτιον
839 1291 898 1356 ἐξ
928 1285 1000 1345 ὧν
1050 1293 1208 1362 ἡμῶν
1239 1293 1473 1361 ῆκουσεν
1512 1291 1756 1353 εὐλαϐῶς
1796 1289 2164 1359 συνεπιψηφι-

592 1383 826 1454 ζομένου
853 1381 950 1436 τοῦ
983 1383 1146 1452 σοφοῦ
1195 1384 1478 1454 βασιλέως.
1542 1383 1706 1453 Ἦμῖν
1749 1382 1806 1437 δὲ
1837 1384 2040 1455 ἢρκεσε
2070 1383 2162 1435 καὶ

593 1477 802 1545 ἀμφοῖν
848 1476 909 1529 τό
939 1493 996 1530 τε
1033 1477 1405 1545 συμπέρασμα
1429 1475 1527 1543 τῆς
1555 1476 1922 1545 ἀποκρίσεως,
1955 1473 2034 1544 τῷ
2069 1491 2165 1542 με-

595 1569 748 1636 γάλῳ
793 1566 1120 1638 συμφωνοῦν
1211 1569 1510 1636 Βασιλείῳ,
1583 1567 1679 1620 καὶ
1744 1564 2037 1632 ἐξαιτίασις
2094 1563 2164 1634 ἢν

599 1659 907 1729 παρέσχετο
939 1660 1068 1727 περὶ
1097 1659 1190 1712 τοῦ
1221 1659 1449 1712 δεδιέναι
1471 1656 1725 1722 καθάπαξ
1751 1659 1850 1727 τὴν
1874 1657 1983 1710 τῶν
2015 1657 2163 1710 ἰδιω-

2258 481 2710 547 ἐγκατασπείρει.
2771 480 2830 530 '0
2878 477 2980 547 μὲν
3028 472 3122 528 οὖν
3172 475 3402 542 Ἐφέσου
3457 470 3714 528 τοιοῦτος
3766 467 3841 534 τῷ

2260 572 2485 638 μεγάλω
2521 571 2696 639 Πατρὶ
2739 569 2832 622 καὶ
2864 569 3019 638 ἡμῖν’
3066 563 3333 632 Διοδώρου
3373 562 3452 624 δὲ,
3499 561 3656 621 ὅστις
3707 557 3841 610 ποτέ

2257 663 2408 712 ἐστιν
2433 653 2608 722 οὗτος,
2664 659 2726 712 ού
2787 659 3158 726 φροντιστέον.
3228 653 3441 714 Ἔνθεν,
3488 649 3750 715 καθάπερ
3791 645 3845 696 ἕο

2260 754 2402 821 φθην
2423 751 2617 814 εἰπών,
2649 752 2676 803 ὁ
2726 751 2834 802 τῶν
2869 748 3134 812 θεολόγων
3169 746 3386 798 πάντων
3415 730 3574 810 χορὸς
3600 735 3841 805 συμφώ-

2260 860 2365 904 νως
2396 859 2453 893 τε
2483 844 2578 893 καὶ
2617 839 3017 909 ἡκριῦωμένως
3048 834 3142 888 καὶ
3169 832 3450 904 προύργου
3475 827 3840 897 περὶτούτων

2260 936 2398 1004 ἔφθη
2433 934 2830 1003 διορισάμενος.
2887 930 2996 982 Καὶ
3041 930 3090 981 εί
3137 929 3230 978 τὸν
3285 926 3560 994 μακάριον
3607 919 3841 983 Νύσσης

2261 1027 2560 1094 Γρηγόριον
2591 1024 2691 1076 ούκ
2725 1022 2988 1090 ἀξιοῦμεν
3041 1017 3370 1084 άντιζυγοῦν
3409 1014 3572 1082 μόνον
3615 1009 3704 1077 τῷ
3729 1009 3840 1060 τῶν

2261 1114 2601 1168 διδασκάλων
2655 1112 2876 1165 πάντων
2919 1111 3066 1180 χορῷ
3097 1111 3156 1163 ἐν
3199 1107 3322 1160 δυσὶ
3377 1105 3662 1173 ζητήμασι
3717 1098 3843 1151 οὐδὲ

2263 1207 2376 1264 τοῖς
2419 1205 2675 1273 τυχοῦσιν
2713 1203 2820 1272 ίδίᾳ
2871 1202 3062 1270 γνώμῃ
3105 1196 3444 1266 στοιχοῦντα,
3495 1192 3612 1247 ἀλλ’
3666 1189 3704 1259 ἢ
3731 1191 3845 1251 τοῖς

2266 1295 2572 1364 συμφώνοις
2613 1297 2746 1347 πᾶσι
2789 1291 3058 1362 τιμῶντες
3093 1290 3257 1344 αύτδν
3285 1291 3345 1340 ἐν
3377 1288 3490 1348 τοῖς
3518 1285 3677 1345 ἰδίοις
3713 1279 3841 1332 τού-

2264 1404 2374 1449 τοις
2402 1385 2908 1456 παραγραφόμεθα,
2951 1383 3135 1438 καίτοι
3183 1378 3504 1449 τηλικοῦτον
3554 1376 3713 1431 δντα.
3762 1370 3848 1432 τίς

2263 1477 2398 1545 ἡμῖν
2431 1476 2587 1540 λόγος
2634 1473 2787 1528 ισται
2839 1471 3130 1542 Διοδώρου,
3171 1469 3276 1523 κᾶν
3327 1464 3604 1536 πτερωτὸς
3653 1456 3750 1531 ἦν,
3785 1457 3844 1510 οὗ

2268 1567 2403 1636 μηδὲ
2429 1566 2583 1633 λόγος
2613 1565 2730 1618 ἐστὶ
2761 1567 2828 1634 τῇ
2866 1562 3164 1632 Ἐκκλησία
3181 1561 3275 1615 καὶ
3293 1559 3407 1620 τοῖς
3433 1555 3638 1622 ταύτης
3673 1554 3846 1619 ὑπερ·

2266 1655 2527 1726 ηθληκόσι
2580 1655 2704 1726 μηδ’
2749 1654 2922 1725 δνομα
2985 1653 3103 1724 ήεῖ
3144 1652 3246 1706 πού
3301 1667 3386 1714 τις
3423 1647 3531 1702 τῶν
3586 1643 3848 1715 μοναχῶν

599 1752 710 1804 τῶν
738 1751 1018 1820 ἀοριστίαν
1064 1750 1364 1804 διώσασθαι
1395 1750 1466 1819 ἢν
1517 1751 1646 1820 περὶ
1685 1751 1784 1819 τῆς
1817 1747 2165 1818 ἀνθρωπίνης
2196 1747 2235 1801 Β
2265 1748 2410 1816 αύτῷ
2452 1749 2596 1818 μόνῳ
2635 1745 3032 1815 προσεσχηκώς
3081 1746 3149 1814 τῇ
3182 1743 3436 1812 άοριιιτίςι⁵
3465 1739 3574 1791 τῶν
3627 1734 3848 1803 ἀνθρω-

597 1843 747 1911 ζωῆς
776 1859 835 1894 τε
863 1842 957 1895 καὶ
978 1842 1234 1908 τελευτῆς
1266 1841 1636 1911 ἰσχυρίζονται
1659 1841 1734 1904 ὡς
1767 1839 1935 1909 μηδὲν
1965 1838 2164 1893 εἰδέναι

598 1935 908 2003 περαιτέρω
940 1934 1311 2003 δεδυνημένοι.
1348 1931 1472 1988 Ὅτι
1505 1932 1562 1985 δὲ
1594 1935 1659 1986 ἐκ
1691 1931 1784 1985 τοῦ
1823 1931 2165 2001 παρήκοντος

597 2023 858 2076 ἀδύνατον
896 2020 963 2092 ἦν
1000 2023 1144 2077 οὑτω
1190 2041 1250 2076 τε
1304 2021 1586 2092 προδήλως
1631 2023 1726 2074 καὶ
1775 2019 2045 2090 πολλαχοῦ
2097 2020 2166 2074 τά

599 2113 824 2166 τοιαῦτα
861 2114 952 2166 τὸν
1012 2115 1187 2183 μέγαν
1248 2113 1415 2181 φάναι
1468 2111 1771 2176 Βασίλειον,
1813 2111 1920 2165 κᾶν
1980 2111 2166 2181 μυρίοι

602 2207 763 2273 φαῖεν
796 2206 927 2256 αύτδ
955 2209 1053 2274 τῆς
1093 2205 1357 2272 Ἐφεσίων
1384 2203 1664 2273 πρόεδροι,
1700 2203 1900 2264 ἰκανῶς
1931 2219 2017 2255 σοι
2046 2203 2166 2255 τότε

604 2297 818 2365 πρῶτον
854 2296 1089 2364 ἐδείχθη,
1143 2295 1237 2347 καὶ
1285 2297 1444 2364 ἡμεῖς
1496 2295 1556 2346 ού
1614 2295 1785 2361 φειδοῖ
1837 2294 2038 2360 μᾶλλον
2070 2291 2167 2345 τοῦ

607 2389 899 2440 καλλίστου
925 2387 1137 2456 Πατρδς
1168 2387 1377 2439 ἐκείνου
1407 2388 1438 2454 ἢ
1473 2386 1700 2453 ὑπονοίᾳ
1732 2385 1825 2438 τοῦ
1864 2386 1958 2438 καὶ
1989 2385 2169 2446 ἄλλοις

602 2480 715 2533 τισὶ
744 2480 987 2532 τοιοῦτον
1018 2497 1068 2532 τι
1100 2481 1229 2549 περὶ
1267 2480 1360 2531 τοῦ
1397 2479 1633 2546 μεγάλου
1673 2477 1952 2528 Βασιλείου
1988 2493 2169 2544 παρα‹

601 2573 775 2638 λόγως
823 2571 1076 2640 εἰρῆσθαι
1128 2573 1302 2641 σιωπῇ
1355 2569 1709 2639 παρήλθομεν
1765 2569 1857 2620 16v
1909 2568 2165 2621 είπόντα’

603 2662 695 2715 τὸν
746 2664 801 2715 δὲ
839 2663 996 2729 λόγον
1041 2663 1199 2730 μόνον
1244 2664 1579 2733 ήλέγξαμεν.
1634 2658 1845 2712 Οὐκοῦν
1894 2659 2036 2727 ἔχεις
2071 2659 2168 2710 καὶ

603 2756 696 2806 τον
729 2755 872 2822 ἱερλιν
899 2753 1064 2822 ἄνδρα
1095 2753 1282 2804 τοῦτον
1305 2753 1395 2804 τὸν
1421 2753 1563 2804 θεῖον
1595 2750 1916 2820 βεϐαιοῦντα
1941 2765 2168 2817 προορι-

607 2844 765 2912 σμον,
795 2847 886 2894 καὶ
919 2843 994 2911 τῷ
1035 2843 1254 2911 μεγάλῳ
1292 2841 1556 2910 Βασιλείῳ
1591 2841 1908 2910 συνᾴδοντα.
1940 2837 2078 2890 Ούτε
2115 2837 2172 2889 δέ

605 2936 634 2985 6
669 2935 838 3000 μέγας
891 2934 989 3000 τῆς
1037 2932 1365 3000 Ἐκκλησίας
1405 2930 1628 2998 φωστὴρ
1671 2932 1728 2981 ἐν
1776 2929 2010 2989 ἐκείνοις
2059 2930 2172 2989 τοῖς

606 3023 785 3088 λόγοις
818 3021 1134 3089 περαιτέρω
1163 3021 1251 3072 τὸν
1299 3023 1422 3089 περί
1453 3018 1658 3072 τούτων
1690 3019 1850 3086 λόγον
1884 3017 2168 3087 ἐξήταζεν,

605 3113 730 3167 οὔτε
777 3115 803 3165 6
838 3112 979 3182 ἰερὸς
1022 3111 1176 3171 οὗτος
1210 3111 1306 3180 τῆς
1351 3111 1576 3177 Ἐφέσου
1612 3110 1872 3179 πρόεδρος
1922 3111 2171 3178 ἀνάγκην

606 3201 719 3270 εἶχε
752 3203 884 3269 πρὸς
936 3201 1064 3270 μίαν
1113 3200 1382 3269 ἐρώτησιν
1421 3201 1853 3269 ἀποκρινόμενος
1899 3200 1990 3252 τὸν
2044 3201 2174 3270 περὶ

606 3296 700 3346 τοῦ
764 3293 909 3344 θείου
986 3291 1326 3362 προορισμοῦ
1403 3292 1581 3345 πάντα
1638 3292 1906 3360 συνείρειν
1973 3291 2173 3359 λόγον,

604 3384 796 3451 ὡσπερ
869 3384 1030 3450 ἡμεῖς
1084 3384 1280 3449 πρῶτα
1343 3382 1442 3450 μὲν
1494 3383 1991 3451 προύργιαίτερον,
2057 3379 2176 3435 εἶτα

607 3477 703 3527 καὶ
762 3476 842 3536 δ·ς
901 3473 1172 3540 προφάσει
1231 3471 1328 3538 τῆς
1391 3472 1483 3524 τοῦ
1544 3473 1782 3540 μεγάλου
1847 3476 2176 3542 συνηγορίας

609 3565 767 3617 τοῦτο
797 3564 1160 3632 πεπράχαμεν
1188 3563 1264 3625 ὡς
1300 3556 1410 3614 οἶόν
1442 3579 1498 3614 τε
1545 3559 1632 3630 ἦν.
1671 3563 1934 3631 ιΑρκείτω
1969 3563 2014 3614 δ’
2043 3565 2175 3631 ἡμῖν

613 3656 706 3706 καὶ
739 3655 820 3704 σοὶ
851 3653 928 3720 τῷ
962 3653 1203 3720 φιλτάτῳ
1235 3653 1318 3704 ὅτι
1352 3654 1485 3720 φησί
1515 3651 1603 3703 τδν
1633 3652 1766 3703 Θεὸν
1797 3655 1906 3714 τοῖς
1947 3653 2175 3718 ἀγαθοῖς

609 3743 719 3796 τῶν
748 3743 951 3795 τέκνων
976 3742 1179 3793 ἅπασιν
1197 3741 1256 3793 ού
1290 3741 1386 3811 τὴν
1420 3742 1674 3809 τελευτὴν
1701 3742 1887 3810 μόνον,
1913 3743 2047 3794 ἀλλὰ
2079 3742 2173 3794 καί

609 3853 667 3886 τε
705 3835 842 3886 κατὰ
872 3835 963 3885 τὸν
1013 3833 1129 3902 βίον
1161 3834 1376 3885 ἄπαντα
1413 3833 1748 3901 προορίςειν.
1783 3833 1954 3885 Τοῦτο
1997 3835 2051 3885 δὲ
2085 3834 2177 3884 καὶ

611 3929 639 3978 6
699 3927 868 3992 μέγας
923 3923 1094 3977 εἰπὼν
1148 3923 1286 3994 ἔφθη
1345 3925 1644 3988 Βασίλειος.
1711 3944 1728 3976 ι
1793 3925 2025 3978 Θάνατοι
2079 3926 2175 3989 δὲ,

611 4022 795 4085 φησιν,
845 4018 1144 4083 ἐπάγονται
1197 4016 1302 4069 τῶν
1349 4017 1490 4086 ὅρων
1527 4018 1625 4085 τῆς
1672 4017 1814 4086 ζωῆς
1859 4016 2176 4086 πληρωθέν-

611 4125 718 4158 των
764 4107 854 4169 οὒς
889 4109 1018 4174 περὶ
1056 4107 1288 4160 ἕκαστον
1343 4107 1542 4176 ἔπηξεν
1576 4111 1610 4178 ή
1655 4109 1839 4161 δικαία
1888 4109 1983 4161 τοῦ
2039 4109 2174 4161 Θεοῦ

615 4197 794 4266 κρίσις
856 4197 1143 4265 πόρρωθεν
1197 4197 1258 4248 τὸ
1319 4200 1446 4265 περί
1503 4199 1649 4265 ἡμᾶς
1705 4199 1983 4267 συμφέρον
2043 4214 2178 4268 προ-

613 4287 984 4354 ὕλεπομένου·
1026 4307 1044 4338 ι
1083 4288 1178 4338 καὶ
1209 4282 1365 4350 αὖθις
1398 4286 1622 4341 ἄλλοθι·
1674 4305 1693 4338 ε
1740 4288 1831 4356 Μὴ
1873 4288 2177 4356 αὐτόματόν

2267 1841 2439 1892 πίνων
2481 1838 2576 1891 καὶ
2625 1837 2966 1906 κυδερνησίᾳ
2997 1833 3330 1902 συνηγοροίη
3364 1847 3469 1884 που
3524 1821 3845 1897 γράφων,ἢ

2269 1933 2345 2003 μή
2378 1934 2491 1994 τοῖς
2528 1931 2802 1999 θεολόγοις
2839 1930 3086 1999 ἐγκύψας
3117 1929 3150 1998 ἢ
3191 1927 3327 1997 μηδὲ
3369 1923 3605 1978 συνιέναι
3633 1919 3846 1972 τούτων

2265 2025 2594 2093 δυνάμενος;
2650 2023 2852 2076 Σκόπει
2883 2021 2939 2074 δὶ
2972 2022 3066 2074 καί
3092 2021 3127 2073 ά
3150 2033 3316 2087 φησιν
3343 2016 3386 2077 δ,
3418 2013 3710 2080 Διόδωρος.
3743 2006 3848 2058 Τὸν

2268 2113 2526 2184 ἀριθμὸν,
2562 2113 2868 2182 φησὶ,.τῶν
2892 2109 3114 2182 ἡμερῶν
3136 2125 3231 2162 σου
3264 2103 3675 2172 ἁναπληρὼσω,
3701 2096 3845 2150 τοῦτ’

2268 2206 2538 2270 ἐστιν,εἰς
2572 2205 2805 2274 λιπαρὸν
2827 2203 2938 2267 ἄξω
2957 2219 3016 2256 σε
3047 2201 3223 2271 γῆρας
3253 2197 3348 2252 καὶ
3386 2195 3618 2264 πλῆρες⁹
3649 2187 3847 2244 οὐκοῦν

2269 2299 2401 2360 θεός
2428 2299 2546 2350 ἐστι
2586 2295 2682 2349 καὶ
2706 2296 2827 2349 κατ’
2856 2294 3019 2347 αὑτὸν
3041 2294 3070 2344 6
3093 2291 3192 2360 τὴν
3216 2289 3324 2342 τῶν
3368 2284 3590 2355 ἀγαθῶν
3625 2279 3846 2350 ἀνδρῶν

2270 2391 2416 2460 ζωὴν
2463 2387 2806 2460 ὁριζόμενος,
2838 2386 2933 2438 καὶ
2965 2383 3126 2437 πάλιν
3163 2383 3354 2448 ὥσπερ
3408 2379 3619 2446 ἀώρους
3651 2375 3684 2428 6
3712 2371 3848 2430 Θεὸς

2273 2479 2486 2532 άπειλεῖ
2510 2478 2772 2538 θανάτους
2799 2473 3233 2544 παρανομοῦσιν,
3291 2468 3435 2522 οὕτω
3467 2462 3846 2535 μακροϐίωσιν

2273 2571 2616 2637 ὑπισχνεῖται
2666 2569 2778 2628 τοῖς
2811 2567 3175 2627 ὑπακούουσι,
3211 2561 3305 2616 καὶ
3327 2558 3558 2631 μηκύνει
3599 2555 3706 2624 μὲν
3736 2553 3847 2610 τοῖς

2272 2660 2559 2712 εὐσεϐοῦσι
2589 2658 2684 2726 τὴν
2719 2657 2886 2726 ζωὴν,
2917 2655 3238 2722 περικόπτει
3267 2653 3322 2704 δὲ
3350 2652 3460 2712 τοῖς
3497 2643 3846 2716 παραπιιούου⁸

2274 2767 2377 2816 σιν,
2411 2751 2471 2802 οὐ
2508 2747 2788 2818 προσθεὶς,
2848 2747 2943 2797 καὶ
2970 2745 3030 2795 τὸ
3059 2741 3326 2796 ἀνάπαλιν
3354 2736 3721 2806 ἀληθέστατον
3768 2730 3846 2794 ὃν,

2273 2843 2353 2893 ὃτι
2385 2841 2478 2892 καὶ
2510 2839 2790 2891 συστέλλει
2820 2839 2933 2896 τοῖς
2968 2833 3282 2886 εὐσεϐοῦσιν
3323 2831 3492 2883 ἐνίοτε
3544 2825 3643 2894 τὴν
3702 2822 3846 2890 ζωὴν

2274 2933 2371 2982 καὶ
2430 2929 2662 2997 μηκύνει
2695 2930 2807 2988 τοῖς
2859 2926 3180 2986 άσεὸοῦσιν,
3220 2923 3293 2984 ὡς
3317 2923 3372 2972 ἐν
3397 2920 3475 2987 τῷ
3513 2916 3619 2984 πρὸ
3652 2915 3846 2966 τούτου

2279 3023 2678 3088 συγγράμματι
2721 3017 2998 3087 προύργου
3052 3016 3179 3083 περὶ
3223 3013 3399 3065 αὐτῶν
3455 3007 3747 3077 διελόμεθα
3781 3006 3844 3071 τῇ

2229 3101 2246 3121 ’
2279 3111 2398 3179 θείᾳ
2459 3112 2645 3178 γραφῇ
2705 3107 3256 3165 κατακολουθοῦντες.
3313 3105 3386 3156 Οὐ
3440 3102 3570 3167 γοῦν
3620 3101 3739 3160 τοῖς
3789 3111 3847 3148 τε

2279 3202 2714 3271 προωρισμένοις
2745 3204 2823 3258 είς
2869 3201 2966 3267 τήν
2997 3199 3139 3265 ζωὴν
3170 3196 3266 3248 καὶ
3311 3197 3421 3256 τοῖς
3457 3191 3850 3257 ἀποδεδοκιμα-

2281 3294 2498 3360 σμένοις
2526 3295 2553 3345 6
2578 3293 2707 3352 Θεός
2729 3294 2897 3358 ἐστιν,
2924 3293 2950 3342 6
2972 3290 3070 3358 τὴν
3087 3287 3230 3356 ζωὴν
3248 3285 3452 3353 ταύτην
3475 3284 3768 3353 ὁροθετῶν,
3797 3281 3842 3331 εἰ

2277 3386 2369 3436 καὶ
2407 3380 2669 3451 διάφορον¹
2697 3383 2877 3443 αὐτοῖς
2905 3381 2965 3432 τὸ
2993 3381 3144 3441 τέλος
3183 3377 3320 3446 μετὰ
3348 3375 3554 3436 ταύτην
3575 3374 3724 3439 ζωὴν
3750 3373 3845 3424 σὺν

2278 3475 2425 3544 αύτῷ
2455 3477 2546 3527 καὶ
2585 3477 2784 3526 οἰκεῖον
2818 3473 3092 3542 ἑκατέρων
3120 3473 3184 3539 τῇ
3217 3468 3552 3537 προαιρέσει·
3597 3462 3719 3518 εἶτά
3745 3481 3844 3531 φητ

2281 3582 2365 3615 σιν
2425 3564 2564 3616 ὥστε
2610 3565 2832 3616 τοιαῦτα
2883 3565 2942 3615 οὑ
2988 3563 3262 3614 δείκνυσιν
3318 3560 3442 3625 ὅρον
3496 3557 3689 3625 έχοντα
3749 3555 3843 3621 τῆς

2277 3656 2421 3720 ζωῆς
2447 3656 2676 3708 ἕκαστον
2721 3655 2831 3708 τῶν
2867 3653 3192 3724 ἀνθρώπων.
3228 3653 3292 3704 Τί
3336 3653 3524 3703 τούτου
3551 3647 3754 3716 γένοιτξ
3778 3645 3841 3698 ἂν

2248 3745 2649 3814 ’ἀμϐλύτερονς
2688 3747 2762 3797 Τὸ
2789 3746 2958 3814 μῆκος
2990 3748 3084 3796 καὶ
3109 3745 3139 3803 ἡ
3167 3743 3422 3810 στενότης
3478 3742 3588 3794 τῶν
3618 3740 3841 3804 διαστη-

2281 3841 2466 3907 μάτων
2496 3840 2557 3892 ού
2583 3842 2693 3902 τοῖς
2729 3841 2877 3909 ὅροις
2914 3839 3289 3906 διακρίνονται
3322 3839 3414 3890 καὶ
3441 3834 3802 3905 γνωρίζονται
3827 3849 3841 3892 ς

2278 3932 2372 3982 καὶ
2396 3934 2421 3982 6
2469 3929 2826 4000 μακρύνωνῆ
2878 3929 3182 3981 συστέλλων
3226 3929 3324 3998 τὴν
3365 3929 3482 3980 ὁδὸν
3506 3927 3597 3980 καί
3642 3927 3704 3978 τὸ
3734 3923 3842 3977 διάο

2280 4040 2463 4091 στημα
2491 4025 2589 4092 τῆς
2631 4023 2774 4090 ζωῆς
2811 4023 2928 4091 μετ’
2959 4023 3207 4085 ἐξουσίας
3247 4023 3505 4090 τοιαύτης
3533 4021 3694 4074 ἄλλου
3723 4020 3839 4086 δεη-

2279 4116 2502 4183 θήσεται
2532 4115 2655 4176 τοὺς
2687 4115 2840 4182 ὄρους
2872 4113 3111 4175 τιθέντος
3137 4131 3151 4176 ;
3194 4115 3299 4166 Καὶ
3341 4116 3422 4174 τίς
3450 4115 3595 4163 ἐστιν
3622 4113 3650 4163 6
3678 4112 3844 4169 τιθιίς

2279 4206 2372 4256 καὶ
2425 4204 2538 4264 πῶς
2598 4203 3044 4271 ἐξαπλωθήσεται
3101 4203 3133 4270 ἢ
3192 4202 3587 4269 συσταλήσεται
3629 4203 3663 4270 ἡ
3730 4198 3840 4265 ζωὴ

2279 4296 2426 4361 παρά
2460 4293 2553 4345 τοῦ
2587 4293 2719 4345 Θεοῦ
2768 4294 2840 4360 μὴ
2868 4294 3375 4362 προῦποτιθεμένων
3416 4293 3524 4344 τῶν
3555 4292 3653 4359 τῆς
3704 4290 3843 4352 ζωῆς

617 4397 738 4432 τινα
796 4378 956 4448 εἴπης
1019 4377 1309 4447 συντυχίαν
1360 4378 1467 4430 τῶν
1517 4380 1819 4446 γινομένων
1869 4377 2177 4446 ἀνθρώποις
2213 4407 2256 4460 D
2284 4384 2424 4451 ὅρων
2467 4383 2538 4444 ὡς
2577 4383 2816 4451 θελητῶν
2841 4387 2899 4435 ἐν
2947 4388 3012 4454 τῇ
3063 4386 3257 4452 γνώσει
3289 4384 3378 4436 τοῦ
3423 4382 3721 4441 ἀπλοῦντος
3752 4380 3842 4446 τὴν

611 4473 686 4535 ὡς
727 4472 952 4540 μηδενὸς
1006 4473 1317 4540 προστάτου
1363 4473 1454 4525 τὸν
1506 4472 1712 4540 κόσμον
1766 4470 2180 4539 οἰκονομοῦντος

615 4565 826 4632 πονηρά
867 4563 1114 4631 δόγματα
1156 4562 1548 4632 ὑποτιθέμενος
1577 4563 1812 4632 σεαυτῷ,
1855 4563 1930 4633 μὴ
1963 4563 2056 4614 καὶ
2089 4565 2180 4614 ἐκ·

615 4655 788 4726 πέσῃς
814 4653 922 4706 τῶν
955 4654 1098 4726 ὅρων
1143 4655 1244 4722 τῆς
1268 4654 1570 4715 εὐσεϐείαςο
1611 4657 1639 4706 6
1665 4657 1774 4723 γὰρ
1797 4655 2009 4715 πλάσας
2035 4655 2184 4724 ἡμᾶς

615 4746 710 4798 καὶ
732 4745 990 4814 ψυχώσας
1030 4745 1162 4806 Θεὸς
1210 4745 1346 4796 ἰδίαν
1382 4745 1583 4797 ἔδωκεν
1635 4745 1839 4814 ἑκάστῃ
1873 4746 2018 4814 ψυχῇ
2081 4745 2182 4814 τὴν

614 4836 709 4889 τοῦ
749 4836 865 4904 βίου
888 4836 1189 4904 διαγωγὴν,
1224 4836 1322 4888 καὶ
1371 4835 1566 4897 ἄλλους
1593 4835 1775 4899 ἄλλοις
1810 4838 1966 4904 ὅρους
2014 4835 2182 4905 ἔπηξε

611 4926 712 4996 τῆς
746 4925 951 4989 ἐξόδου,
984 4943 1004 4983 ε
1046 4925 1142 4978 καὶ
1198 4925 1272 4978 τάν
1311 4923 1446 4979 ἄλλα
1476 4925 1579 4978 ὅσα
1637 4925 1772 4993 πρὸς
1834 4926 2184 4995 κατασκευὴν

613 5017 808 5084 ἐπάγει
834 5015 928 5069 τοῦ
961 5016 1256 5084 δόγματος,
1287 5016 1363 5079 ὡς
1405 5019 1464 5069 ἐν
1509 5015 1586 5086 τῷ
1614 5017 1854 5088 δευτέρῳ
1906 5017 2016 5070 τῶν
2055 5034 2184 5086 συγ-

613 5107 960 5175 γραμμάτων
1017 5107 1208 5169 αύταῖς
1267 5106 1516 5159 ἔκκειται
1567 5106 1801 5169 λέξεσιν.
1848 5107 2094 5161 Καθόλου
2128 5109 2186 5162 δὲ

615 5199 743 5263 περὶ
773 5197 867 5248 τοῦ
898 5196 1044 5248 θείου
1087 5197 1430 5268 προορισμοῦ
1482 5197 1577 5250 καὶ
1607 5197 1714 5249 τῶν
1740 5216 1798 5250 τε
1839 5200 2184 5270 προωρισμέ-

615 5300 722 5336 νων
757 5287 835 5345 είς
866 5285 963 5353 τὴν
990 5284 1136 5351 ζωὴν
1181 5288 1278 5356 τὴν
1313 5287 1531 5340 αἰώνιον
1567 5288 1675 5340 τῶν
1705 5305 1761 5339 τε
1783 5290 2185 5359 ἀποδεδοκιμα-

618 5375 834 5442 σμένων
865 5375 1077 5444 καὶτῆς
1109 5376 1370 5445 διαφόρου
1401 5381 1531 5450 περὶ
1560 5381 1758 5442 αὐτοὺς
1778 5381 1870 5433 τοῦ
1898 5380 2034 5434 θεοῦ
2067 5382 2184 5435 δια-

615 5464 824 5532 τάξεως
865 5465 1076 5528 οἰκείας
1135 5469 1202 5536 τῇ
1254 5469 1402 5535 σφῶν
1461 5472 1782 5538 προαιρέσει
1819 5473 1914 5522 καὶ
1980 5472 2184 5534 ζῶντας

618 5557 714 5609 καὶ
740 5555 1106 5618 τελευτῶντας
1123 5558 1296 5611 ὁπόσα
1323 5559 1606 5629 φιλοσοφεῖ
1629 5559 1809 5613 ἴσασιν
1841 5565 1888 5614 οἱ
1915 5566 2030 5625 ταῖς
2060 5566 2187 5616 πολ-

617 5643 736 5706 λαίς
756 5647 848 5697 καὶ
890 5645 1157 5714 μεγάλαις
1190 5646 1354 5700 αὑτοῦ
1406 5649 1818 5719 πραγματείαις
1850 5649 2032 5712 καλῶς
2067 5653 2184 5702 ἐπι-

2286 4473 2429 4542 ζωὴν
2490 4475 2582 4526 καὶ
2631 4475 3052 4542 συστέλλοντος;
3105 4477 3270 4527 Ὥστε
3329 4474 3642 4526 τοὺναντίον
3702 4470 3844 4522 ἐστὶν

2281 4563 2500 4632 ἀληθὲς,
2529 4565 2603 4627 ὡς
2633 4566 2701 4617 τά
2732 4567 2981 4630 τοιαῦτα,
3011 4569 3058 4618 εἰ
3088 4568 3180 4619 καὶ
3203 4565 3366 4635 μηδὲν
3397 4564 3542 4628 ἄλλο,
3577 4562 3844 4614 δείκνυσιν

2281 4655 2442 4722 ὅρους
2491 4655 2713 4723 ἔχοντας
2755 4657 2854 4724 τῆς
2891 4659 3034 4726 ζωῆς
3061 4659 3124 4708 ἐκ
3166 4657 3300 4708 Θεοῦ
3323 4657 3448 4714 τοὺς
3501 4655 3841 4718 ἀνθρώπους.

2284 4742 2421 4798 Εἶτά
2451 4763 2639 4815 φησιν·
2678 4748 2740 4798 Εἰ
2779 4747 2981 4816 ὥριστο
3025 4748 3122 4812 τῆς
3157 4747 3306 4813 ζωῆς
3333 4749 3359 4797 6
3402 4749 3613 4815 χρόνος,
3662 4746 3762 4797 οὑκ
3787 4741 3846 4795 ἂν

2282 4839 2457 4892 ταῦτα
2515 4834 2605 4907 ἢν,
2641 4840 2673 4906 ὴ
2715 4841 2812 4905 τῆς
2867 4841 3010 4907 ζωῆς
3058 4839 3296 4907 δηλονότι
3354 4838 3582 4907 συστολὴ
3612 4840 3704 4891 καὶ
3729 4837 3844 4900 ἐξά-

2284 4931 2509 4992 πλωσις·
2540 4929 2731 5000 ὡσπερ
2757 4930 2806 4982 εἰ
2829 4931 3040 4998 ἐλεγενο
3082 4932 3146 4983 Εἴ
3183 4949 3236 4982 τι
3270 4931 3442 5000 πέρας
3476 4931 3610 4999 ἔχοι,
3657 4931 3756 4982 ούκ
3787 4928 3847 4979 ἂν

2285 5019 2372 5087 εἰη
2402 5019 2842 5088 πεπερασμένον.
2879 5018 3012 5081 Εἶτά
3043 5035 3228 5091 φησιν’
3261 5021 3320 5072 Εἰ
3358 5019 3560 5090 ὥριστο
3588 5021 3683 5087 τῆς
3709 5019 3846 5084 ζωῆς

2284 5110 2516 5164 ἑκάστου
2542 5109 2602 5162 τὸ
2627 5109 2799 5174 τέλος,
2828 5109 2952 5162 οὑτε
3000 5110 3208 5172 δίκαιος
3231 5109 3356 5164 οὔτε
3395 5110 3578 5173 ἄδικος
3616 5109 3846 5178 ἠδύνατο

2284 5202 2352 5256 ἂν
2381 5203 2512 5255 αὑτὸ
2561 5200 2832 5256 σαλεύειν.
2885 5202 3083 5271 ’Δρετῇ
3145 5202 3386 5268 δηλονότι
3442 5203 3538 5252 καὶ
3595 5201 3847 5268 πονηρίᾳ.

2286 5295 2395 5346 Καὶ
2429 5295 2477 5344 εἰ
2505 5292 2579 5362 μὴ
2603 5291 2828 5361 ὥριστο,
2863 5292 2981 5350 πῶς
3008 5293 3365 5362 προστίθησιν
3393 5291 3420 5341 ὁ
3451 5290 3582 5352 Θεὸς
3616 5290 3684 5342 δι’
3710 5289 3845 5354 ἀξιέ-

2286 5399 2423 5452 τητα
2456 5381 2618 5436 ἐνίοις
2639 5399 2655 5446 ;
2680 5382 2787 5432 Καὶ
2821 5381 2935 5442 πῶς
2970 5383 3145 5435 ἄλλων
3166 5383 3385 5451 ἀφαιρεῖ
3407 5381 3477 5432 δι’
3506 5380 3842 5448 ἀναξιότητας

2285 5473 2572 5544 ὡρισμένῳ
2599 5475 2708 5542 γάρ
2753 5491 2807 5525 τι
2843 5475 3216 5542 προστίθεται,
3269 5476 3362 5526 καὶ
3405 5473 3512 5526 άπὸ
3549 5473 3845 5538 ὡρισμένου

2287 5562 2354 5618 αὖ
2383 5581 2434 5616 τι
2468 5567 2809 5634 ἀφαιρεῖται,
2861 5568 2953 5618 καί
3007 5565 3084 5634 τῷ
3113 5565 3347 5634 ὡρίσθαι
3371 5581 3424 5616 τι
3465 5565 3790 5634 γνωρίζεται
3815 5563 3846 5627 ἡ

2290 5674 2344 5709 τε
2383 5655 2675 5724 πρόσθεσις
2707 5657 2741 5725 ἦ
2770 5673 2828 5708 τε
2858 5657 3148 5726 ἀφαίρεσις
3176 5657 3241 5710 ἂν
3271 5655 3476 5726 ἀληθὴς
3601 5653 3691 5708 καὶ
3728 5650 3847 5704 αύτό
