4152 6280
350 376 488 440 2129

1338 375 1434 434 DE
1474 373 2229 436 PRI'BDESTINATIONE
2263 374 2496 434 LIBER
2532 374 2644 434 ΙΗ.

3475 374 3609 437 ιιτιο

343 490 400 542 δὲ
424 489 483 539 τὸ
516 486 904 555 προστίθεσθαι
936 487 1031 539 καὶ
1061 486 1413 557 ἀφαιρεῖσθαι
1453 489 1757 560 ὡρισμένον
1783 491 1927 542 ποιεῖ
1958 502 2001 555 Α
2032 490 2306 558 ηργμένον
2356 486 2383 538 6
2416 488 2553 555 πρὸς
2599 485 2835 552 τάγαθὸν
2893 489 3068 539 ποιεῖν
3118 487 3275 540 εἴωθε
3324 487 3509 557 μόνον.
3535 491 3609 541 1‘6

344 583 403 632 τὸ
435 573 478 647 ᾧ
514 580 891 648 προστίθεται,
948 581 1043 639 καὶ
1093 582 1153 631 τὸ
1174 573 1235 631 οὑ
1284 582 1621 652 ἀφαιρεῖται,
1668 584 1721 634 ετ
1753 598 1815 649 γε
1846 584 1923 652 μὴ

323 673 431 740 ,εἴη
495 672 528 738 ἡ
593 671 887 741 προσθήκη
953 672 1182 741 ἄπειρος
1229 673 1326 725 καὶ
1376 675 1653 744 ἀόριστος.
1721 675 1926 744 Ἀλλ“ή

344 764 637 832 πρόσθεσις
655 764 750 827 τῆς
769 763 1006 816 ἐνταῦθα
1028 764 1170 833 ζωῆς
1193 765 1223 835 ἢ
1250 766 1480 834 μείωσις
1504 766 1813 838 ὡρισμένον
1872 767 1925 819 ἔ-

342 870 428 922 χει
448 854 507 905 τὸ
532 853 751 922 μέτρον,
767 852 908 905 ὥστε
932 854 1104 906 καὶτὸ
1130 855 1327 921 πέρας.
1354 854 1426 907 Τὸ
1451 856 1507 907 δὲ
1526 856 1657 909 αὑτὸ
1677 858 1849 926 πέρας
1867 874 1926 910 τε

342 946 435 997 καὶ
456 946 581 1014 ὅρος
608 945 706 1013 τῆς
732 944 968 998 ἐνταῦθα
990 944 1136 1013 ζωῆς
1162 948 1279 998 ἐστι
1300 947 1396 999 καὶ
1419 947 1562 1018 ἀρχὴ
1585 948 1679 1018 τῆς
1702 948 1928 1017 μελλού-

343 1037 591 1104 σης,εί’τε
628 1036 924 1107 δυστυχοῦς
957 1039 1068 1090 εἴτε
1098 1039 1443 1108 εὐδαίμονος.
1484 1041 1595 1093 Καὶ
1618 1040 1778 1093 τοῦτό
1808 1043 1924 1094 ἐστι

338 1130 399 1183 τὸ
426 1132 597 1197 πέρας
625 1132 652 1183 6
687 1130 917 1193 θάνατος
943 1127 1061 1184 εἶτα
1096 1132 1163 1185 τά
1199 1132 1299 1200 μὲν
1331 1134 1385 1185 ἐν
1422 1136 1487 1204 τῇ
1508 1135 1713 1204 γαστρὶ
1737 1134 1925 1187 τελευ-

337 1222 519 1274 τῶντα
554 1221 729 1293 βρέφη
766 1225 981 1285 σκοπεῖ,
1039 1224 1165 1287 τοὺς
1198 1224 1255 1277 δὲ
1288 1226 1395 1278 ἀπὸ
1429 1226 1665 1297 γαστρὸς
1716 1227 1924 1298 μητρὸς

349 1315 655 1384 ἑπομένους
702 1314 828 1377 τοὺς
856 1317 921 1368 ἐκ
955 1316 1167 1379 κοιλίας
1213 1318 1420 1387 μητρὸς
1450 1320 1922 1389 προωρισμένους,

335 1408 464 1469 τοὺς
496 1407 604 1460 ἀπὸ
645 1409 865 1478 μήτρας
896 1411 1295 1479 ἡγιασμένους,
1323 1410 1449 1473 τοὺς
1480 1412 1538 1475 ἐξ
1574 1410 1923 1483 ἐπαγγελιῶν

339 1502 723 1569 γεννωμένους
759 1502 819 1553 o6
855 1499 1073 1567 σκοπεῖ,
1104 1504 1153 1554 εὶ
1192 1501 1290 1555 καὶ
1319 1498 1388 1570 ἦν
1438 1519 1491 1553 τι
1542 1501 1602 1554 τὸ
1653 1502 1785 1570 περὶ
1813 1502 1923 1554 τῶν

337 1593 558 1663 βρεφῶν
600 1594 737 1663 πρὸς
767 1594 859 1646 τὸν
891 1593 1054 1661 λόγον
1089 1596 1180 1647 τόν
1212 1611 1270 1647 τε
1318 1593 1688 1663 προκείμενον
1714 1612 1729 1658 ;
1757 1593 1921 1646 Ἀλλά

333 1684 508 1737 ταῦτα
568 1685 857 1755 παρῶμεν.
891 1681 1023 1738 Εἶτα
1056 1685 1260 1758 λῃστὴν
1301 1688 1513 1752 εἰσάγει
1562 1689 1658 1741 καὶ
1707 1686 1919 1739 διδόντα

2033 583 2089 633 δὲ
2130 579 2402 650 πονηροὺς
2464 578 2529 630 ἂν
2580 580 2675 645 ἀφ’
2726 577 2933 630 ἑαυτῶν
2983 580 3311 649 γενομένους
3363 584 3460 635 καὶ
3513 583 3609 650 τὴν

2035 672 2224 740 ποινὴν
2251 672 2318 725 ἂν
2349 670 2651 737 ὑποστῆναι
2687 670 2783 721 καὶ
2814 668 2935 724 λίαν
2970 664 3037 741 ἦν
3069 672 3126 722 ἐν
3174 673 3240 740 τῇ
3281 670 3487 739 γνώσει
3514 670 3609 724 τοῦ

2033 763 2261 829 ποιητοῦ
2311 763 2639 833 ὡρισμένον.
2702 765 2812 819 Καὶ
2858 766 2907 818 εἰ
2950 765 3026 834 μὴ
3075 764 3248 828 οὕτως
3285 760 3375 836 ἦν,
3405 767 3505 819 οὐκ
3543 766 3609 820 ἂν

2033 856 2365 925 προελέγετο
2389 856 2466 918 ὡς
2562 855 2629 909 ἂν
2662 856 2851 927 ἡμέρα
2891 858 3176 925 φάγωνται
3204 860 3268 911 ἐκ
3301 859 3394 911 τοῦ
3425 858 3609 923 ξύλου,

2032 950 2251 1017 Θανάτῳ
2308 949 2741 1015 ἀποθανοῦνται,
2788 951 2899 1004 066'
2948 950 3013 1004 ἆν
3070 949 3247 1013 οὕτως
3307 950 3604 1015 ἐξέϐαινεν.

2032 1040 2356 1111 Προρῤηθέν
2381 1042 2437 1093 δὲ
2461 1040 2608 1095 οὕτω
2644 1043 2736 1094 καὶ
2767 1042 2994 1109 γεγονὸς
3028 1043 3123 1096 καὶ
3154 1044 3211 1096 ἐν
3241 1046 3307 1112 τῇ
3331 1042 3451 1111 θεία
3473 1043 3605 1111 639'.-

2031 1148 2125 1185 στο
2160 1130 2381 1199 γνώσει.
2422 1134 2531 1185 Καὶ
2570 1132 2664 1186 τὸν
2701 1133 2799 1200 μὲν
2841 1134 3073 1201 φυσικδιν
3104 1133 3318 1187 τουτονὶ
3351 1134 3608 1196 θάνατον,

2028 1224 2128 1295 τὴν
2182 1224 2278 1278 τοῦ
2345 1226 2699 1296 συνημμένου
2743 1227 3018 1295 διαίρεσιν
3075 1226 3321 1295 δηλονότι
3364 1228 3458 1279 καὶ
3511 1228 3610 1298 τὴν

2029 1320 2290 1389 στέρησιν
2336 1319 2433 1387 τῆς
2497 1319 2733 1371 ἐνταῦθα
2792 1320 2939 1389 ζωῆς
2998 1320 3402 1388 σπερματικῆς,
3443 1321 3607 1380 εὐθυς

2030 1413 2325 1479 ὑφίσταντο
2351 1413 2512 1480 μόνον
2544 1412 2619 1475 ὡς
2645 1413 2737 1465 ἐπὶ
2767 1413 2937 1483 πόνῳ,
2975 1413 3087 1483 ζωῇ
3113 1415 3205 1465 καὶ
3229 1418 3377 1483 γήρᾳ
3409 1414 3504 1467 καὶ
3522 1416 3610 1465 νό-

2029 1521 2142 1565 σοις
2186 1504 2605 1573 ἐπισυμϐαίνειν
2650 1504 2914 1571 ἀφύκτως
2951 1505 3218 1573 μέλλοντά
3258 1523 3389 1558 ποτε
3424 1506 3610 1570 αὐτοῖς

2025 1614 2085 1647 τε
2130 1596 2225 1649 καὶ
2263 1598 2376 1658 τοῖς
2420 1597 2479 1659 ἐξ
2527 1595 2707 1649 αὐτῶν
2749 1596 3049 1665 ἐσομένοις,
3081 1599 3202 1650 ἀντὶ
3252 1598 3348 1665 τῆς
3402 1599 3608 1649 ἀπόνου

2026 1689 2172 1757 ζωῆς
2219 1691 2316 1742 καὶ
2355 1688 2648 1750 ἀθανάτοις
2689 1688 3005 1760 πρεπούσης
3052 1689 3119 1759 ἢν
3160 1689 3609 1757 ἀποϐεϐληκότας

334 1778 692 1847 δηλητήριον,
742 1779 805 1830 06
860 1778 1093 1848 διαιρῶν
1125 1779 1271 1840 τίνες
1315 1780 1364 1831 οί
1406 1778 1796 1849 λῃστευόμενοι
1825 1778 1918 1829 καὶ
1950 1800 1992 1855 Β
2032 1781 2235 1848 μᾶλλον
2281 1781 2575 1850 ἐγνώρισε·
2615 1782 2705 1834 τὸν
2758 1783 2816 1834 δὲ
2850 1782 3082 1851 ψυχικὸν
3125 1784 3189 1834 ἐκ
3225 1781 3323 1851 τῆς
3371 1780 3605 1851 ἀληθοῦς

334 1873 480 1933 τινες
519 1872 568 1922 οί
598 1870 1093 1940 δηλητηριούμενοι
1113 1873 1208 1922 καὶ
1231 1870 1397 1922 τίνων
1424 1871 1607 1922 ἕνεκα.
1630 1869 1915 1933 Αίτιατέος

334 1964 441 2015 δὲό
470 1962 603 2025 Θεὸς
651 1964 789 2033 ὑπὲρ
838 1963 1173 2033 οὐδετέρων,
1225 1963 1364 2016 ἀλλά
1400 1964 1500 2030 τῆς
1553 1962 1915 2031 ὀφειλομένης

336 2054 572 2123 ἀμοιϐῆς
624 2056 739 2118 τοῖς
780 2055 924 2125 ὑπὲρ
975 2055 1268 2117 εὐσεϐείας
1326 2056 1423 2107 καὶ
1476 2055 1680 2123 ἀρετῆς
1740 2052 1915 2105 ταῦτα

337 2149 800 2217 προαιρουμένοις
833 2148 865 2218 ἢ
901 2146 1152 2201 ὁπωσοῦν
1175 2146 1351 2208 ἄλλως
1383 2147 1684 2216 πάσχουσιν
1726 2147 1759 2218 ἢ
1789 2147 1918 2198 ὑπο-

346 2239 515 2308 μονῆς
547 2243 641 2293 καὶ
677 2242 776 2310 τῆς
795 2242 904 2294 τῶν
926 2240 1185 2293 τοιούτων
1207 2239 1448 2293 εὐσεϐῶν
1473 2238 1803 2311 προθυμίας,
1822 2242 1917 2293 καὶ

336 2332 458 2384 λίαν
489 2333 904 2404 ὑπερδοξάσεως
937 2336 970 2406 ἢ
1004 2334 1117 2394 τοῖς
1153 2333 1294 2400 ὑπὲρ
1317 2332 1485 2384 αὑτοῦ
1533 2330 1914 2401 θανουμένοις,

336 2424 455 2477 ἀνθ’
484 2424 611 2476 ὅτου
642 2425 741 2486 τάς
769 2424 869 2493 τῆς
902 2425 1208 2494 καρτερίας
1248 2422 1485 2493 ἀμοιϐὰς
1513 2425 1915 2492 ἐπαγγέλλεται

340 2515 417 2585 μὴ
477 2515 804 2585 βουλόμενος
853 2516 1053 2578 αὑτοὺς
1103 2514 1251 2569 οὑτω
1300 2516 1611 2585 φιλοσοφεῖν
1645 2518 1742 2570 καὶ
1785 2517 1914 2587 θνή-

338 2624 489 2661 σκειν
522 2610 661 2679 ὑπὲρ
695 2609 884 2673 αὑτοῦ,
915 2611 1113 2679 μᾶλλον
1135 2611 1191 2663 δὲ
1217 2610 1359 2680 ὑπὲρ
1382 2612 1617 2666 ἑαυτῶν.
1654 2614 1763 2666 Καὶ
1797 2614 1915 2677 πῶς
1948 2674 1961 2677 _

338 2702 678 2769 ἀπήλλαττεν
728 2704 833 2765 ἐως
886 2704 1143 2757 ἐϐούλετο
1199 2703 1452 2757 θανάτων
1510 2709 1918 2775 φανερωτάτων

337 2795 479 2848 ὥστε
518 2798 747 2861 ἀπορεῖν
776 2800 897 2859 τοὺς
938 2797 1244 2865 ἐπάγοντας
1296 2798 1388 2849 καὶ
1428 2800 1495 2867 τῇ
1534 2798 1718 2850 πίστει
1747 2815 1917 2867 προσ-

338 2889 586 2942 τίθεσθαι
646 2892 786 2960 μετά
819 2890 912 2945 τοῦ
947 2890 1122 2944 θέλειν
1165 2892 1363 2953 αὐτοὺς
1418 2894 1527 2946 πᾶν
1563 2892 1745 2945 ὁτιοῦν
1777 2894 1918 2962 ὑπὲρ

337 2987 437 3052 τῆς
468 2985 698 3054 ἀληθοῦς
728 2986 1058 3054 ὑφίστασθαι
1095 2986 1367 3051 πίστεωςς
1397 2986 1672 3055 ὲγκαίρως
1702 2987 1760 3039 δὲ
1791 3004 1917 3042 συν-

336 3078 530 3146 έχὼρει
558 3077 956 3145 στεφανοῦσθαι
989 3081 1054 3147 τῇ
1083 3081 1307 3146 τελευτῇ
1350 3079 1488 3146 μετὰ
1516 3077 1614 3148 τὴν
1656 3077 1915 3144 γενναίαν

2022 1871 2162 1940 ζωῆς
2192 1874 2401 1941 χωρισά
2412 1888 2594 1938 μενον,
2617 1871 2754 1940 φεῦι
2784 1873 2879 1924 καὶ
2902 1873 3002 1938 τὴν
3028 1871 3120 1923 τοῦ
3139 1872 3394 1941 κειμένου
3418 1871 3608 1935 τέλους

2021 1965 2341 2015 ἀπόπτωσιν
2373 1964 2465 2015 τὸν
2500 1963 2683 2032 πολλῷ
2719 1963 2814 2016 τοῦ
2851 1963 3124 2033 προτέρου
3156 1964 3325 2033 χείρω
3365 1963 3604 2017 θάνατον

2021 2056 2176 2108 αὐτοί
2204 2072 2260 2107 τε
2291 2053 2453 2117 εὐθὺς
2499 2054 2823 2123 ὑπέστησαν
2867 2054 3015 2125 ἔργῳ
3052 2053 3147 2108 καὶ
3184 2056 3299 2116 τοῖς
3330 2054 3390 2120 ἐξ
3424 2053 3606 2107 αὐτῶν
3653 2067 3659 2073 ·

2021 2146 2383 2214 γεννωμένοις
2412 2146 2649 2208 ἀνιάτως
2708 2146 3079 2217 παρέπεμπον
3130 2146 3262 2215 ἄχρι
3292 2145 3387 2198 τοῦ
3417 2146 3605 2214 φιλαν-

2022 2237 2378 2304 θρωποτάτου
2410 2238 2527 2307 ἅμα
2566 2240 2659 2291 καὶ
2699 2238 3015 2307 σοφωτάτου
3058 2238 3156 2308 τῆς
3193 2238 3345 2301 θείας
3389 2241 3600 2293 οἰκονο-

2025 2334 2153 2403 μίας
2186 2334 2505 2403 φαρμάκου.
2532 2335 2640 2386 Kal
2668 2333 2776 2403 μὴν
2807 2332 2917 2385 066'
2944 2334 3062 2385 ἐστι
3093 2349 3175 2396 τις
3206 2334 3234 2385 6
3266 2332 3440 2399 λέγων
3463 2331 3603 2385 ὅλων

2022 2423 2165 2478 εἶναι
2189 2426 2289 2495 τὴν
2330 2428 2663 2494 πρόγνωσιν,
2700 2429 2747 2478 εἰ
2782 2428 2859 2495 μὴ
2912 2426 3003 2478 καὶ
3051 2425 3267 2494 κίνησιν
3301 2425 3473 2478 ἐθέλοι
3517 2424 3604 2477 λέ-

2021 2535 2140 2585 γειν
2168 2518 2229 2571 τὸ
2262 2521 2359 2587 τῆς
2395 2519 2664 2587 κινήσεως
2701 2519 2896 2589 πέρας.
2922 2519 3102 2572 Αἴτιον
3148 2517 3204 2569 δέ
3242 2535 3360 2579 πως
3400 2516 3605 2586 μᾶλλον

2020 2611 2121 2677 τῆς
2156 2611 2521 2681 προγνώσεως
2548 2613 2577 2664 6
2610 2610 2736 2680 ὅρος
2783 2611 2933 2663 ἐστί’
2978 2610 3174 2664 τούτου
3205 2612 3316 2679 γὰρ
3364 2612 3607 2679 προὺπο-

2021 2703 2311 2771 τιθεμένου
2364 2704 2589 2757 δύναται
2657 2702 3141 2772 προγινώσκεσθαι
3192 2704 3270 2773 τῷ
3328 2702 3602 2769 τοσαύτην

2023 2795 2200 2866 ἔχοντι
2245 2796 2497 2865 δύναμιν,
2543 2797 2691 2859 ὅπως
2740 2797 2861 2848 τόδε
2913 2814 2967 2850 τι
3017 2795 3274 2860 τεύξεται
3328 2795 3423 2849 τοῦ
3470 2796 3602 2865 ὅρου

2024 2889 2164 2957 πρὸς
2194 2890 2406 2941 ἐκεῖνον
2446 2888 2828 2958 φερόμενον,ἢ
2876 2888 3206 2958 ἀτευκτήσει
3241 2888 3318 2956 μὴ
3355 2888 3591 2957 φερόμε-

2025 2995 2137 3043 νον,
2164 2982 2259 3032 καὶ
2289 2979 2407 3042 πῶς
2443 2979 2474 3045 ἢ
2531 2978 2662 3033 πότε
2722 2978 2995 3042 τεύξεται.
3049 2978 3236 3033 Ταῦτα
3277 2979 3376 3047 μιν
3413 2977 3505 3032 οῦν
3540 2982 3596 3031 ἐκ

2024 3072 2345 3142 περιουσίας
2395 3072 2597 3140 μᾶλλον
2633 3074 2823 3141 χρείας
2860 3072 3121 3141 εἴρηται·
3152 3074 3440 3134 ἀνοικείως
3489 3071 3593 3142 γὰρ

337 3167 447 3218 τῶν
484 3166 712 3234 ἀγώνων
744 3165 1025 3229 ἐπίδειξιν.
1079 3165 1394 3234 Εὑρυτέρας
1420 3164 1477 3215 δέ
1511 3164 1645 3233 πρὸς
1688 3165 1757 3216 τὰ
1789 3163 1919 3232 περὶ
1949 3172 1990 3229 c
2023 3164 2089 3231 τῇ
2124 3163 2251 3231 περὶ
2274 3162 2383 3215 τῶν
2414 3164 2559 3232 ὅρων
2594 3165 2693 3232 τῆς
2728 3163 2875 3231 ζωῆς
2903 3162 3164 3216 ὑποθέσει
3191 3167 3287 3217 καὶ
3318 3164 3415 3217 τοῦ
3448 3163 3603 3216 θείου

339 3262 552 3333 λῃστῶν
587 3262 677 3314 καὶ
710 3261 1060 3331 δηλητηρίων
1091 3259 1187 3312 νῦν
1229 3258 1463 3328 θεωρίας
1497 3258 1558 3310 οὐ
1586 3256 1769 3326 χρεία,
1799 3255 1913 3311 ἀλλ’

337 3357 418 3407 ὅτι
456 3354 619 3422 μόνον
647 3354 769 3422 εἰκῆ
800 3352 867 3404 τὰ
898 3349 1129 3403 τοιαῦτα
1176 3348 1436 3417 συνείρει.
1475 3346 1642 3399 Ἀλλά
1681 3348 1749 3399 τὰ
1781 3345 1915 3397 ἄλλα

338 3447 528 3500 τούτου
559 3445 835 3513 παρίημιο
874 3446 906 3512 ἡ
942 3444 999 3497 δὲ
1036 3441 1370 3511 πρόγνωσις,
1404 3441 1592 3509 φησὶν,
1631 3440 1731 3491 οὐκ
1766 3439 1918 3491 ἔστιν

341 3543 499 3608 ὅρος⁸
538 3539 915 3607 προεγίνωσκε
967 3537 1076 3605 γὰρ
1103 3538 1131 3587 ό
1162 3534 1293 3597 Θεὸς
1343 3532 1439 3601 τὴν
1478 3533 1796 3602 παράϐασιν
1824 3532 1918 3583 τοῦ

351 3632 525 3699 Ἀδὰμ
560 3635 656 3683 καὶ
688 3629 786 3700 τὴν
812 3627 906 3682 τοῦ
954 3627 1209 3681 διαϐόλου
1249 3626 1482 3692 τροπὴν.
1524 3625 1621 3677 καὶ
1660 3622 1760 3685 τὰς
1791 3626 1920 3676 ἐπι-

340 3727 617 3794 χειρήσεις
641 3727 748 3777 τῶν
766 3724 1112 3793 ἀνδροφόνων
1146 3719 1241 3775 καὶ
1267 3720 1376 3772 τῶν
1402 3716 1618 3771 ἀσεϐῶν
1651 3716 1755 3794 τὴν
1782 3718 1919 3770 πλά-

338 3839 459 3890 νην,
494 3820 588 3872 καὶ⁵
614 3818 778 3881 αὐτὸς
807 3817 977 3887 ὥρισε
1026 3817 1213 3868 λοιπὴν
1243 3814 1469 3876 τούτους
1522 3812 1802 3874 τοιούτους
1835 3812 1921 3878 γί-

340 3913 550 3967 νεσθαι.
592 3911 757 3965 Ἀλλὰ
792 3910 951 3963 τοῦτο
983 3908 1202 3971 ἀσεϐὲς,
1231 3908 1387 3976 φησὶ,
1421 3907 1585 3961 νοεῖν.
1624 3905 1783 3973 Ἐξῆν
1816 3906 1918 3973 μὲν

338 4005 435 4061 οὖν
469 4024 573 4061 τινι
604 4006 784 4073 λέγειν
828 4005 964 4074 πρὸς
1002 4002 1165 4055 αὑτὸν
1209 3999 1400 4068 ὥσπερ
1432 3996 1917 4068 ἀντεπηρεάζοντι,

342 4100 451 4153 Καὶ
486 4101 535 4151 εί
569 4098 644 4169 μὴ
682 4096 904 4167 ὥρισεν,
944 4094 1223 4165 ἄνθρωπε,
1249 4089 1365 4144 ἀλλ’
1393 4090 1507 4143 066’
1532 4088 1779 4142 ἐκώλυσε
1807 4105 1916 4140 κω-

339 4193 489 4247 λύειν
518 4193 839 4260 δυνάμενος.
877 4190 935 4240 Ὀ
971 4188 1274 4256 δυνάμενος
1316 4185 1374 4238 δὲ
1411 4183 1657 4235 κωλῦσαι
1704 4182 1800 4234 καὶ
1846 4180 1921 4250 μὴ

342 4284 569 4337 κωλύων
596 4283 758 4344 αὑτὸς
796 4282 945 4334 δοκεῖ
992 4282 1278 4347 πράττειν.
1329 4274 1726 4345 Ἀληθέστερον
1759 4271 1803 4324 δ’
1854 4272 1921 4325 ἂν

340 4374 463 4431 εἶπέ
494 4394 576 4438 τις
609 4377 744 4446 πρὸς
774 4374 939 4428 αὐτὸν
971 4374 1065 4427 καὶ
1092 4372 1211 4423 λίαν
1244 4370 1484 4432 οἰκείως,
1516 4368 1579 4420 Et
1609 4368 1707 4437 μὲν
1729 4366 1920 4434 ὥρισε,

338 4470 401 4522 τὸ
434 4465 736 4537 προσέταξε
770 4468 976 4535 λέγεις,
1021 4458 1065 4518 ὧ
1098 4464 1231 4517 καλὲ
1279 4464 1389 4515 τῶν
1434 4461 1596 4515 θείων
1650 4460 1919 4528 ἐξηγητά,

339 4564 374 4635 ἢ
402 4564 756 4632 ἐπηνάγκασε
784 4575 797 4590 ’
827 4562 920 4612 καὶ
949 4560 1033 4619 τίς
1068 4560 1217 4609 ἐστιν
1243 4555 1270 4606 ό
1301 4552 1459 4606 τοῦτο
1485 4552 1700 4621 φρονῶν
1749 4550 1782 4620 ἢ
1834 4549 1924 4600 λέ,

339 4674 454 4721 γων
482 4673 495 4719 ;
527 4656 575 4708 εἰ
608 4654 665 4706 δὲ
718 4652 779 4705 τὸ
814 4652 951 4720 πρὸς
999 4653 1087 4702 τὸν
1120 4649 1247 4718 ὅρον
1302 4648 1397 4699 καὶ
1436 4645 1498 4696 τὸ
1553 4644 1707 4704 τέλος
1760 4640 1921 4704 ἔταξε

339 4750 523 4816 λέγεις
568 4748 635 4817 τῇ
690 4744 822 4816 παρ’
874 4742 1068 4797 ἑαυτοῦ
1132 4740 1391 4810 χορηγίᾳ,
1425 4736 1544 4789 οὑδὲ
1600 4735 1758 4788 τοῦτο
1792 4735 1925 4803 περὶ

340 4841 433 4894 τοῦ
487 4841 661 4909 ’Λδαμ
697 4842 793 4894 καὶ
822 4839 931 4891 τῶν
967 4837 1147 4891 ἀλλων
1204 4836 1321 4903 ἐρεῖ
1353 4847 1468 4894 τιςο
1513 4827 1652 4898 πρὸς
1683 4827 1792 4897 γάρ
1831 4826 1927 4878 τὸν

339 4935 468 5003 ὅρον
520 4933 610 4983 καὶ
669 4934 729 4983 το
784 4930 939 4991 τέλος
974 4922 1035 4981 οὗ
1085 4926 1247 4995 χάριν
1302 4916 1718 4990 παρήχθηοῦτε
1761 4916 1925 4978 αὑτὸς

340 5027 573 5097 ἠθέλησε
610 5024 897 5096 ὁρισθῆναι
927 5022 1052 5073 οὔτε
1096 5020 1194 5087 τῆς
1233 5015 1334 5069 τοῦ
1366 5013 1574 5084 ὁρίζειν
1616 5010 1923 5078 δυναμένου

342 5116 632 5187 συνεργίας
655 5117 852 5185 ἐδεήθη
883 5113 980 5165 καὶ
1013 5113 1263 5182 ὁδηγίας,
1301 5106 1419 5162 ἀλλ’
1449 5104 1613 5167 εὐθὺς
1639 5102 1926 5172 γινόμενον

240 5219 246 5223 ⁴
342 5212 650 5281 ἅφηνίασεν
675 5224 689 5238 ο
714 5208 838 5261 ὅθεν
869 5208 983 5269 τοῖς
1033 5205 1164 5272 περὶ
1210 5202 1325 5255 τῶν
1366 5196 1803 5271 προωρισμένων
1835 5196 1925 5246 λό-

343 5322 475 5373 γους
502 5304 622 5356 οὑδέ
663 5303 840 5355 κοινὸν
869 5300 967 5352 καὶ
1007 5302 1122 5358 τοῖς
1178 5293 1415 5365 πρώτοις
1474 5290 1785 5360 ἀνθρώποις
1824 5288 1884 5338 ὃν
1912 5323 1923 5335 .

356 5386 603 5469 Ὧρίσθαι
629 5395 685 5448 δὲ
715 5395 889 5455 ἄλλως
920 5394 977 5444 ἐν
1017 5394 1081 5460 τῇ
1138 5389 1261 5457 θείᾳ
1299 5384 1496 5452 γνώσει
1527 5402 1586 5436 τε
1636 5385 1760 5436 κατ’
1784 5382 1929 5435 ἐκείο

344 5509 470 5551 νους
510 5492 604 5543 καὶ
639 5489 758 5540 λίαν
788 5485 937 5539 ἐστὶν
972 5482 1206 5553 ἀληθές·
1256 5478 1530 5551 πονηροὺς
1562 5477 1660 5547 μὲν
1695 5476 1802 5545 γὰρ
1831 5492 1927 5543 γε-

346 5586 535 5638 νέσθαι
563 5584 656 5635 τὸν
715 5580 887 5647 Ἀδάμ
922 5579 1018 5631 καὶ
1067 5580 1168 5645 τὴν
1213 5568 1365 5628 Εὗαν
1418 5571 1669 5640 οὐδαμῶς
1700 5566 1768 5641 ἦν
1798 5569 1931 5637 ὡριο

349 5677 548 5747 σμένον
578 5676 643 5726 ἐκ
687 5673 782 5726 τοῦ
815 5670 953 5725 Θεοῦ
981 5668 1095 5723 οὔθ’
1138 5669 1213 5730 ὡς
1254 5666 1764 5737 προστεταγμένον,
1791 5661 1928 5713 ὅπου

347 5789 411 5840 γε
456 5770 580 5824 οὐδὲ
641 5767 780 5837 πρὸς
828 5765 1068 5833 τάγαθὸν
1125 5761 1380 5832 βιάζεται
1431 5757 1532 5823 τὴν
1579 5754 1931 5823 ἀνθρωπίνην

347 5864 689 5935 προαίρεσιν,
721 5858 832 5913 οὔθ’
850 5858 925 5922 ὡς
956 5855 1389 5924 συντεταγμένον
1425 5851 1658 5911 ἐκείνοις
1695 5846 1756 5898 τὸ
1801 5860 1929 5896 συν-

666 5961 935 6018 ΡΑτιιοί..
956 6010 959 6013 ,
981 5956 1097 6014 Gn.
1144 5950 1305 6015 CLX,

2026 3255 2364 3326 προορισμοῦ
2426 3255 2676 3326 Διοδώρῳ
2731 3272 2791 3308 τε
2855 3255 3135 3325 ἠπόρηται
3176 3254 3450 3324 πρότερον
3507 3260 3598 3310 καὶ

2022 3349 2158 3416 ἡμῖν
2197 3347 2292 3399 νῦν
2346 3346 2633 3416 διατριϐῆς
2690 3346 2849 3415 χάριν
2905 3345 3257 3415 ἐπεστατήθη
3287 3362 3301 3377 ν
3336 3347 3498 3416 ἢρκει
3545 3346 3603 3400 δὲ

2021 3437 2279 3490 τοσοῦτον
2303 3440 2479 3491 εἰπεῖν
2513 3438 2588 3498 ὡς
2622 3438 2817 3507 ἀγνοίᾳ
2847 3436 2940 3490 τοῦ
2972 3438 3104 3508 ὅρου
3140 3438 3234 3490 καὶ
3259 3436 3353 3490 τοῦ
3377 3454 3597 3505 προορι-

2026 3531 2168 3599 σμοῦ
2204 3530 2408 3583 καὶτοῦ
2444 3530 2756 3601 προορίζειν
2779 3531 2873 3582 καὶ
2896 3528 2995 3597 τῆς
3025 3527 3304 3596 προνοίας,
3336 3529 3602 3599 μᾶλλονδὲ

2023 3622 2218 3690 ἀγνοίᾳ.
2237 3621 2436 3691 πολλῆς
2455 3622 2555 3691 τῆς
2570 3621 2920 3690 ἀνθρωπίνης
2932 3638 2991 3672 τε
3013 3623 3109 3674 καὶ
3127 3621 3274 3684 θείας
3295 3623 3506 3692 σοφίας,
3519 3625 3597 3677 οὗ·

2022 3717 2114 3780 τός
2146 3732 2202 3769 τε
2224 3716 2251 3766 ό
2278 3713 2544 3782 Διόδωρος
2577 3713 2671 3766 καί
2698 3730 2841 3776 τινες
2873 3712 3023 3767 ἄλλοι
3046 3716 3143 3783 οὑχ
3170 3707 3272 3765 οἷοί
3327 3729 3389 3767 τε
3442 3721 3600 3785 γεγό.

2026 3825 2182 3861 νασιν
2205 3807 2445 3875 ἐγκύψαι
2481 3806 2557 3874 τῷ
2588 3804 2747 3873 βάθει
2778 3806 2873 3874 τῆς
2914 3804 3227 3869 ὑποθέσεως
3260 3809 3353 3861 καὶ
3380 3808 3457 3878 τῷ
3493 3813 3601 3863 τῶν

2023 3900 2361 3954 διδασκάλων
2420 3898 2644 3967 σκοπῷ·
2698 3899 2850 3952 δοκεῖ
2904 3899 3013 3968 γὰρ
3086 3898 3244 3963 οὗτος
3284 3900 3473 3971 ῆὸρον
3501 3904 3603 3969 τὴν

2023 3994 2272 4062 ἀνάγκην
2302 3993 2441 4045 νοεῖν
2485 3994 2580 4044 καὶ
2619 3991 2716 4062 τὴν
2750 3991 3048 4061 πρόσταξιν
3091 3992 3233 4046 πάνυ
3282 3993 3538 4061 χυδαίιυς,
3569 3996 3601 4064 ἢ

2023 4088 2164 4154 ὅρων
2211 4083 2312 4152 τῆς
2363 4082 2719 4154 ἀνθρωπίνης
2780 4082 2929 4152 ζωῆς
2991 4084 3169 4153 πέρας
3214 4101 3268 4136 τι
3318 4084 3603 4153 βούλεσθαι

2024 4180 2165 4231 νοεῖν
2196 4177 2294 4246 τῆς
2336 4176 2485 4246 ζωῆς
2509 4176 2866 4245 τεταγμένων
2898 4168 3118 4247 ἑκάστῳ
3156 4177 3265 4229 τῶν
3296 4178 3605 4250 ἀνθρώπων

2026 4271 2273 4339 φυσικῶς
2324 4269 2743 4339 ἀπαραίτητον·
2796 4270 2893 4323 καὶ
2937 4268 3029 4322 διὰ
3084 4268 3241 4321 τοῦτό
3292 4287 3502 4339 φησιν·
3542 4272 3604 4325 Εἰ

2024 4364 2149 4431 ὅρος
2178 4358 2243 4432 ἦν
2272 4363 2373 4429 τῆς
2414 4362 2582 4428 ζωῆς,
2616 4360 2734 4419 πῶς
2766 4359 3113 4429 ἐμακρύνετο
3153 4360 3219 4413 ἂν
3253 4361 3356 4412 ὑπὸ
3387 4361 3525 4416 Θεοῦ
3572 4366 3603 4432 ή

2028 4454 2136 4504 τῶν
2178 4452 2484 4518 ἀνθρώπων
2528 4450 2687 4518 (cui);
2740 4448 2989 4509 καὶπῶς
3037 4448 3463 4515 συνεστέλλετος
3507 4453 3603 4504 καὶ

2033 4545 2147 4605 πῶς
2186 4544 2251 4599 ἂν
2291 4542 2523 4613 ἡδύνατό
2554 4559 2637 4603 τις
2666 4541 2759 4593 τὸν
2793 4541 2916 4609 ὅρον
2947 4538 3290 4592 διασαλεύειν
3341 4540 3541 4610 χείρων
3571 4542 3602 4611 ἢ

2026 4637 2266 4703 ἀμείνων
2308 4635 2632 4703 γινόμενος;
2698 4632 3098 4710 ᾊπλούστερον
3136 4630 3193 4682 δὲ
3244 4631 3339 4684 καὶ
3369 4631 3430 4684 τὸ
3462 4629 3606 4687 οὕτω

2025 4726 2397 4784 διανοεῖσθαι·
2441 4726 2565 4793 ὅρος
2597 4724 2707 4793 γὰρ
2754 4723 2916 4791 φύσει
2946 4722 3044 4788 τῆς
3080 4721 3427 4791 ἀνθρωπίνης
3462 4720 3605 4790 ζωῆς

2028 4820 2205 4881 οὐδείς
2237 4818 2385 4870 ἐστιν
2419 4818 2451 4886 ἢ
2500 4816 2708 4868 πολλῶν
2756 4814 2977 4866 αἰτιῶν·
3025 4814 3104 4866 διὸ
3139 4815 3232 4867 καὶ
3274 4815 3492 4883 εἴρηται
3519 4816 3605 4877 τὺ,

2028 4911 2421 4981 Γρηγορεῖτε*
2469 4910 2559 4964 ὅτι
2601 4912 2714 4963 οὐκ
2761 4908 2965 4961 οἴδατε
3009 4908 3150 4972 ποίᾳ
3208 4906 3456 4975 φυλακῇ
3501 4906 3608 4972 τῆς

2030 5006 2253 5074 νυκτὸς
2279 5008 2311 5060 d
2354 5006 2620 5070 κλέπτης
2642 5003 2904 5070 ἔρχεται.
2930 5000 2991 5052 Εί
3026 5000 3082 5052 δὲ
3113 4994 3183 5067 ῆν
3209 4998 3516 5067 ὡρισμένον
3552 5000 3610 5051 ἐν

2028 5103 2096 5171 τῇ
2128 5098 2289 5169 φύσει
2329 5097 2388 5151 τὸ
2410 5097 2584 5167 πέρας
2615 5095 2715 5165 τῆς
2742 5092 2977 5147 ἐνταῦθα
3012 5091 3159 5158 ζωῆς
3183 5130 3198 5154 ,
3240 5089 3297 5141 ἓν
3327 5089 3392 5141 ἂν
3418 5084 3485 5158 ἦν
3518 5091 3610 5141 καὶ

2030 5191 2232 5245 ταυτὸν
2264 5189 2490 5244 ἅπασιν.
2528 5188 2591 5241 Ιςί
2622 5187 2680 5238 δὲ
2704 5179 2814 5238 οἷόν
2843 5201 2903 5235 τε
2936 5179 3003 5252 ἦν
3034 5180 3193 5249 φύσει
3226 5181 3322 5233 καὶ
3351 5179 3608 5249 διάφορον

2031 5279 2194 5348 εἶναι,
2243 5279 2558 5349 ἐγινώσκετ⁹
2614 5279 2680 5332 ἂν
2732 5279 2837 5330 61:6
2875 5277 2987 5330 τῶν
3037 5272 3363 5344 ἀνθρώπων,
3418 5273 3608 5326 τοὺλά-

2031 5392 2217 5449 χιστον
2256 5375 2361 5428 ὑπὸ
2410 5374 2517 5424 τῶν
2550 5371 2754 5440 σοφῶν,
2787 5369 2898 5422 τῶν
2941 5368 3035 5421 καὶ
3068 5367 3238 5421 τᾶλλα
3265 5368 3365 5435 τῆς
3393 5365 3609 5433 φύσεως

2033 5466 2381 5537 ἐξητακότων
2439 5464 2577 5534 ἔργα
2640 5464 2781 5516 πάνυ
2839 5459 3048 5524 καλῶς.
3116 5458 3240 5510 Ἐπὶ
3300 5457 3361 5509 τὸ
3422 5455 3610 5526 μεῖζον

2036 5561 2195 5630 μόνον
2225 5559 2339 5611 ἔστι
2382 5573 2499 5619 πως
2528 5555 2713 5615 λαϐεῖν
2759 5555 2885 5623 ὅρον
2918 5554 3016 5620 τῆς
3055 5548 3406 5619 ἀνθρωπίνης
3438 5546 3609 5617 ζωῆς,

2033 5653 2130 5706 καὶ
2154 5650 2345 5704 τοῦτον
2371 5648 2734 5718 ἐνδεχομένως
2760 5661 2819 5697 τε
2840 5646 2933 5697 καὶ
2962 5644 3228 5706 σπανίως,
3259 5642 3333 5703 ὡς
3367 5640 3611 5693 σπανίων

2033 5746 2197 5797 τινῶν
2245 5745 2339 5796 ἐπὶ
2402 5741 2593 5793 τοῦτον
2654 5731 3089 5808 ἐφικνουμένων,
3162 5733 3308 5786 καθά
3366 5749 3541 5803 φησιν
3568 5737 3612 5785 vr:

2034 5835 2219 5903 Δαυτδ,
2274 5837 2331 5889 ἐν
2373 5832 2720 5895 δυναστείαις
2756 5831 2849 5885 καὶ
2887 5829 3041 5900 μόλις
3083 5829 3161 5888 εἰς
3199 5828 3287 5878 τὴν
3316 5825 3610 5898 ὀγδοηκον-

3185 5920 3259 5982 30
