4152 6280
387 369 524 433 11τηῖ

1374 381 1475 441 DE
1518 382 2284 453 PRIEDESTINATIONE
2327 395 2563 456 LIBER
2601 397 2693 457 IV.
3012 412 3036 440 ’

3512 408 3645 472 1246

383 482 579 587 νηρούς
614 485 807 587 τεκαὶ
841 486 1082 587 ἀγαθοὺς
1118 489 1176 541 ἐν
1205 507 1269 558 γε
1309 494 1420 587 τοῖς
1460 494 1598 565 πρὸς
1647 496 1744 566 τὴν
1777 498 1969 568 χρείαν
1998 508 2038 561 A
2072 524 2156 573 ροι
2191 509 2332 563 κατὰ
2371 511 2472 581 τὴν
2519 512 2630 565 τῶν
2665 514 2846 581 τόπων
2892 516 3175 587 διαφοράν.
3231 523 3330 577 Ἐκ
3360 525 3415 577 δὲ
3448 526 3557 579 τῶν
3589 530 3646 582 ἐν

381 577 478 640 τῆς
512 577 747 632 ἐνταῦθα
779 579 924 648 ζωῆς
978 583 1279 653 ἀνήκουσιν
1328 586 1390 638 ού
1451 589 1612 656 μόνον
1650 590 1863 661 βρέχων
1899 610 1959 645 τε

382 665 549 715 πᾶσιν
572 666 772 733 ὁμοίως
796 669 889 720 καὶ
920 670 1011 722 τὸν
1041 671 1193 740 ἣλιον
1229 674 1434 741 φαίνων
1467 677 1561 729 καὶ
1594 681 1773 733 πάντα
1804 680 1865 752 δή
1894 684 1961 737 τὰ

381 755 608 809 τοιαῦτα
625 759 815 821 ποιῶν,
836 762 970 815 ἀλλά
994 766 1086 817 καὶ
1111 766 1369 819 κινδύνων
1392 772 1685 839 προφανῶν
1709 773 1925 843 ἐξαιρού
1941 804 1960 816 -

383 850 697 915 μενος,·οὐδὲ
724 854 963 920 πιστοὺς,
991 858 1152 925 μόνον
1172 860 1308 912 ἀλλά
1326 863 1419 914 καὶ
1439 862 1702 927 ἀπίστους
1720 867 1821 919 ὑπὸ
1842 867 1957 935 φιλο

380 940 720 1009 ανθρωπίας,
750 945 842 996 καί
868 947 1069 1012 μᾶλλον
1093 950 1139 1001 εἰ
1170 950 1394 1014 δικαίως
1430 952 1595 1022 βιοῖεν
1615 970 1628 984 ⁶
1666 956 1789 1023 δόξα
1826 959 1954 1028 γὰρ,

379 1035 534 1098 φησί,
561 1034 731 1086 ταῦτα
756 1036 999 1101 δηλονότι
1037 1043 1129 1092 καὶ
1158 1042 1442 1107 δικαίωσις
1473 1048 1533 1097 ἐκ
1570 1047 1705 1099 Θεοῦ
1735 1048 1812 1116 τῷ
1864 1050 1959 1118 ὲρ-

379 1122 670 1195 γαζομένῳ
694 1127 754 1179 τὸ
776 1128 1004 1195 ἀγαθὸν,
1052 1132 1288 1199 μάλιστα
1326 1136 1423 1204 μὲν
1457 1138 1696 1209 Ἰουδαίῳ
1727 1139 1803 1208 τῷ
1828 1142 1957 1210 περὶ

378 1216 469 1268 τον
499 1218 595 1269 ἕνα
625 1218 760 1271 Θεὸν
791 1220 1130 1287 εύσεϐοῦντι,
1159 1220 1278 1279 εἶτα
1324 1228 1420 1280 καί.
1458 1228 1683 1301 Ἕλληνι
1714 1232 1791 1301 τῷ
1826 1235 1957 1302 περὶ

376 1310 444 1359 τὰ
479 1309 599 1361 θεῖα
632 1311 1042 1385 πεπλανημένῳ
1068 1333 1082 1347 ·
1113 1317 1213 1381 τῆς
1251 1318 1350 1384 μὲν
1398 1321 1506 1391 γάρ
1556 1323 1814 1387 ἀπιστίας
1841 1326 1957 1378 ἐκεῖ

376 1401 468 1452 τὸν
499 1401 597 1455 οὐκ
633 1404 834 1474 εύτυχῆ
865 1407 1080 1475 καρπὸν
1121 1409 1379 1477 λήψεται,
1412 1413 1512 1480 τῆς
1542 1412 1586 1465 δ’
1624 1414 1790 1481 ἄλλης
1823 1417 1957 1482 ἁγα-

378 1494 634 1563 θοεργίας
687 1498 787 1550 οὑκ
837 1499 1068 1568 ἄμισθος
1135 1503 1373 1555 ἐνταῦθα
1426 1506 1951 1576 καταλειφθήσεται.

376 1585 595 1639 Μᾶλλον
627 1588 682 1639 δὲ
717 1589 844 1651 τοὺς
896 1592 1136 1655 ἀγαθοὺς
1188 1596 1413 1664 ἀγαπᾷν
1458 1596 1678 1661 λέγεται
1719 1599 1783 1667 τῇ
1818 1598 1953 1667 πρὸς

374 1679 476 1747 τὴν
524 1679 700 1749 ἀληθῆ
756 1700 815 1734 τε
870 1686 964 1736 καὶ
1005 1685 1309 1755 μέλλουσαν
1356 1686 1502 1757 ζωὴν
1540 1688 1844 1757 ἀποϐλέψει
1879 1689 1953 1750 ὡς

375 1771 515 1839 πρὸς
556 1773 729 1841 αὐτὴν
771 1776 952 1840 μόνοις
988 1779 1271 1848 συνεργῶν
1312 1782 1427 1840 τοῖς
1470 1780 1712 1848 πρώτοις
1757 1782 1951 1848 ἐπιμε-

375 1862 606 1931 ληθῆναι
645 1866 959 1936 ⁴ήγαπτῖκόσι
987 1875 1334 1942 συνεργήσας
1385 1873 1450 1925 ἂν
1488 1874 1585 1925 καί
1620 1874 1785 1925 πᾶσιν
1815 1871 1952 1939 είγε
1989 1861 2027 1916 Β

375 1958 681 2025 ἐϐούλοντο,
714 1962 915 2031 μᾶλλον
963 1961 1019 2014 δὲ
1054 1966 1145 2015 καὶ
1197 1964 1543 2032 συνεργήσας
1578 1963 1795 2025 οἰκείως
1850 1962 1953 2024 ἕως

379 2053 587 2119 ἔδειξαν
630 2055 688 2107 οὐ
737 2056 1036 2125 χρῄζοντες
1090 2055 1498 2123 συνεργεῖσθαι.
1532 2057 1634 2117 Τὰς
1692 2055 1737 2107 δ’
1788 2055 1954 2115 ἄλλας

375 2146 476 2213 τῆς
530 2147 683 2215 ἱερᾶς
734 2147 963 2218 Γραφῆς
1012 2147 1319 2212 ἀποφάσεις
1375 2146 1649 2215 περὶτῶν
1680 2147 1776 2214 τῆς
1812 2145 1955 2212 ζωῆς

376 2238 521 2307 ὅρων
551 2237 605 2290 ἓν
635 2255 695 2291 τε
726 2242 836 2301 τοῖς
868 2240 1092 2306 ἀγαθοῖς
1146 2240 1241 2291 καὶ
1275 2241 1385 2301 τοῖς
1426 2238 1653 2307 φαύλοις
1701 2240 1792 2302 καὶ
1840 2240 1953 2300 τοῖς

377 2332 457 2392 είς
486 2330 584 2399 τὴν
625 2330 844 2383 αἰώνιον
880 2332 1319 2400 προωρισμένοις
1349 2332 1495 2399 ζωὴν
1518 2333 1611 2383 καὶ
1643 2332 1755 2392 τοῖς
1777 2329 1952 2397 αὐτῆς

377 2423 995 2494 ἀποδεδοκιμασμένοις,
1032 2425 1123 2475 καί
1152 2424 1225 2486 ὡς
1261 2425 1513 2493 ἑκάτεροι
1538 2421 1673 2475 Θεοῦ
1711 2424 1953 2490 προστά-

378 2514 455 2578 ξει
492 2515 584 2567 καί
614 2515 747 2578 ζῶσι
784 2516 875 2567 καὶ
926 2515 1254 2585 θνήσκουσιν
1288 2517 1345 2569 ἐν
1386 2518 1499 2579 τοῖς
1542 2517 1834 2585 προτέροις
1864 2516 1953 2567 λό-

376 2623 494 2673 γοις
525 2607 647 2676 ὄψει
676 2609 1161 2678 συνηθροισμένας.
1199 2608 1469 2662 Ἐνταῦθα
1501 2609 1559 2662 δὲ
1591 2612 1722 2678 ήμῖν
1746 2611 1773 2662 ό
1809 2612 1952 2672 θεῖος

376 2698 590 2761 Παῦλος
616 2701 803 2769 ἀρκεῖ.
839 2700 947 2752 Καὶ
990 2703 1118 2768 περί
1151 2701 1252 2770 μὲν
1294 2700 1392 2753 τοῦ
1422 2700 1569 2759 θείου
1610 2699 1950 2769 προορισμοῦ

374 2788 630 2841 τοσοῦτον
665 2791 722 2841 ἐν
755 2789 834 2859 τῷ
867 2790 1096 2860 παρόντι
1128 2791 1235 2843 τῶν
1263 2791 1438 2845 ἄλλων
1467 2807 1548 2843 σοι
1586 2792 1762 2858 λόγων
1803 2791 1953 2859 ἐχόν-

376 2896 487 2931 των
521 2881 696 2933 πάντα
724 2881 919 2951 δηλοῦν
966 2882 1002 2936 ὃ.
1040 2885 1105 2952 τῇ
1150 2882 1278 2952 περί
1306 2882 1498 2935 τούτου
1554 2882 1744 2950 σκέψει
1779 2899 1950 2950 προσ-

376 2971 500 3039 ήκει
526 2987 540 3001 ·
578 2971 706 3024 ἄλλο
749 2973 802 3024 δέ
833 2989 885 3023 τι
935 2971 1032 3040 σῆς
1063 2973 1277 3036 εὐνοίας
1328 2975 1489 3041 χάριν
1521 2973 1893 3043 προστίθεμεν
1922 2973 1951 3027 ὃ

373 3065 469 3114 καὶ
498 3065 671 3132 πέρας
718 3065 875 3116 ἔσται
916 3066 1011 3117 τοῦ
1045 3066 1226 3132 λόγου.
1263 3067 1367 3118 Τὸν
1402 3067 1733 3135 φαινόμενον
1759 3068 1950 3120 τοῦτον

292 3204 295 3205 ,
374 3154 517 3223 ὑπὲρ
545 3156 649 3222 γῆν
685 3154 889 3221 κόσμον
931 3155 1035 3207 ὑπὸ
1083 3156 1249 3224 νόμον
1279 3157 1403 3209 τινά
1433 3158 1739 3225 πεποίηκεν
1765 3160 1792 3211 ό
1820 3158 1952 3220 Θεὸς

373 3243 671 3313 πολυσχιδῆ
728 3245 819 3297 καὶ
880 3245 1075 3312 σοφίας
1125 3247 1327 3313 πολλῆς
1379 3247 1644 3315 γέμοντα,
1695 3248 1769 3309 ὡς
1817 3247 1883 3300 ἂν
1914 3249 1946 3315 ή

371 3336 631 3405 διάφορος
682 3337 777 3388 καί
823 3336 1046 3406 ποικίλη
1078 3335 1187 3389 τῶν
1225 3339 1281 3388 ἐν
1314 3336 1463 3406 αὐτῷ
1512 3337 1699 3407 μερῶν
1732 3338 1947 3403 κίνησις

370 3432 465 3482 καὶ
494 3429 777 3490 διάστασίς
803 3446 861 3480 τε
899 3429 990 3482 καὶ
1024 3430 1327 3500 συνδρομὴ,
1359 3428 1687 3480 δουλεύουσα
1719 3429 1796 3498 τῷ
1822 3428 1950 3497 θείῳ

372 3522 661 3592 θελήματι»
688 3521 823 3590 “Pb:
840 3523 938 3590 τὴν
968 3522 1076 3573 τῶν
1096 3523 1339 3589 γενητῶν
1359 3524 1452 3575 καὶ
1469 3521 1724 3589 φθαρτῶν
1740 3520 1946 3574 τούτων

371 3614 608 3683 ὓπαρξιν
626 3615 721 3665 καὶ
736 3612 1008 3685 διαδοχὴν,
1035 3613 1069 3667 θ.
1087 3613 1265 3666 πάντα
1297 3612 1459 3682 χάριν
1484 3612 1644 3681 ήμῶν
1680 3614 1809 3677 εἱσι,
1838 3614 1949 3665 τῶν

371 3706 680 3775 ἀνθρώπων
724 3704 820 3758 καί
868 3705 1141 3777 διαφόρων
1174 3706 1642 3774 ἀποτελεσμάτων
1676 3706 1826 3757 αἰτία
1860 3706 1947 3772 γί-

370 3816 550 3866 νηται,
585 3800 684 3851 ούκ
709 3798 928 3852 εἰδότων
962 3800 1061 3868 μὲν
1090 3801 1269 3851 αὐτῶν
1303 3799 1412 3850 τῶν
1461 3801 1553 3850 τοῦ
1611 3799 1814 3866 κόσμου
1852 3816 1948 3866 με-

375 3892 486 3962 ρῶν
534 3892 571 3946 θ.
614 3892 855 3957 ποιοῦσι,
898 3894 1018 3954 ταῖς
1049 3892 1108 3944 δὲ
1143 3890 1481 3954 ἐντεθείσαις
1522 3890 1707 3952 αὐτοῖς
1762 3890 1950 3942 θεόθεν

371 3983 774 4053 ἐπιτηδειότησι
804 3983 943 4052 πρὸς
991 3983 1052 4035 τὸ
1100 3982 1327 4036 τοιαῦτα
1360 3983 1538 4035 ποιεῖν
1587 3981 1857 4045 ἀκουσίως
1889 3999 1949 4035 τε

372 4073 464 4138 καὶ
500 4073 746 4140 φυσικῶς
774 4072 1156 4126 δουλευόντων.
1195 4072 1361 4126 Ὅθεν
1391 4074 1508 4134 ταῖς
1536 4071 1817 4141 διαφόροις
1851 4072 1950 4140 μὲν

370 4161 575 4227 αὐτῶν,
607 4162 894 4226 εὐτάκτοις
938 4163 994 4217 δὲ
1027 4164 1310 4233 κινήσεσιν
1348 4164 1750 4233 ἐπιστήσαντες
1790 4164 1949 4227 ἔνιοι,

372 4251 492 4309 εἶτα
524 4256 636 4319 τοῖς
676 4254 955 4325 διαφόροις
989 4255 1173 4309 αὐτῶν
1223 4254 1668 4325 ἀποτελέσμασιν
1728 4259 1786 4309 ἐν
1834 4259 1950 4319 τοῖς

371 4346 629 4399 ὑποκάτω
660 4345 870 4408 τούτοις
899 4349 1012 4409 τοῖς
1041 4348 1292 4416 γενητοῖς
1320 4347 1523 4417 τέχνην
1565 4349 1666 4418 μὲν
1699 4347 1949 4401 ἐντεῦθεν

372 4438 777 4507 συνεστήσαντο
811 4436 955 4491 πάνυ
1011 4437 1271 4500 συνετῶς,
1300 4439 1366 4491 τά
1416 4437 1645 4491 τοιαῦτα
1681 4438 1950 4508 ζητοῦσαν

2069 601 2180 661 τοῖς
2213 605 2460 668 γενητοῖς
2480 604 2690 668 τούτοις
2718 607 2899 676 νόμων
2926 611 2960 663 ἃ.
2996 612 3104 664 τῶν
3148 613 3451 683 ἀνθρώπων
3483 618 3647 687 χάριν

2069 690 2311 758 γίνονται
2338 695 2433 747 καί
2465 699 2602 750 εἰσιν
2648 700 2703 752 αἰ
2734 700 2987 770 διάφοροι
3017 705 3129 756 τῶν
3170 706 3475 775 ἀνθρώπιον
3510 710 3646 777 πρὸς

2066 785 2128 836 τὸ
2164 784 2263 854 ζῇν
2310 788 2494 855 χρεῖαι
2548 789 2929 859 πληροῦνται·
2982 794 3246 857 ὡσαύτως
3303 800 3369 850 ἐκ
3424 800 3535 851 τῶν
3589 802 3651 851 ἐν

2066 877 2375 945 ἀνθρώποις
2411 880 2656 947 φυσικῶν
2690 883 2870 952 νόμων
2900 885 2931 951 ἡ
2960 886 3070 937 τῶν
3092 888 3399 958 ἀνθρώπων
3429 889 3644 943 διοικεῖ-

2065 987 2154 1022 ται
2191 971 2302 1038 ζωή
2328 986 2342 1001 ⁸
2369 970 2492 1025 οὐδὲ
2531 973 2851 1028 συνίσταται
2891 968 3081 1044 ’μόνον,
3127 979 3265 1032 ἀλλὰ
3300 981 3393 1035 καὶ
3426 981 3647 1053 φθείρε-

2064 1081 2177 1118 ται.
2224 1063 2657 1133 ’Υποδείγματος
2697 1068 2882 1137 χάριν,
2909 1070 3074 1139 νόμος
3127 1070 3243 1124 ἔστι
3290 1074 3520 1140 φυσικὸς
3549 1074 3644 1126 τοῦ

2064 1157 2435 1231 κυϐερνήτου⁴
2448 1158 2628 1222 καλῶς
2660 1161 2864 1224 εἰδότος
2892 1163 3186 1233 κυϐερνᾷν,
3213 1167 3303 1218 καὶ
3323 1166 3417 1219 τοῦ
3444 1168 3647 1238 ναυάρ-

2064 1267 2160 1319 χου
2192 1249 2479 1319 νουνεχοῦς
2512 1250 2668 1315 ὄντος
2718 1253 2820 1322 τὴν
2860 1255 2992 1307 ναῦν
3040 1256 3430 1323 διασώζεσθαι,
3457 1259 3525 1311 ἂν
3568 1263 3641 1329 μὴ

2063 1343 2331 1410 κρείττων
2378 1342 2601 1411 ἀπάσης
2652 1344 2849 1414 τέχνης
2913 1349 3007 1400 καὶ
3062 1350 3335 1413 συνέσεως
3368 1353 3396 1403 ό
3431 1351 3643 1404 κλύδων

2063 1435 2309 1501 γένηται.
2368 1435 2467 1488 Ἂν
2516 1436 2572 1488 δὲ
2626 1438 3023 1509 ἀνεπιστήμων
3082 1443 3109 1494 ὁ
3162 1440 3509 1517 κυϐερνῶν
3547 1445 3578 1513 ἢ
3618 1448 3645 1497 ὁ

2063 1527 2331 1596 ναύαρχος
2380 1530 2475 1581 καὶ
2506 1529 2668 1583 εἰδότι
2714 1532 2790 1599 τῷ
2822 1534 3134 1604 κυϐερνήτῃ
3165 1536 3240 1605 μὴ
3278 1536 3405 1607 θέλῃ
3440 1539 3642 1606 προσέ-

2062 1642 2178 1693 χειν
2214 1625 2335 1693 μηὸ⁹
2370 1626 2479 1694 ἐῴη
2524 1624 2798 1695 κυϐερνᾷν
2827 1627 2993 1679 αὐτὸν
3025 1628 3100 1689 ὡς
3132 1628 3449 1691 ἐπίσταται,
3479 1632 3643 1698 νόμος

2062 1717 2177 1768 ἐστι
2207 1716 2303 1784 τὴν
2334 1716 2468 1768 ναῦν
2503 1717 2840 1771 ἀπόλλυσθαι
2884 1718 3159 1781 κλύδωνος
3198 1719 3517 1787 ἐγερθέντος
3549 1738 3644 1785 με-

2060 1807 2227 1873 γάλου
2260 1808 2292 1875 ἢ
2336 1808 2429 1859 καὶ
2458 1808 2729 1870 κλύδωνος
2761 1808 2911 1871 ἄνευ,
2942 1809 3001 1872 ἐξ
3042 1809 3217 1862 ἄλλων
3248 1811 3521 1878 δήπουθεν
3553 1814 3641 1865 αἰ-

2057 1901 2209 1955 τιῶν.
2250 1902 2343 1953 Ἐκ
2378 1900 2531 1953 τοῦδε
2554 1901 2649 1954 τοῦ
2686 1901 2855 1969 νόμου
2895 1904 3185 1972 συμϐαίνει
3216 1904 3491 1968 σώζεσθαι
3541 1907 3638 1973 μὲν

2058 1991 2346 2055 πλείστους
2388 1992 2551 2055 ὄντας
2598 1994 2727 2053 τοὺς
2773 1994 3047 2057 πλέοντας
3074 1996 3220 2048 δυοῖν
3266 1996 3434 2050 ἕνεκα
3458 1996 3640 2059 καλῶς

2058 2083 2322 2151 πράττειν
2361 2083 2602 2151 εἰδότων,
2648 2085 2989 2139 ἀπόλλυσθαι
3047 2088 3105 2139 δὲ
3159 2088 3305 2140 δυοῖν
3353 2088 3639 2141 ἀσυνέτων

2058 2174 2221 2228 ἓνεκα
2253 2177 2349 2230 καὶ
2378 2177 2856 2247 ἀνεπιστημόνων.
2892 2178 3029 2242 Τοὺς
3052 2180 3329 2243 τοιούτους
3355 2180 3455 2248 τῆς
3487 2182 3639 2243 θείας

2058 2266 2266 2329 τάξεως
2319 2267 2519 2330 νόμους
2571 2269 2620 2321 οἳ
2667 2268 2765 2337 τήν
2820 2267 2983 2335 φύσιν
3028 2269 3369 2338 ἀμφέχουσιν
3420 2270 3640 2324 ἃπασαν

2057 2358 2272 2425 ἀνάγκη
2304 2361 2455 2410 πᾶσα
2491 2358 2765 2423 σώζεσθαι
2806 2361 2866 2411 τό
2923 2377 2986 2427 γε
3022 2362 3191 2432 μέρος
3243 2364 3342 2432 τῆς
3400 2364 3635 2429 φύσεως.

2058 2450 2167 2502 Καὶ
2195 2450 2418 2513 τούτους
2446 2454 2472 2504 ό
2510 2451 2643 2514 Θεὸς
2675 2454 2949 2515 σώζεσθαι
2990 2455 3114 2516 τοὺς
3140 2456 3341 2522 νόμους
3390 2455 3465 2516 ὡς
3513 2456 3636 2507 ἐπί-

2058 2561 2167 2595 παν
2199 2545 2263 2613 ἐᾷ
2289 2544 2363 2613 μὴ
2405 2544 2751 2612 μεταποιῶνο
2775 2545 2835 2596 ού
2862 2545 2971 2614 γὰρ
3003 2544 3067 2598 ἂν
3096 2545 3275 2615 ἐαυτῷ
3296 2546 3391 2599 καὶ
3417 2548 3529 2608 τοῖς
3560 2548 3636 2599 0!-

2057 2636 2229 2698 κείοις
2274 2636 2653 2704 ἐπιτάγμασιν
2692 2636 2920 2705 ἔμελλεν
2976 2637 3329 2692 ἀντιϐαίνειν.
3390 2638 3532 2692 Ἀλλ’
3574 2640 3635 2691 ού

2055 2726 2298 2780 δουλεύει
2322 2728 2436 2789 τοῖς
2468 2726 2562 2780 ὑπ’
2589 2727 2756 2781 αὑτοῦ
2786 2727 3128 2796 τεθειμένοις
3150 2729 3341 2798 νόμοις
3378 2730 3636 2793 καθάπαξ

2058 2822 2168 2882 τοῖς
2204 2823 2447 2883 κτιστοίς
2472 2821 2567 2872 καὶ
2599 2821 2739 2890 μετά
2774 2821 2886 2873 τῶν
2948 2822 3267 2890 κτισμάτων
3297 2824 3597 2891 ήργμὲνοις
3621 2839 3635 2853 ’

2058 2912 2271 2981 καιροῖς
2313 2910 2373 2963 δὲ
2434 2910 2585 2974 ἰδίοις
2646 2912 2740 2963 καὶ
2786 2912 3183 2980 περιστάσεσιν
3223 2913 3381 2974 ἰδίαις
3411 2914 3636 2974 τούτους

2061 3004 2355 3071 μεταποιεῖ
2386 3002 2523 3072 πρὸς
2561 3002 2620 3054 τὸ
2654 3001 2864 3071 βέλτιον
2908 3002 2940 3072 ἢ
2976 3003 3036 3056 τὸ
3089 3006 3272 3074 χεῖρον
3313 3008 3425 3066 τοῖς
3459 3004 3632 3057 ἐντεῦ⁴

2060 3096 2151 3149 θεν
2202 3095 2650 3163 ὠφελησομένοις
2683 3094 2715 3163 ἢ
2756 3094 3119 3164 βλαψομένοις
3157 3096 3325 3160 ἀξίως
3351 3114 3364 3127 ’
3402 3098 3497 3149 καὶ
3538 3098 3635 3161 τῆς

1981 3220 2022 3275 c
2058 3188 2249 3257 χρείας
2277 3185 2374 3238 τοῦ
2409 3188 2766 3258 προσκαίρως
2803 3189 3132 3255 μεταϐαλεῖν
3157 3188 3322 3249 εὐθὺς
3354 3188 3632 3255 πεπαυμέ-

2056 3296 2153 3346 νης
2176 3277 2253 3338 ὡς
2281 3277 2379 3346 τὴν
2412 3279 2587 3347 ἀρχὴν
2619 3280 2927 3347 ἐτάχθησαν
2954 3274 3112 3340 αὖθις
3140 3279 3423 3341 σώζονται.
3453 3279 3633 3330 Τοιού-

2054 3386 2161 3420 των
2186 3366 2514 3438 τεραστίων,
2552 3369 2812 3420 τοιούτων
2835 3367 3136 3435 θαυμάτων
3166 3368 3378 3436 ἱστορία
3422 3368 3634 3435 πλήρης

2056 3457 2208 3509 πᾶσα
2239 3455 2334 3507 νέα
2364 3456 2457 3507 καὶ
2487 3456 2697 3508 παλαιά
2724 3471 2737 3485 ⁸
2766 3456 2840 3518 ὡς
2868 3456 2992 3522 ίερά
3022 3456 3118 3507 καί
3158 3454 3269 3508 τῶν
3304 3456 3504 3518 ἔξωθεν
3542 3458 3633 3507 καὶ

2055 3546 2153 3600 νῦν
2190 3548 2401 3600 ἐλάττω
2435 3546 2538 3615 μὲν
2586 3548 2681 3601 καὶ
2716 3546 2912 3613 πλήθει
2963 3547 3057 3599 καί.
3092 3546 3244 3612 τάξει
3294 3548 3401 3598 τῶν
3435 3546 3633 3613 προτέ-

2055 3652 2187 3704 ρων,
2245 3637 2473 3690 ἐκείνων
2513 3639 2558 3689 δ’
2595 3637 2661 3700 ἃς
2700 3638 2882 3700 αἰτίας
2937 3638 3198 3705 εὐλόγους
3248 3638 3305 3689 ἐν
3342 3638 3458 3706 ἰδίῳ
3492 3637 3633 3704 λόγῳ

2050 3724 2365 3795 δεδείχαμεν
2391 3728 2692 3788 σπουδαίως
2718 3729 3162 3798 ἐξειργασμένῳ.
3204 3729 3451 3781 Γίνονται
3477 3729 3520 3779 δ’
3545 3729 3632 3802 oin.

2053 3818 2147 3871 καὶ
2179 3819 2348 3886 ὁρῶσι
2376 3820 2555 3882 καλῶς
2586 3823 2633 3872 οἱ
2670 3821 2808 3889 μετὰ
2841 3821 2979 3872 Θεοῦ
3011 3821 3078 3872 τὰ
3111 3820 3207 3873 τοῦ
3236 3819 3376 3873 Θεοῦ
3408 3821 3632 3890 βλέπον-

2052 3928 2145 3971 τες
2166 3927 2179 3941 ο
2216 3911 2378 3974 σώζει
2407 3911 2505 3978 μὲν
2528 3912 2638 3981 γὰρ
2662 3911 2731 3962 δι’
2765 3911 2966 3981 ἀρετὴν
2992 3911 3102 3962 τῶν
3126 3911 3475 3980 ἐμπλεόντων
3505 3911 3633 3966 ναῦν

2053 3996 2400 4071 βυθισθεῖσαν
2416 4002 2482 4056 ἂν
2502 4005 2566 4073 τῇ
2581 4001 2675 4055 τοῦ
2692 4005 2966 4072 ναυάρχου
2985 4020 3043 4054 τε
3063 4007 3159 4057 καί¹
3179 4006 3512 4073 κυϐερνήτου
3534 4023 3631 4073 μω-

2055 4096 2166 4166 ρίᾳ,
2188 4098 2466 4166 συγχωρεῖ
2481 4095 2535 4149 δέ
2555 4112 2687 4149 ποτε
2721 4096 2860 4165 μετὰ
2885 4096 3273 4165 πονηροτάτων
3304 4096 3413 4149 τῶν
3430 4096 3630 4165 ἐμπλε-

2050 4189 2223 4241 όντων
2239 4190 2335 4244 καί.
2353 4188 2464 4241 τῶν
2482 4189 2762 4258 ἀρχόντων
2780 4189 2879 4258 τῆς
2906 4189 3035 4256 νηὸς
3066 4189 3330 4242 τοιούτων
3366 4190 3461 4242 καὶ
3494 4191 3633 4256 ἀγα-

2053 4281 2180 4344 θούς
2209 4297 2367 4343 τινας
2406 4282 2499 4334 ἐπὶ
2549 4283 2889 4351 συμφέροντι
2926 4280 3248 4349 βυθίζεσθαι
3282 4282 3392 4334 τῶν
3420 4283 3633 4335 οίκείων

2054 4371 2263 4441 ψυχῶν,
2325 4372 2422 4425 καὶ
2495 4370 2689 4433 ἄλλους
2762 4371 3104 4424 ἀπαλλάττει
3173 4372 3499 4441 παραδόξως
3563 4357 3633 4426 δι1

2052 4463 2303 4530 ἀγγέλων
2322 4461 2536 4525 ἐξάγων
2572 4463 2665 4514 τοῦ
2697 4461 2859 4532 βυθοῦ
2891 4462 3182 4531 μέλλοντας
3210 4465 3615 4531 ἀποπνίγεσθαι

372 4530 465 4584 καὶ
497 4530 830 4627 σκοῖτοῦσανν
853 4532 1146 4627 ’ἀσυνέξτωςῖ
1182 4531 1237 4584 δὲ
1268 4531 1533 4627 θεότθταξ
1582 4532 1695 4627 τοξς
1724 4532 1819 4627 τῷ
1852 4532 1947 4627 χέ’
1982 4564 2024 4620 ι)
2054 4553 2247 4616 ἄλλους
2275 4530 2706 4621 ἐμπλεύσαντας
2741 4554 2808 4606 ἂν
2837 4530 2903 4621 τῇ
2945 4552 3222 4625 μελλούσῃ
3256 4556 3631 4620 κατάγνυσθαι

372 4639 512 4691 σμου
552 4623 743 4691 μέρεσι
772 4621 985 4684 τούτοις
1025 4622 1335 4690 ἀπένειμαν
1377 4623 1478 4691 τὴν
1511 4621 1818 4693 ὀργανικὴν
1846 4626 1945 4676 αύ-

368 4715 477 4766 τῶν
506 4713 814 4781 ὑπουργίαν
848 4715 1172 4767 ἐπιστασίαν
1227 4716 1633 4783 δημιουργικὴν
1667 4716 1763 4768 καί
1793 4716 1946 4769 θείαν

366 4807 713 4871 δοξάοαντες.
759 4805 993 4875 Ὁμοίως
1025 4807 1119 4860 καὶ
1168 4807 1236 4860 τὰ
1265 4808 1473 4876 γενητὰ
1503 4806 1677 4861 ταῦτά
1716 4825 1775 4860 τε
1808 4810 1947 4879 πρὸς

366 4904 433 4970 τῇ
467 4900 537 4969 γῇ
574 4899 761 4966 νόμοις
835 4898 987 4960 ἰδίοις
1015 4898 1433 4975 ἀνεπαισθήτως
1478 4899 1822 4952 δουλεύουσιν
1850 4917 1949 4966 φυ-

368 4992 538 5054 σικῶς
570 4992 754 5053 αὐτοῖς
787 4991 1086 5043 ἐντεθεῖσιν
1122 4991 1226 5044 ὑπὸ
1261 4992 1416 5056 Θεοῦ,
1468 4992 1561 5045 καὶ
1612 4994 1643 5059 ή
1696 4991 1804 5043 τῶν
1853 4992 1946 5044 ἀν·

368 5083 605 5154 θρώπων
639 5081 902 5140 ὡσαύτως
937 5081 1052 5152 ζωὴ
1101 5083 1365 5145 τοιούτοις
1418 5083 1570 5146 ἰδίοις
1605 5083 1800 5149 ἄγεται
1860 5082 1945 5134 νό-

371 5180 513 5245 μοις.
545 5175 686 5236 Τοὺς
714 5172 991 5236 τοιούτους
1038 5174 1218 5227 τοίνυν
1270 5177 1327 5227 ἐν
1362 5177 1497 5228 πᾶσι
1532 5177 1646 5236 τοῖς
1679 5176 1945 5243 κτίσμασι

365 5267 463 5322 τοῦ
494 5267 629 5320 Θεοῦ
660 5267 858 5336 νόμους
896 5266 1162 5332 φυσικοὺς
1190 5268 1410 5335 νόμους,
1448 5267 1523 5329 ὼς
1557 5264 1946 5333 ἐγκτισθέντας

367 5360 472 5413 ὑπὸ
503 5359 638 5412 Θεοῦ
684 5360 752 5430 τῇ
804 5360 913 5412 τῶν
970 5359 1313 5429 πραγμάτων
1346 5358 1541 5427 φύσει,
1585 5358 1845 5412 καλοῦσιν
1894 5360 1945 5411 οἰ

368 5454 498 5521 περί
529 5449 703 5504 ταῦτα
736 5450 920 5503 δεινοί.
966 5452 1060 5503 Ἐκ
1105 5452 1204 5521 μὲν
1238 5452 1302 5519 δὴ
1357 5451 1467 5504 τῶν
1496 5452 1555 5501 ἐν
1590 5452 1702 5511 τοῖς
1745 5450 1945 5521 ὑψηλοί

364 5544 546 5612 τέροις
572 5541 753 5609 νόμων
783 5540 981 5611 ὄμϐροι
1017 5545 1112 5593 καί
1137 5542 1458 5611 ἀνομϐρίαι,
1493 5541 1641 5610 ψύχη
1679 5542 1775 5595 καὶ
1814 5542 1945 5593 καύ-

370 5652 514 5705 ματα
559 5636 619 5701 ἐξ
661 5627 737 5688 ὧν
776 5634 931 5697 αὖθις
963 5636 1202 5703 ύγιειναί
1245 5637 1611 5696 καταστάσεις
1649 5636 1741 5687 καί
1775 5633 1945 5686 νοσώ-

370 5746 484 5790 σεις
516 5728 824 5798 ἀνθρώποις
859 5745 917 5781 τε
955 5730 1183 5793 καὶτοῖς
1221 5731 1399 5793 ἄλλοις
1431 5730 1592 5792 ζώοις
1627 5729 1942 5795 συμϐαίνει,

370 5824 461 5876 καὶ
490 5823 719 5892 καρπῶν
745 5824 996 5894 εύφορίσιι
1031 5825 1123 5877 καί
1157 5825 1402 5895 ἀφορίαι,
1432 5825 1525 5876 καὶ
1571 5817 1727 5875 αὗται
1757 5822 1941 5889 διάφο,

2050 4642 2141 4712 νηῒ
2186 4643 2219 4711 ἢ
2256 4642 2576 4712 βυθίζεσθαι
2631 4644 2719 4694 ἐπ’
2772 4643 2921 4711 αὐτῷ
2957 4642 3035 4712 τῷ
3088 4643 3307 4712 μέλλειν
3349 4645 3633 4713 ἐμϐαίνειν

2047 4735 2340 4804 αἰφνιδίοις
2396 4734 2492 4786 καί
2553 4734 2845 4802 ἀδοκήτοις
2900 4736 3076 4804 εἴργει
3145 4736 3457 4807 κωλύμασι.
3529 4740 3634 4792 Καὶ

2047 4825 2277 4893 ἀλγοῦσι
2314 4825 2415 4894 μὲν
2446 4825 2610 4887 εὐθὺς
2642 4827 2927 4897 εἰργμένοι
2959 4828 3051 4880 τοῦ
3078 4827 3238 4891 πλοῦ,
3274 4829 3366 4881 τὸν
3396 4830 3453 4881 δὲ
3488 4830 3632 4882 θεῖον

2047 4913 2228 4973 οἶκτον
2292 4918 2669 4987 ἐπεγνωκότες
2727 4918 2911 4980 καλῶς
2977 4920 3117 4988 μετά
3174 4920 3271 4973 τοῦ
3329 4920 3428 4988 τὴν
3486 4920 3631 4990 ζωὴν

2047 5011 2232 5072 αὐτοῖς
2256 5011 2622 5081 προστεθῆναι
2656 5011 2751 5064 καί
2788 5011 2889 5081 τὴν
2930 5013 3109 5083 ψυχὴν
3140 5014 3220 5066 ἔτι
3274 5013 3627 5083 βελτιοῦνται

2047 5100 2123 5170 τῷ
2158 5099 2421 5171 θαύματι.
2452 5099 2614 5155 Οὕτω
2640 5101 2736 5155 καὶ
2772 5102 2931 5164 πόλις
2966 5101 3367 5171 παρανυμοῦσα
3401 5100 3630 5170 φαύλοις

2046 5192 2311 5264 ἄρχουσιν
2366 5191 2756 5263 ἐγχειρίζεται,
2832 5195 2928 5246 καὶ
2999 5194 3314 5245 τούναντίον
3383 5194 3629 5255 πολίταις

2044 5280 2271 5347 ἀγαθοῖς
2295 5280 2590 5350 οἰκουμένη
2616 5298 2629 5311 ·
2672 5301 2688 5333 ι
2735 5282 2903 5335 Δώσω
2958 5282 3089 5352 γὰρ,
3132 5285 3319 5352 φησὶν,
3356 5284 3629 5353 ἄρχοντας

2045 5366 2174 5435 ύμῖν
2204 5369 2351 5421 κατά
2433 5369 2530 5431 τὰς
2568 5369 2798 5439 καρδίας
2831 5370 3006 5439 ὑμῶν.
3043 5389 3060 5421 ι
3095 5373 3206 5425 Καὶ
3241 5372 3495 5441 βασιλεὺς
3530 5374 3627 5442 μὲν

2045 5457 2308 5510 ἀπολαύει
2339 5458 2435 5525 τῆς
2467 5458 2561 5511 τοῦ
2607 5459 2739 5512 λαοῦ
2791 5462 3059 5530 πονηρίας
3100 5464 3201 5532 τῆς
3243 5463 3413 5529 αὐτῆς
3473 5463 3625 5533 αὐτῷ

2044 5565 2102 5601 τε
2145 5552 2237 5601 καὶ
2270 5554 2385 5614 τοῖς
2427 5552 2755 5622 ἀρχομένοις
2788 5555 3004 5621 πληγῆς
3034 5554 3218 5606 θεόθεν
3264 5558 3507 5625 ήκούσης
3539 5556 3623 5608 ὅτι

2044 5641 2344 5709 δυνάμενος
2413 5644 2654 5716 κωλῦσαι
2721 5645 2821 5713 τῆς
2886 5647 3156 5714 πονηρίας
3214 5647 3313 5698 οὐκ
3376 5646 3620 5699 ἐκώλυσε

2045 5734 2408 5802 χαριζόμενος
2434 5751 2447 5765 ·
2494 5736 2759 5790 ἀπολαύει
2795 5739 2850 5791 δὲ
2901 5740 2995 5792 καὶ
3030 5741 3156 5802 λαὸς
3189 5742 3284 5811 τῆς
3329 5741 3622 5811 βασιλικῆς

2047 5829 2309 5896 πονηρῖσς
2376 5831 2877 5901 συμπαιδευόμενος
2936 5832 3010 5895 ὡς
3067 5834 3188 5887 ἀντὶ
3232 5834 3325 5886 τοῦ
3369 5835 3603 5887 διοοβοτ·
