4152 6280
590 381 725 448 1151

1690 396 1694 400 ‘
1730 384 2116 445 GENNADH
2147 381 2264 448 (ΞΡ.
2306 384 2814 445 ΡΛΤΠῘΑΠΟΠΕ

3711 382 3854 446 1152

569 509 770 559 οἰκεῖον
817 507 892 574 τῷ
924 507 1307 576 προνοουμένῳ
1334 507 1507 573 τέλος,
1560 506 1633 569 ὼς
1665 509 1755 560 καὶ
1804 507 2156 575 προνοεῖσθαι
2184 506 2231 563 A
2260 507 2353 557 καὶ
2385 505 2604 559 πάντων
2636 504 2802 559 αὑτοῦ
2832 504 2944 558 τῶν
2975 503 3159 557 καλῶν
3183 504 3392 558 ἐκεῖθεν
3430 504 3719 574 ἡκόντων,
3743 503 3857 563 πῶς

571 597 632 649 τὸ
657 599 736 659 είς
765 597 1001 664 τάγαθὸν
1026 599 1351 652 τάττεσθαιο
1379 599 1428 651 εί
1466 598 1522 651 δὲ
1552 599 1627 669 μὴ
1653 598 1773 668 είκῆ
1809 601 1874 652 τά
1903 597 2030 650 ὄντα
2059 613 2154 664 γε·

570 691 761 755 γόνασι
813 690 908 742 καί
957 692 1085 754 είσι,
1128 690 1211 743 δεῖ
1258 691 1398 760 πρὸς
1429 690 1489 743 τὸ
1512 692 1715 743 ὀἰκεῖον
1765 690 1975 744 ἕκαστα
2003 689 2155 752 τέλος

570 782 801 848 ἄγεσθαι
836 782 933 836 καὶ
981 783 1265 853 ἑπομένως
1318 785 1458 854 πρὸς
1510 786 1571 837 τὸ
1624 783 1803 837 κοινὸν
1841 785 2014 839 άπασι
2061 785 2158 838 καὶ

572 874 800 942 ἔσχατον
830 877 1005 941 τέλος,
1037 879 1174 944 ὅπερ
1196 877 1316 930 ἐστὶ
1350 878 1412 929 τὸ
1438 877 1755 931 κοινότατον
1788 877 1883 930 καὶ
1927 875 2158 945 ἔσχατον

573 959 798 1027 ἀγαθόν.
835 962 1001 1016 Ἀλλὰ
1032 965 1162 1034 περὶ
1194 965 1295 1034 μὲν
1329 964 1421 1019 τοῦ
1453 964 1686 1035 ἐσχάτου
1718 964 1907 1028 τέλους
1940 964 2037 1018 νῦν
2092 965 2154 1017 ού

575 1054 861 1107 σκεπτέον.
907 1054 1051 1107 Ἀλλ’
1086 1055 1169 1108 ὅτι
1198 1056 1280 1108 δεῖ
1307 1056 1489 1109 πάντα
1525 1055 1663 1125 πρὸς
1695 1055 1757 1107 τὸ
1784 1055 1985 1109 οῖκεῖον
2023 1055 2162 1121 ἀγα-

574 1140 667 1193 θὸν
694 1143 985 1198 τάττεσθαι
1017 1145 1095 1208 ὡς
1138 1145 1296 1199 τοῦτο
1341 1148 1497 1209 τέλος
1534 1146 1597 1200 δν
1640 1148 1823 1211 αὐτοῖς
1857 1145 1950 1201 τοῦ
2000 1146 2161 1213 γενέ-

575 1228 698 1282 σθαι
729 1247 788 1282 τε
818 1236 911 1285 καὶ
942 1228 1101 1299 εῖναι,
1134 1234 1229 1301 ἀφ’
1261 1235 1441 1289 αὐτῶν
1475 1235 1533 1289 δὲ
1566 1236 1626 1288 ού
1654 1237 1935 1303 γινόμενα,
1962 1235 2072 1288 ούδ⁴
2095 1234 2161 1289 ἂν

577 1319 667 1386 ὑφ’
695 1320 877 1373 αὐτῶν
916 1323 1053 1393 πρὸς
1084 1326 1145 1375 τὸ
1177 1324 1379 1376 οίκεῖον
1408 1323 1631 1391 ἀγοιντο
1666 1324 1844 1387 τέλος,
1887 1323 2158 1377 τάττοιντ⁹

576 1407 642 1460 ἂν
672 1405 765 1462 οὖν
797 1413 902 1464 ὑπὸ
930 1412 1025 1465 τοῦ
1057 1416 1425 1485 πεποιηκότος
1457 1415 1596 1469 αὐτά
1641 1415 1801 1471 Θεοῦ.
1844 1415 2154 1468 Τάττονται

573 1498 630 1552 δὲ
656 1501 717 1553 οὐ
751 1502 829 1572 τῷ
859 1504 1193 1573 πεποιῆσθαι
1228 1506 1391 1574 μόνον
1421 1504 1644 1561 τοιαῦτα
1677 1508 1771 1560 καὶ
1800 1506 2036 1576 δύναμιν
2068 1508 2162 1559 αὖ·

574 1595 687 1654 τοῖς
713 1596 1053 1648 ἐντεθεῖσθαι
1105 1596 1199 1649 τοῦ
1241 1597 1336 1649 καὶ
1376 1597 1513 1667 πρὸς
1546 1597 1782 1660 τὸτέλος
1812 1596 2049 1671 ἄγεσθαι
2097 1597 2158 1649 τὸ

578 1688 781 1739 οἰκεῖον
814 1689 879 1757 τῇ
936 1705 995 1740 τε
1030 1688 1211 1741 αὐτῶν
1260 1687 1423 1756 φύσει
1471 1691 1567 1742 καὶ
1594 1691 1661 1759 τῇ
1693 1688 1770 1760 τῷ
1824 1688 1990 1742 παντὶ
2021 1689 2160 1758 τῷδε

577 1776 730 1841 τάξει
761 1777 1029 1845 ἑκάστων,
1051 1779 1186 1832 ἀλλά
1213 1779 1310 1832 καὶ
1336 1779 1414 1850 τῷ
1439 1781 1538 1843 τὰς
1559 1780 1710 1848 σφῶν
1740 1780 2018 1848 ἐνεργείας
2047 1779 2161 1833 ἰθύ-

2255 598 2317 651 ού
2342 598 2523 666 πολλῷ
2541 598 2752 666 ’μᾶλλον
2777 600 2804 651 ό
2824 598 2957 661 Θεὸς
2986 598 3304 667 προμηθεὺς
3334 595 3491 649 ἔσται
3519 595 3640 648 τῶν
3668 593 3855 663 ἔργων

2261 688 2428 741 αὐτοῦ
2460 689 2679 743 πάντων
2709 687 2804 741 καὶ
2831 686 3107 756 διοικητὴς
3142 687 3237 739 καὶ
3269 685 3649 754 κυϐερνήτης,
3677 681 3760 743 ὡς
3794 683 3860 752 δὴ

2258 780 2353 832 καὶ
2376 778 2485 831 τῶν
2510 778 2647 848 πρὸς
2669 778 2846 833 ταῦτα
2868 779 3150 847 φερόντων
3181 774 3693 843 πλεονεκτημάτων
3722 774 3862 839 ἀγα-

2260 869 2490 939 θότητός
2519 887 2579 924 τε
2610 867 2817 939 δηλαδὴ
2864 870 2961 921 καὶ
2991 871 3182 937 σοφίας
3206 866 3605 932 καὶδυνάμεως
3646 864 3861 916 ούσιω-

2258 964 2364 1025 διῖις
2380 961 2529 1032 αύτῷ
2551 961 2941 1031 προσηκόντων
2956 960 3077 1014 οὐδὲ
3103 958 3305 1028 μᾶλλον
3323 957 3490 1028 ἐνὸςῆ
3513 957 3630 1009 τῶν
3648 955 3865 1007 λοιπῶν

2259 1053 2375 1106 ἀλλ’
2399 1053 2596 1122 ἐπίσης
2629 1053 2885 1106 ἁπάντων
2907 1052 3001 1104 καὶ
3022 1050 3268 1119 ἀπείρως
3294 1048 3512 1101 πάντων
3537 1048 3647 1100 καὶ
3665 1048 3741 1115 τῇ
3762 1044 3866 1113 τῆς

2260 1146 2449 1208 οὐσίας
2502 1145 2732 1214 ἀπειρίᾳ
2779 1143 3021 1197 οίκείων.
3074 1139 3150 1194 Τὸ
3202 1141 3248 1193 δ’
3301 1142 3451 1202 ὅπως
3514 1140 3617 1192 καὶ
3672 1138 3867 1198 αὐτοῖς

2260 1237 2375 1299 τοῖς
2402 1237 2706 1305 ποιήμασιν
2736 1235 2995 1304 ὀργάνοις
3025 1233 3125 1299 τῆς
3153 1231 3542 1303 κυϐερνήσεως
3571 1230 3865 1299 κέχρηται

2263 1326 2361 1377 καὶ
2385 1324 2447 1377 τὸ
2475 1323 2723 1377 ποικίλον
2752 1323 2852 1393 τῆς
2881 1322 3141 1393 τοιαύτης
3174 1323 3239 1375 ὲκ
3276 1321 3385 1374 τῶν
3419 1321 3630 1374 δούλων
3668 1320 3907 1372 διαχορ

2262 1417 2404 1480 νίας,
2458 1415 2718 1470 πλείστου
2775 1416 2933 1483 λόγου
2986 1432 3046 1469 τε
3087 1414 3192 1469 ’καὶ
3239 1413 3519 1483 θαύματος
3579 1412 3748 1478 ἄξιον
3803 1410 3864 1463 δν

2265 1505 2550 1574 παρείσθω
2607 1504 2724 1573 νῦν,
2762 1506 2884 1559 τέον
2913 1504 2970 1559 δὲ
3003 1506 3166 1574 μόνον
3208 1505 3347 1574 πρὸς
3391 1505 3453 1557 τὸ
3482 1503 3864 1573 ζητούμενον.

2275 1599 2340 1651 ’Π
2367 1596 2488 1651 θεία
2516 1596 2699 1650 τοίνυν
2743 1595 2973 1666 πρόνοια
3012 1596 3196 1649 νπάντα
3245 1596 3345 1665 μὶν
3374 1594 3755 1662 διαλαμϐάνει
3796 1593 3868 1644 τά

2268 1688 2365 1743 τοῦ
2399 1687 2535 1742 Θεοῦ
2566 1688 2706 1758 ἔργα
2730 1683 2801 1760 ἧς
2835 1688 2966 1742 ἄνευ
2994 1688 3147 1740 οὐδὲν
3176 1687 3313 1752 ὅλως
3347 1689 3433 1756 εἴη
3469 1687 3564 1739 καὶ
3595 1686 3860 1749 σώζοιτο,

2264 1781 2416 1835 οὐδὲν
2440 1782 2550 1851 γάρ
2584 1784 2734 1834 ἔστιν
2765 1781 2950 1843 αὐτοῖς
2986 1781 3081 1848 ἀφ’
3108 1780 3291 1834 αὐτῶν
3317 1780 3546 1849 ἀγαθὸν,
3579 1778 3786 1831 θεόθεν
3809 1778 3866 1831 δὲ

584 1839 795 1933 νεσθαι,
820 1869 956 1939 πρὸς
980 1839 1040 1922 τὸ
1056 1869 1151 1923 τοῦ
1175 1870 1361 1934 τέλους
1385 1839 1588 1939 μᾶλλόν
1604 1839 1665 1924 τε
1687 1859 1779 1925 καὶ
1799 1839 1928 1942 ρᾷον
1955 1874 2159 1942 τυγχά-
2191 1839 2234 1895 Β
2262 1839 2501 1930 ἅπαντα.
2518 1839 2700 1927 ’Ἆλλά
2727 1872 2822 1927 νῦν
2842 1839 2967 1927 ὅσον
2992 1839 3166 1943 αύτῆς
3195 1872 3325 1943 περὶ
3349 1839 3683 1941 ἀνθρώπους
3715 1871 3862 1932 ἐστὶ,

582 1974 730 2011 νειν·
767 1959 923 2013 τοῦτο
976 1961 1034 2014 δὲ
1072 1961 1395 2016 διοικεῖσθαί
1435 1979 1495 2016 τε
1534 1964 1627 2016 καὶ
1658 1964 2025 2034 κυϐερνᾶσθαι
2057 1982 2158 2019 κα-

578 2052 711 2103 λοῖτ’
739 2050 807 2106 ἂν
860 2052 1106 2115 δικαίως.
1150 2054 1376 2107 Πάντων
1425 2054 1537 2125 ἄρα
1587 2053 1697 2109 τῶν
1733 2056 1902 2109 ὄντων
1962 2058 2022 2109 ού
2056 2058 2155 2126 δη-

585 2144 842 2213 μιουργὸς
881 2144 1040 2215 μόνον
1093 2146 1242 2200 ἐστὶν
1293 2150 1322 2200 ό
1349 2148 1503 2213 Θεὸς,
1536 2146 1674 2201 ἀλλά
1714 2149 1811 2202 καὶ
1839 2148 2159 2218 προμηθεὺς

581 2237 675 2286 καὶ
733 2234 1038 2303 διοικητῆς,
1078 2237 1174 2289 καὶ
1232 2237 1575 2307 κυϐερνήτης
1622 2238 1717 2292 καὶ
1765 2239 1943 2292 πάντα
1970 2242 2002 2307 ἡ
2038 2239 2160 2294 θεία

582 2327 808 2396 πρόνοια
837 2327 1112 2399 διατρέχει
1146 2328 1213 2382 τά
1240 2328 1371 2382 ὄντα
1408 2329 1556 2401 ἔργῳ
1590 2332 1687 2400 μὲν
1722 2333 1816 2384 καὶ
1843 2335 1909 2402 τῇ
1936 2331 2159 2388 ἐκϐάσει

580 2420 639 2470 ὲν
674 2417 858 2481 αὐτοῖς
888 2414 1023 2471 οὖσα
1059 2419 1155 2471 καὶ
1215 2419 1569 2492 θεωρουμένη
1628 2421 1735 2475 ὑπὸ
1766 2423 1876 2476 τῶν
1931 2422 2161 2492 θεωρεῖν

580 2510 914 2578 δλναμένων,
944 2510 1020 2581 τῷ
1043 2512 1099 2566 δὲ
1129 2509 1273 2581 λόγῳ
1300 2513 1404 2584 τῆς
1433 2517 1691 2583 τοιαύτης
1720 2514 1829 2568 τῶν
1861 2515 1948 2568 ἐπ’
1974 2515 2160 2578 αὐτοῖς

583 2602 792 2669 (forsan
828 2602 921 2656 ὕπ’
971 2604 1164 2673 αὐτῆς)
1200 2604 1504 2673 γινομένων
1546 2607 1775 2673 τάξεως,
1809 2604 1869 2659 ὲν
1918 2605 1996 2674 τῷ
2042 2605 2161 2677 Θεῷ

580 2694 742 2761 οὺσα,
780 2695 855 2756 ὡς
883 2695 1039 2763 λόγος
1069 2713 1157 2758 τις
1185 2697 1283 2766 τῆς
1314 2697 1449 2766 πρὸς
1476 2695 1538 2752 τὸ
1566 2698 1718 2761 τέλος
1748 2698 1977 2764 τάξεως.
2015 2697 2078 2752 'H
2102 2697 2160 2751 δὲ

579 2787 735 2851 τάξις
785 2787 1063 2855 προύργου
1112 2789 1209 2857 μέν
1249 2789 1371 2843 ἐστι
1398 2792 1535 2858 πρὸς
1577 2791 1639 2843 τὸ
1673 2790 1901 2861 ἕσχάτον
1958 2792 2163 2857 ἀγαθὸν

582 2878 675 2929 καὶ
706 2878 1014 2931 κοινότατον
1064 2879 1283 2942 πάντων
1332 2881 1510 2945 τέλος,
1565 2881 1705 2952 ὅπερ
1737 2884 1886 2935 ἐστὶν
1935 2883 2098 2946 αὐτὸς
2133 2887 2163 2937 ό

582 2970 736 3035 Θεὸς,
771 2972 804 3037 ἡ
831 2971 931 3039 μία
958 2970 1053 3023 καὶ
1088 2971 1223 3041 μόνη
1255 2971 1476 3025 πάντων
1507 2973 1670 3041 ἀρχὴ,
1702 2973 1986 3042 ἑπομένως
2015 2974 2071 3028 δέ
2098 2991 2161 3042 γε

582 3064 676 3114 καὶ
714 3064 852 3132 πρὸς
890 3062 959 3115 τά
994 3062 1121 3133 τέλη
1160 3062 1271 3117 τῶν
1301 3064 1523 3117 οἰκείων
1557 3065 1813 3128 ἑκάστοις
1843 3067 2159 3136 ἐνεργειῶν,

2262 1967 2425 2037 μόνον
2457 1966 2772 2035 σκοπῶμεν.
2807 1964 2959 2035 Αὕτη
2993 1965 3171 2019 τοίνυν
3212 1967 3245 2035 ἡ
3276 1964 3399 2017 θεία
3444 1964 3683 2034 πρόνοια
3716 1963 3862 2016 πάν-

2259 2074 2358 2122 τας
2387 2057 2665 2129 διατρέχει
2709 2058 2839 2122 τοὺς
2883 2055 3226 2129 ἀνθρώπους,
3269 2056 3433 2125 ἔργον
3464 2055 3639 2109 αὐτοῦ
3693 2055 3863 2116 δντας

2261 2151 2357 2205 καὶ
2380 2151 2491 2204 τῶν
2523 2152 2867 2221 φαινομένων
2901 2149 3082 2222 έργων
3112 2150 3173 2203 τὸ
3209 2149 3520 2213 κάλλιστον,
3566 2146 3863 2216 διαφόρως

2264 2243 2452 2313 μέντοι
2482 2261 2546 2312 γε
2578 2245 2724 2299 κατά
2746 2243 2848 2314 τὴν
2888 2244 3139 2298 ἑκάστων
3167 2242 3324 2305 τάξιν
3350 2259 3408 2295 τε
3440 2242 3534 2294 καὶ
3564 2240 3757 2306 ἀξίαν.
3788 2238 3865 2290 Τὸ

2265 2335 2493 2407 μέν’γάρ
2522 2338 2601 2401 είς
2630 2336 2723 2391 τὸν
2744 2336 2878 2390 Θεὸν
2907 2330 3044 2407 ἧκον
3073 2335 3171 2404 μία
3203 2335 3352 2386 ἐστιν
3392 2334 3429 2400 ἡ
3464 2332 3597 2400 περὶ
3635 2331 3862 2390 πάντας

2263 2429 2585 2500 ἀνθρώπους
2617 2427 2782 2482 αὐτοῦ
2810 2428 3058 2498 πρόνοια.
3095 2427 3312 2489 Πάντας
3359 2425 3470 2493 γὰρ
3517 2422 3859 2491 ἀνθρώπους

2264 2519 2433 2586 θέλει,
2463 2521 2620 2589 φησὶ,
2655 2519 2898 2590 σωθῆναι
2952 2520 3046 2573 καὶ
3106 2520 3186 2580 είς
3234 2517 3529 2584 ἐπίγνωσιν
3586 2511 3864 2583 ἀληθείας

2211 2642 2217 2647 -
2263 2612 2456 2666 ιλθεῖν.
2486 2613 2578 2666 Διὸ
2611 2612 2705 2666 καὶ
2734 2613 2863 2679 μίαν
2906 2611 3089 2675 αὐτοῖς
3143 2608 3391 2679 ἀρχῆθεν
3429 2605 3586 2671 τάξιν
3638 2622 3704 2657 τε
3761 2604 3860 2657 καὶ

2261 2704 2421 2771 ἀξίαν
2451 2704 2688 2773 ενειμεν,
2731 2707 2795 2757 ὲκ
2848 2704 2906 2758 δὲ
2958 2703 3058 2771 τῆς
3084 2696 3347 2769 διαφόρου
3390 2699 3501 2751 τῶν
3532 2696 3859 2766 ἀνθρώπων

2265 2796 2645 2867 προαιρέσεώς
2694 2812 2756 2849 τε
2805 2796 2900 2849 καὶ
2943 2794 3152 2859 τάξεως
3194 2796 3290 2846 καὶ
3324 2794 3357 2862 ἡ
3385 2791 3540 2857 τάξις
3584 2792 3694 2859 τῆς
3726 2788 3859 2857 περὶ

2265 2888 2464 2950 αὐτοὺς
2499 2888 2754 2955 προνοίας
2783 2885 3142 2940 ποικίλλεται·
3177 2883 3285 2936 τῶν
3322 2882 3423 2953 μὲν
3456 2881 3568 2951 γὰρ
3599 2880 3859 2934 ἀπίστων

2265 2980 2394 3033 ὅσον
2447 2982 2530 3042 είς
2582 2978 2681 3049 τὴν
2717 2978 3004 3049 παροῦσαν
3048 2976 3229 3030 αὐτῶν
3272 2975 3398 3047 ἥκει
3440 2972 3588 3044 ζωὴν
3628 2972 3861 3044 προνοεῖ

2269 3073 2455 3142 μόνον,
2488 3071 2690 3143 ὁμοίως
2726 3072 2783 3125 δὶ
2816 3075 2910 3126 καὶ
2940 3070 3051 3124 τῶν
3090 3067 3303 3123 πιστῶν
3353 3069 3477 3138 μὲν,
3503 3063 3878 3135 ἁμαρτωλῶν.

581 3158 650 3210 δι’
673 3148 750 3209 ὧν
792 3157 1080 3226 προσεχῶς
1121 3174 1181 3210 τε
1215 3159 1352 3226 πρὸς
1382 3157 1443 3212 ’δ
1473 3158 1676 3212 οἶκεῖον
1721 3158 1958 3212 ίκαστον
2007 3159 2162 3223 τέλος
2186 3168 2233 3232 C
2264 3165 2345 3231 δὲ,
2371 3166 2644 3230 Λάμπειν,
2676 3164 2833 3233 φησὶ,
2855 3164 2947 3217 τὸν
2976 3164 3131 3234 ἥλιον
3158 3163 3252 3214 έπὶ
3276 3159 3516 3229 ἀγαθοὺς
3549 3162 3647 3213 καὶ
3683 3174 3857 3224 πονη-

581 3248 788 3319 άγοιντ’
824 3248 891 3303 ἂν
923 3250 1014 3302 καὶ
1039 3248 1108 3303 δι’
1140 3250 1322 3303 αὐτῶν
1377 3251 1519 3320 «pb;
1565 3251 1629 3303 τὸ
1678 3251 1814 3304 πᾶσι
1843 3252 2163 3306 κοινότατον

582 3345 680 3396 καὶ
713 3341 944 3412 ἔσχατον
1000 3342 1175 3406 τέλος.
1202 3344 1375 3397 Ταυτὶ
1414 3343 1473 3396 δὲ
1531 3345 1644 3407 τοῖς
1681 3345 1754 3414 μὴ
1785 3344 1905 3398 λίαν
1935 3345 2166 3412 ἄγεσθαι

581 3434 726 3505 λόγῳ
747 3434 1075 3501 δυναμένοις
1104 3435 1169 3488 ἐκ
1197 3435 1308 3488 τῶν
1342 3434 1522 3503 ἔργων
1559 3434 1654 3488 τοῦ
1692 3434 1827 3487 Θεοῦ
1865 3436 2064 3504 γένοιτ’
2097 3436 2164 3491 άν

580 3525 720 3594 δῆλα
751 3526 1038 3596 προσέχειν
1065 3526 1336 3590 ἐθέλουσι,
1368 3526 1465 3580 καὶ
1501 3525 1739 3594 μάλιστά
1762 3542 1827 3595 γε
1847 3525 1934 3578 ἐπ’
1956 3525 2168 3596 ἀνθρώ.

583 3633 724 3682 πων,
749 3617 945 3671 ταυτὸν
970 3618 1015 3671 δ’
1034 3617 1232 3681 εἰπεῖν,
1261 3617 1348 3686 ἐφ’
1381 3616 1771 3671 αὑτῶν.·Αύτοὶ
1804 3617 1913 3687 γὰρ
1943 3617 2165 3689 ποιηταί

476 3762 486 3777 ,
582 3709 692 3762 εἱσι
720 3708 816 3763 καὶ
847 3709 1169 3779 δημιουργοὶ
1204 3710 1345 3763 κατὰ
1372 3711 1472 3776 τὴν
1505 3710 1563 3762 ἐν
1597 3710 1747 3777 σφίσι
1779 3709 1935 3765 θείαν
1955 3713 2161 3776 εἰκόνα,

582 3802 731 3857 ἄλλοι
761 3802 937 3856 ἀλλων
987 3806 1052 3872 τῇ
1084 3819 1143 3856 τε
1172 3802 1326 3868 τάξει
1370 3803 1743 3873 διαφερόντων
1791 3806 1886 3856 καὶ
1944 3807 2059 3868 τοῖς
2088 3806 2167 3859 οῖ-

584 3895 756 3957 κείοις
804 3895 1051 3948 ἑκάστων
1087 3895 1267 3947 τέλεσι
1316 3894 1412 3948 καὶ
1454 3896 1678 3965 ποιηταί
1724 3896 1865 3949 εἰσιν
1893 3897 1954 3949 οὐ
2002 3896 2165 3966 μόνον

584 3986 894 4055 ύιρειμένων
950 3986 1165 4057 ἔργων,
1204 3987 1340 4040 ἀλλά
1396 3990 1492 4040 καὶ
1522 3988 1742 4041 οἰκείων
1787 3990 1855 4059 τῇ
1900 3989 2062 4058 φύσει
2088 3983 2164 4043 ὧν

585 4080 695 4130 εἱσι
727 4077 989 4145 πατέρες.
1041 4077 1263 4131 Τούτων
1295 4074 1390 4133 οὖν
1419 4079 1640 4133 πάντων
1671 4080 1735 4132 ού
1790 4084 2016 4151 ποιηταί
2058 4082 2167 4134 εἱσι

486 4224 491 4227 _
590 4170 773 4239 μόνον,
802 4168 938 4222 ἀλλὰ
968 4170 1062 4225 καὶ
1096 4171 1414 4239 προνοηταὶ,
1439 4171 1587 4234 ὅπως
1612 4167 1722 4224 εἶέν
1750 4187 1810 4223 τε
1840 4171 1935 4225 καὶ
1965 4167 2027 4225 εὖ
2058 4169 2168 4226 εἷεν

562 4261 660 4323 ὡς
688 4261 941 4323 ἑκάστοις
963 4260 1024 4314 τὸ
1049 4258 1109 4314 εὗ
1141 4255 1282 4316 εῖναι
1319 4265 1594 4332 προσήκει
1624 4263 1717 4317 καὶ
1743 4263 1819 4326 ὡς
1850 4262 2005 4317 αὐτοὶ
2033 4281 2167 4332 προ-

586 4355 727 4407 νοεῖν
750 4352 943 4406 τούτου
973 4352 1214 4407 δύναιντ’
1245 4354 1312 4406 ἂν
1336 4354 1431 4406 καὶ
1463 4353 1677 4409 εἰδεῖεν.
1704 4354 1815 4408 Καὶ
1833 4354 1953 4408 τόδε
1996 4372 2171 4426 προη-

584 4444 867 4514 γουμένως
905 4445 1006 4515 μὲν
1028 4445 1229 4533 ἀρετῆς
1254 4444 1402 4499 ἐστιν
1427 4443 1587 4517 ἔργον
1608 4446 1704 4500 καὶ
1735 4445 2076 4516 ἀγαθότητος
2102 4443 2170 4519 ἦς

585 4536 794 4590 ἑαυτῶν
847 4538 1009 4608 χάριν
1052 4528 1403 4606 φροντίζουσι
1441 4537 1536 4591 καὶ
1573 4538 1772 4604 ἄλλων,
1803 4539 1899 4593 καὶ
1930 4538 2170 4609 μάλιστά
2206 4519 2250 4574 D

583 4647 647 4697 γε
672 4629 767 4682 τοῦ
790 4632 943 4700 κοινῇ
967 4628 1244 4700 ὠφελίμου
1273 4629 1491 4693 ὁπόσοις
1518 4627 1679 4683 τοῦτο
1720 4631 1986 4700 ἁρμόττει
2016 4634 2171 4700 βασι-

584 4720 736 4774 λεῦσί
768 4738 827 4775 τε
868 4722 962 4773 καί
996 4720 1133 4783 ὅλως
1165 4720 1453 4790 ἄρχουσιν,
1504 4710 1792 4789 ἑπομένως
1823 4721 1881 4774 δὲ
1940 4723 2036 4777 καὶ
2069 4722 2169 4791 τῆς

584 4811 938 4883 ἀνθρωπίνης
969 4812 1063 4866 καὶ
1091 4813 1322 4882 δυνατῆς
1339 4813 1525 4876 αὐτοῖς
1557 4813 1750 4883 σοφίας
1780 4815 1942 4885 ἔργον
1999 4816 2170 4882 ἐστὶν,

584 4901 708 4958 εἶτα
738 4905 830 4958 καὶ
856 4904 958 4973 τῆς
987 4906 1053 4976 τῇ
1080 4904 1229 4972 σφῶν
1251 4903 1415 4972 φύσει
1444 4905 1834 4975 προσηκούσης
1856 4906 2167 4976 δυνάμεως.

587 4995 806 5049 Τούτων
831 4996 886 5050 δὲ
923 4997 1031 5048 τῶν
1060 4995 1227 5068 τριῶν
1273 4998 1472 5050 αἰτιῶν
1523 4997 1623 5066 τῆς
1653 4999 2012 5068 εὐποιητικῆς
2040 5015 2172 5069 προ-

587 5091 735 5156 ντίας
791 5092 1035 5163 ὑπεροχή
1067 5110 1126 5146 τε
1162 5093 1258 5146 καὶ.
1309 5093 1502 5160 ὕφεσις
1565 5096 1622 5146 ὲν
1663 5093 1983 5167 ἀνθρώποις
2024 5096 2173 5149 ἐστὶν

587 5184 688 5237 οὐκ
717 5183 898 5253 ὀλίγη.
931 5185 1039 5237 Καὶ
1082 5186 1202 5245 ταῖς
1237 5183 1445 5238 τούτων
1478 5186 1765 5256 διαφοραῖς
1810 5185 2027 5249 οίκείως
2052 5186 2171 5241 διάο

588 5291 752 5344 φορος
784 5277 817 5344 η
852 5276 981 5343 περὶ
1037 5274 1108 5329 τὰ
1147 5275 1285 5347 ἔργα
1335 5278 1617 5348 προθυμία
1650 5295 1708 5331 τε
1741 5278 1839 5332 καὶ
1869 5277 2033 5345 σοφία
2078 5279 2174 5330 καὶ

592 5367 746 5434 ἰσχὺς
783 5368 1018 5438 συναντᾷ
1066 5367 1142 5430 ὼς
1189 5371 1255 5439 τῇ
1310 5369 1420 5422 τῶν
1463 5369 1654 5423 αἰτιῶν
1704 5370 1911 5424 τούτων
1941 5371 2176 5441 διαφορᾷ

590 5462 685 5513 καὶ
714 5460 811 5529 τὴν
840 5460 897 5513 ὲν
929 5462 1042 5522 τοῖς
1070 5459 1254 5527 ἔργοις
1284 5461 1546 5529 διάφορον
1573 5462 1707 5530 πρὸς
1738 5463 1799 5515 τὸ
1822 5464 2021 5516 οίκεῖον
2047 5465 2180 5516 ἐκα-

593 5567 736 5611 στοις
766 5552 969 5619 ἀγαθὸν
995 5551 1149 5615 τάξιν
1174 5551 1445 5619 γίνεσθαι.
1481 5553 1544 5606 Εἰ
1578 5553 1758 5606 τοίνυν
1787 5556 1850 5606 ὲκ
1892 5553 2029 5608 Θεοῦ
2054 5554 2177 5606 τού-

593 5654 707 5699 τοις
737 5643 1079 5713 κεκόσμηται
1117 5645 1230 5705 τοῖς
1278 5645 1746 5713 πλεονεκτήμασι,
1776 5647 1845 5698 δι’
1876 5638 1951 5698 ὧν
1988 5646 2174 5711 αὐτοῖς

598 5730 691 5779 καὶ
718 5737 970 5805 ποιηταῖς
1002 5732 1145 5788 εἶναι
1187 5735 1282 5787 καὶ
1315 5735 1672 5805 δημιουργοῖς
1724 5739 1814 5788 καὶ
1844 5740 2174 5806 προνοηταῖς

603 5814 680 5866 ἔτι
717 5821 807 5875 καὶ
833 5822 1192 5892 κυϐερνήταις
1221 5824 1519 5893 περίεστιν,
1558 5825 1631 5889 ὡς
1658 5816 1879 5894 δημεῖᾶ
1908 5827 1995 5877 τοῦ
2033 5823 2172 5880 εἶναι

2272 3275 2398 3327 ρους
2440 3257 2534 3311 καὶ
2571 3256 2785 3328 βρέχειν
2822 3256 2918 3308 ἐπὶ
2946 3254 3194 3317 δικαίους
3224 3253 3320 3305 καὶ
3349 3251 3592 3313 ἀδίκους.
3642 3249 3751 3302 Καὶ
3795 3250 3858 3299 ἐκ

2266 3349 2414 3403 δυοῖν
2434 3347 2639 3402 τούτων
2675 3348 2852 3417 ῑργων
2879 3345 2980 3411 τῆς
3018 3345 3150 3414 περὶ
3176 3343 3239 3396 τὸ
3277 3342 3458 3395 κοινὸν
3495 3340 3601 3394 τῶν
3634 3337 3859 3409 ἀνθρὼ-

2271 3459 2388 3495 πων
2420 3440 2572 3504 θείας
2599 3440 2856 3509 προνοίας
2884 3433 3441 3507 κεφαλαιωδεστέρων
3466 3448 3526 3485 τε
3557 3430 3736 3484 ὄντων
3759 3425 3856 3480 καὶ

2268 3533 2510 3605 ἑκδήλων
2566 3532 2662 3586 καὶ
2710 3530 2782 3585 τὰ
2837 3529 2975 3584 ἄλλα
3033 3530 3133 3599 τῆς
3187 3526 3339 3591 θείας
3389 3524 3649 3597 προνοίας
3690 3522 3850 3591 ἔργα.

2269 3626 2408 3697 «pb;
2441 3625 2619 3679 πάντα
2662 3622 2964 3677 διαϐαίνειν
2990 3620 3192 3689 ὁμοίως
3219 3617 3508 3687 δηλοῦνται
3551 3614 3619 3668 τὰ
3660 3615 3719 3677 ἐς
3753 3614 3853 3681 τὴν

2270 3715 2555 3787 παροῦσαν
2591 3714 2740 3784 ζωὴν
2784 3713 3052 3766 τείνοντα.
3088 3712 3216 3772 Τοῖς
3252 3711 3309 3763 δὲ
3344 3709 3577 3770 δικαίοις
3611 3707 3853 3775 μάλιστα

2274 3808 2373 3880 μὲν
2401 3806 2469 3862 ἂν
2502 3808 2598 3861 καὶ
2628 3806 2842 3867 πιστοῖς
2870 3799 2972 3857 ὦσι
3002 3803 3067 3856 τὸ
3089 3803 3192 3870 τῆς
3221 3800 3478 3872 προνοίας
3502 3798 3708 3865 ἀγαθὸν
3735 3798 3853 3849 ἑπι-

2250 3899 2500 3970 λάμπει,
2565 3892 2728 3969 ἦττον
2790 3894 2849 3949 δὲ
2897 3896 3010 3959 τοῖς
3064 3894 3338 3955 ἀπίστοις,
3364 3891 3464 3945 διὸ
3509 3890 3605 3943 καὶ
3636 3889 3857 3961 εἴρηται

2268 3992 2396 4057 δόξα
2427 3990 2591 4045 παντὶ
2639 3989 2716 4058 τῷ
2748 3989 3102 4060 ἐργαζομένῳ
3142 3989 3203 4039 τὸ
3240 3985 3470 4054 ἀγαθὸν,
3504 3982 3723 4052 πρῶτον
3758 3980 3856 4050 μὲν

2281 4082 2544 4152 Ἰουδαίῳ,
2574 4080 2719 4134 τοῦτ’
2746 4081 2867 4133 ἐστι
2895 4078 3097 4148 πιστῷ,
3118 4073 3240 4132 εἶτα
3279 4079 3377 4131 καὶ
3408 4076 3633 4145 Ἕλληνι
3658 4115 3674 4139 ,
3706 4069 3860 4127 τοῦτ’

2269 4175 2420 4227 ἐστιν
2453 4172 2690 4241 ἀπίστῳ.
2723 4170 2894 4236 Δόξαν
2925 4171 2982 4223 δὲ
3002 4169 3083 4224 δεῖ
3108 4172 3250 4223 νοεῖν
3277 4167 3516 4222 ἐνταῦθα
3545 4168 3606 4220 ού
3639 4167 3744 4235 τὴν
3771 4165 3857 4219 ἀΐ-

2270 4265 2381 4318 διον
2411 4263 2626 4332 ἐκείνην
2659 4262 2751 4315 καὶ
2787 4261 3112 4330 μέλλουσαν,
3145 4259 3280 4314 ἀλλά
3309 4260 3410 4329 τὴν
3443 4262 3501 4311 έν
3527 4259 3640 4320 τοῖς
3682 4271 3854 4325 προσ-

2272 4357 2486 4426 καίροις
2517 4353 2950 4423 ἐπιφαινομένην
2977 4352 3157 4415 αὐτοῖς
3187 4353 3252 4404 ὲκ
3279 4351 3379 4419 τῆς
3406 4350 3556 4411 θείας
3587 4346 3853 4415 ἀγαθότη-

2277 4466 2389 4512 τος,
2429 4447 2667 4517 ἀμοιϐὴν
2727 4447 2835 4500 τῶν
2878 4446 2979 4516 τῆς
3029 4443 3380 4513 δικαιοσύνης
3411 4443 3611 4510 ἔργων.
3645 4442 3772 4494 Ὅτι
3800 4436 3853 4489 δὲ

2279 4540 2433 4593 ταῦθ’
2460 4538 2633 4598 οὕτως
2672 4538 2806 4610 ἔχει,
2832 4538 3076 4608 ἐναργῶς
3116 4539 3145 4591 ό
3180 4536 3320 4598 θεῖος
3354 4533 3567 4596 Παῦλος
3593 4532 3854 4603 παρίστη-

2274 4649 2350 4684 σι.
2399 4633 2624 4702 "pavos!
2663 4632 2794 4701 γὰρ,
2833 4631 3019 4702 φησὶν,
3054 4632 3083 4683 ὁ
3111 4629 3245 4692 Θεὸς
3279 4626 3501 4680 πάντων
3549 4622 3853 4694 ἀνθρώπων

2275 4723 2511 4792 μάλιστα
2540 4722 2635 4776 καὶ
2656 4722 2886 4786 πιστῶν,
2904 4720 3104 4774 οὐκοῦν
3126 4720 3220 4773 καὶ
3244 4719 3461 4771 πάντων
3491 4716 3592 4785 μὲν
3626 4714 3849 4776 πιστῶν,

2276 4812 2514 4883 μάλιστα
2545 4810 2603 4865 δὲ
2645 4812 2756 4865 τῶν
2784 4812 2925 4866 κατὰ
2950 4811 3105 4878 λόγον
3135 4827 3195 4864 τε
3240 4809 3335 4863 καὶ
3367 4809 3534 4877 νόμον
3573 4805 3850 4878 βιούντων,

2273 4906 2366 4958 καὶ
2428 4904 2498 4958 τά
2557 4904 2694 4975 «pb;
2746 4903 2809 4957 τὸ
2861 4902 3012 4967 τέλος
3064 4903 3299 4971 φέροντα
3350 4902 3500 4970 πάσῃ
3564 4898 3854 4967 μετιόντων

2278 4996 2509 5066 σπουδῇ.
2575 4995 2791 5051 υύκοῦν
2822 4996 3040 5049 πάντων
3081 4992 3387 5067 ἀνθρώπων
3418 4993 3514 5061 τῆς
3541 4990 3693 5052 θείας
3722 4990 3853 5041 ἀπο·

2273 5088 2549 5142 λαυόντων
2580 5088 2840 5157 προνοίας
2868 5088 2928 5140 ὲν
2954 5087 3022 5157 τῇ
3054 5085 3167 5154 ζωῇ
3192 5084 3364 5155 ταύτῃ
3387 5082 3530 5136 κατά
3557 5081 3656 5149 τὴν
3689 5096 3854 5133 κοινο-

2276 5182 2442 5251 τέραν
2475 5179 2704 5249 ἐκδοχὴν
2733 5177 2827 5232 τοῦ
2856 5178 2954 5248 τῆς
2985 5178 3243 5246 προνοίας
3272 5176 3557 5245 ὀνόματος,
3585 5174 3638 5226 οί
3675 5172 3854 5225 πίστει

2277 5274 2370 5325 καὶ
2402 5272 2503 5342 βίῳ
2542 5271 2972 5342 μεμορφωμένοι
3004 5270 3189 5329 καλῶς
3216 5269 3472 5339 προνοίας
3503 5267 3856 5332 είδικωτάτης

2280 5366 2431 5434 μόνοι
2449 5363 2836 5434 τυγχάνουσιν·
2863 5364 3051 5428 αὐτοῖς
3077 5380 3135 5416 τε
3159 5362 3270 5432 γὰρ
3296 5360 3577 5432 προῦργου
3611 5361 3741 5430 περὶ
3763 5358 3856 5426 τῆς

2276 5454 2498 5509 αἰωνίου
2532 5454 2686 5524 μέλει
2713 5454 2877 5524 ζωῆς,
2907 5455 2983 5518 ὡς
3001 5453 3261 5525 ὑπουργῷ
3296 5454 3389 5506 καὶ
3417 5452 3665 5521 συνέργῳ
3703 5448 3857 5517 μόνον

2281 5547 2360 5618 τῷ
2392 5546 2607 5616 σώματι
2631 5549 3000 5619 κεχρημένοις
3030 5548 3125 5600 καὶ
3147 5549 3222 5608 ὡς
3248 5546 3487 5616 πάροδον
3511 5543 3857 5614 διατρέχουσι

2276 5642 2374 5710 τὴν
2407 5632 2511 5693 ὧδε
2546 5640 2715 5709 ζωήν.
2765 5642 2874 5693 Καὶ
2907 5640 3037 5702 Θεὸς
3072 5639 3251 5693 αὐτῶν
3301 5638 3523 5708 προνοεῖ
3548 5635 3645 5706 τὴν
3678 5632 3857 5689 αὐτῶν

2280 5733 2539 5806 προθέσει
2574 5731 2815 5796 οἰκείως,
2848 5733 3027 5786 πάντα
3073 5733 3257 5792 αὐτοῖς
3303 5730 3441 5799 πρὸς
3468 5728 3709 5797 τάγαθὸν
3738 5744 3857 5780 συν-

2279 5826 2457 5895 εργῶν
2516 5827 2603 5877 καὶ
2646 5826 2781 5893 πρὸς
2828 5824 2884 5877 τὸ
2919 5824 3066 5886 τέλος
3106 5821 3573 5892 συμπροϐιϐἁζων
3608 5821 3748 5889 μετὰ
3769 5814 3856 5871 τοῦ
