4152 6280
543 384 680 447 ἰίτ9

1632 372 2003 432 GENNADII
2045 371 2149 430 ΟΡ.
2192 372 2620 432 I’ATRIARCH
2656 374 2697 430 Ε

3647 366 3776 461 mo

539 500 677 552 αὐτὰ
727 497 1008 559 σώζοντος.
1068 493 1373 563 Συνέδραμε
1404 493 1459 545 δέ
1509 491 1745 557 εὐλόγως
1791 493 1856 561 τῇ
1886 490 2108 562 τοιαύτῃ
2139 490 2182 546 Α
2212 507 2309 557 νην
2332 488 2426 542 τοῦ
2466 491 2803 557 πταίσματος
2832 491 3229 558 ἁντισήκωσιν·
3257 490 3366 551 τοῖς
3408 489 3464 542 δέ
3493 489 3615 541 τότε
3649 488 3780 552 ζῶσι
3812 513 3822 524 ο

537 592 637 658 τῆς
670 589 1087 659 άνθρωπότητος
1115 589 1252 658 πρὸς
1298 586 1389 638 τδν
1418 587 1559 638 θεῖον
1591 586 1765 650 Λόγον
1789 583 1980 636 ἐνώσει
2007 584 2102 634 καὶ

535 681 667 750 ἡικ
729 679 1005 747 Παρθένου
1053 677 1305 746 γέννησις
1361 678 1490 731 ἄνευ
1545 659 1786 746 σπορᾶς’
1835 675 2014 742 ἀληθῆ
2044 690 2102 725 τε

533 772 642 842 γὰρ
673 772 770 826 ἄνθ
781 788 960 841 ρωπον
988 772 1082 824 καὶ
1099 770 1320 823 πάντων
1338 770 1697 840 ἐξῃρημένον,
1717 769 1812 821 καὶ
1837 765 2100 836 καθαρὸν,

533 870 628 920 καὶ
685 867 877 917 τούτου
931 865 1092 935 χάριν
1124 863 1523 931 γεγεννημένον
1583 862 1751 930 ἐχρῆν
1806 861 1948 928 ὐπέρ
1994 861 2103 912 τῶν

531 955 834 1025 ἀνθρώπων
867 954 1332 1024 ἀπολογήσασθαι.
1365 954 1464 1006 Διά
1491 953 1587 1021 τὴν
1622 950 1779 1015 ἀξίαν
1801 951 1977 1003 τοίνυν
2007 951 2103 1018 τῆς

531 1045 626 1100 τοῦ
662 1046 836 1111 Λόγου
867 1037 1177 1116 θεότητοςῇ
1221 1047 1490 1114 συνῆπται
1521 1042 1890 1114 προσωπικῶς
1913 1043 1971 1095 τὸ
2011 1043 2103 1094 άν-

532 1138 804 1209 θρὼπινον
831 1135 925 1188 τοῦ
947 1134 1222 1204 Χριστοῦ,
1250 1136 1396 1204 καὶή
1427 1133 1668 1205 ὑπεροχὴ
1697 1135 1798 1202 τῆς
1823 1133 2103 1203 ἀνθρωπό-

533 1250 692 1302 τητος
720 1226 786 1301 ἦν
811 1233 866 1282 ἐν
883 1230 1050 1298 αὐτῷ.
1075 1223 1107 1301 ᾗ
1137 1229 1354 1281 πάντων
1381 1227 1517 1292 όμοῦ
1544 1229 1654 1280 τῶν
1681 1227 1898 1294 ἀτόμων
1934 1227 2103 1295 ὑπερ-

535 1326 647 1392 εῖχε
679 1325 775 1390 τῆς
811 1322 1025 1388 φύσεως
1049 1337 1062 1351 ·
1090 1319 1179 1372 διὰ
1209 1319 1364 1371 τοῦτο
1398 1321 1490 1371 καὶ
1537 1318 1692 1387 δίκην
1726 1319 1784 1370 ἐν
1813 1317 1888 1386 τῷ
1916 1317 2102 1387 οἰκείῳ

535 1415 697 1470 πάθει
728 1414 868 1483 ὑπὲρ
896 1414 992 1482 τῆς
1021 1413 1148 1481 ὅλης
1182 1411 1378 1464 δέδωκε
1406 1413 1618 1478 φύσεως
1655 1409 1764 1462 τῶν
1798 1409 2102 1478 ἀνθρώπων

533 1505 696 1559 αὑτοῦ
732 1523 794 1573 γε
824 1505 976 1567 ϐντος
1001 1504 1092 1556 τοῦ
1125 1521 1183 1554 τε
1219 1503 1452 1564 διδόντος
1482 1501 1576 1554 τοῦ
1610 1517 1668 1553 τε
1710 1500 2101 1569 λαμϐάνοντος*

533 1598 706 1650 ἐδίδου
727 1596 824 1665 μὲν
852 1596 959 1663 γὰρ
976 1595 1049 1655 ὼς
1078 1593 1360 1660 ἄνθρωπος
1391 1592 1510 1659 μεθ’
1536 1591 1852 1658 ὑπερφυοῦς
1874 1590 2100 1659 ἀρετῆς,

535 1686 806 1755 ἐλάμϐανε
838 1685 893 1737 δέ
921 1684 996 1746 ὼς
1041 1684 1171 1745 Θεδς
1216 1682 1334 1751 μεθ’
1386 1681 1700 1750 ὑπερφυοῦς
1743 1681 2100 1750 άγαθότητος.

536 1780 644 1830 Καὶ
667 1777 863 1830 ταυτὸν
892 1772 958 1847 ἦν
981 1777 1040 1828 τὸ
1069 1776 1167 1844 τὴν
1189 1778 1245 1826 ἐν
1279 1773 1425 1843 αὐτῷ
1449 1776 1640 1826 παθεῖν
1680 1773 2099 1843 άνθρωπότητα,

2205 582 2297 634 καὶ
2333 583 2467 648 μετὰ
2504 582 2670 635 ταῦτα
2697 585 3082 650 γενησομένοις
3125 583 3188 634 οὐ
3223 585 3428 652 προῖκα
3458 581 3632 650 πάντη
3680 581 3783 633 δω-

2207 673 2336 740 ρεὰν
2367 673 2473 726 ἔδει
2505 674 2743 728 δίδοσθαι
2776 677 2874 743 τῆν
2915 674 3175 742 τοιαύτην
3205 673 3531 742 εὐεργεσίαν
3561 671 3636 733 ὠς
3671 674 3784 729 τοῖς

2205 770 2492 838 προτέροις
2527 770 2775 829 ἐκείνοις,
2813 768 2949 820 ἀλλα
2976 767 3071 820 καί
3114 783 3256 829 τινος
3298 767 3393 819 ἀπ’
3431 765 3613 817 αὐτῶν
3651 781 3785 834 προ-

2203 864 2556 932 ηγησαμένου
2610 860 2819 914 δικαίου
2872 861 2970 929 τὴν
3026 859 3197 928 θύραν
3247 860 3348 924 τῆς
3390 858 3610 911 αἰωνίου
3639 859 3786 924 ζωῆς

2204 953 2576 1020 ἁνοίγνυσθαι.
2609 955 2702 1006 καὶ
2735 953 2796 1006 τδ
2828 957 3154 1021 προγονικὸν
3177 952 3400 1004 λύεσθαι
3445 950 3674 1018 κώλυμα
3705 950 3779 1001 ῶ;

2203 1047 2261 1099 ἐν
2287 1047 2366 1115 τῷ
2400 1047 2575 1118 καιρῷ
2597 1047 2703 1100 τῶν
2729 1049 2908 1115 νόμων
2937 1047 3348 1116 εὑρισκομένοις
3381 1045 3477 1098 καὶ
3499 1044 3597 1114 τὴν
3627 1041 3780 1094 θείαν

2203 1139 2286 1200 εἰς
2327 1139 2523 1201 αὐτοὺς
2576 1141 2836 1208 πρόνοιαν
2892 1138 3168 1208 ὀφείλουσι
3206 1155 3264 1190 τε
3310 1137 3407 1192 καὶ
3460 1135 3780 1204 δυναμένοις

2204 1230 2591 1298 ἐπιγινώσκειν
2626 1231 2827 1294 καλῶς,
2872 1234 2921 1284 εἰ
2973 1231 3326 1300 βουληθεῖεν·
3362 1229 3524 1282 τοῦτο
3575 1229 3632 1281 δὲ
3687 1246 3778 1279 πιο

2207 1319 2456 1372 στεύουσί
2484 1337 2541 1372 τε
2566 1322 2656 1373 καὶ
2688 1320 3110 1389 βαπτιζομένοις
3139 1323 3218 1382 εἰς
3240 1321 3332 1372 τὸν
3365 1319 3531 1372 αὑτοῦ
3552 1320 3781 1370 θάνατον

2205 1411 2345 1479 ὑπὲρ
2403 1412 2584 1465 αὐτῶν
2618 1412 2808 1480 ἔμελλε
2870 1411 3137 1480 γίνεσθαι.
3205 1411 3354 1464 Ἔδει
3387 1413 3444 1464 δὲ
3480 1412 3571 1463 ἐπὶ
3607 1411 3781 1475 τούτῳ

2204 1501 2296 1552 καὶ
2341 1501 2497 1564 ἰδίαις
2531 1502 2710 1554 αὐτῶν
2747 1503 3004 1564 σπουδαῖς
3033 1505 3124 1554 τὸν
3152 1504 3232 1563 είς
3264 1501 3360 1570 τῆν
3390 1502 3536 1571 ζωὴν
3564 1501 3781 1568 ἐκείνην

2202 1592 2398 1662 δρόμον
2423 1594 2606 1646 ἀνύειν
2627 1609 2641 1624 ·
2677 1594 3016 1662 ἀμελοῦντας
3047 1595 3178 1664 γὰρ,
3210 1593 3244 1662 ἢ
3275 1593 3371 1646 καὶ
3402 1593 3500 1661 τὴν
3531 1592 3782 1644 ἐναντίαν

2203 1685 2504 1751 ὁδεύοντας,
2532 1687 2630 1738 οὐκ
2659 1687 2726 1740 ἂν
2754 1682 2864 1739 οἷόν
2891 1705 2946 1740 τε
2983 1683 3071 1758 ἦν,
3101 1689 3196 1740 καὶ
3237 1687 3595 1755 ἀνεῳγμένης
3620 1684 3782 1738 εἰσιέ-

2205 1793 2292 1828 ναι
2317 1777 2413 1842 τῆς
2469 1777 2666 1846 πύλης,
2709 1779 2822 1830 ἀλλ’
2858 1778 3079 1847 ἔμελλον
3127 1778 3249 1832 ἀντὶ
3276 1776 3370 1828 τοῦ
3423 1775 3657 1844 φυσικοῦ
3688 1776 3783 1828 καὶ

534 1874 624 1924 καὶ
655 1871 714 1923 τὸ
766 1873 945 1924 πᾶσαν
1001 1870 1172 1939 αὐτὴν
1219 1869 1411 1921 παθεῖν
1445 1886 1502 1920 τε
1562 1869 1654 1921 καὶ
1703 1869 1861 1938 δίκην
1894 1867 2099 1924 δοῦναι.
2136 1855 2178 1914 Β
2209 1868 2426 1935 πρώτου
2483 1867 2807 1936 κωλύματος
2841 1867 3138 1938 λελυμένου
3167 1870 3234 1937 τῇ
3261 1867 3358 1934 τῆς
3405 1866 3782 1936 προαιρέσεως

545 1961 698 2014 Ἐπεὶ
730 1961 839 2030 γαρ
873 1959 1004 2021 Θεὸς
1039 1955 1106 2029 ῆν
1141 1962 1196 2011 ἐν
1241 1960 1317 2028 τῷ
1350 1959 1590 2029 Χριστῷ,
1625 1961 1652 2011 ό
1686 1961 1867 2026 πάσης
1917 1960 2102 2030 ἄρχων

532 2053 630 2121 τῆς
661 2052 898 2120 φύσεως,
942 2055 1036 2105 καὶ
1079 2054 1110 2118 ἡ
1141 2051 1526 2118 συνειλεγμένη
1561 2051 1698 2120 αὐτῇ
1723 2050 2098 2120 ἀνθρωπότης,

533 2145 844 2213 θεοπρεπὴς
877 2143 1010 2196 οῦσα
1043 2143 1128 2195 διὰ
1151 2145 1248 2209 τὴν
1283 2143 1418 2211 πρὸς
1451 2143 1584 2194 Θεὸν
1615 2143 1832 2206 ἕνωσιν,
1865 2144 2101 2210 εὐλόγως

532 2243 627 2310 τῆς
657 2242 782 2310 ὅλης
817 2241 925 2293 τῶν
951 2241 1255 2309 ἀνθρώπων
1312 2239 1524 2307 φύσεως
1557 2240 1882 2310 ἀντίρῤοπος
1913 2236 1981 2310 ἦν
2008 2242 2102 2292 καὶ

536 2332 878 2402 ἰσοδύναμος,
904 2331 997 2384 καὶ
1029 2334 1062 2402 ἡ
1095 2330 1325 2400 μεγίστη
1368 2332 1462 2382 καὶ
1494 2331 1808 2401 θεοπρεπὴς
1851 2333 2020 2401 ἀρετὴ
2045 2334 2102 2384 ἐν

530 2430 595 2496 τῇ
626 2427 764 2496 ὑπὲρ
799 2425 996 2485 παντὸς
1047 2423 1140 2475 τοῦ
1199 2423 1390 2491 γένους
1446 2423 1680 2488 ἑκουσίῳ
1743 2426 1925 2495 ποινῇ,
1962 2424 2104 2495 πρὸς

530 2520 675 2572 ἅπαν
703 2519 763 2571 τδ
791 2519 946 2586 γένος
983 2513 1050 2587 ἦν
1085 2516 1412 2584 διαδὸσιμος.

601 2613 675 2664 υὺ
703 2611 863 2675 μόνον
897 2611 952 2663 δέ
985 2611 1287 2663 συνέπαθεν
1311 2610 1342 2674 ἡ
1375 2607 1686 2680 ἀνθρωπίνη
1725 2609 1886 2678 φύσις
1913 2609 2100 2663 ἅπασα

527 2706 594 2774 τῇ
646 2703 1022 2773 ἀνθρωπότητι
1056 2702 1150 2755 τοῦ
1183 2702 1442 2772 Χριστοῦ,
1481 2702 1617 2756 ἀλλὰ
1665 2705 1760 2756 καὶ
1795 2704 2099 2771 συνανέστη

529 2798 622 2849 καὶ
651 2795 1008 2863 συνεδοξάσθη
1039 2797 1133 2847 καὶ
1178 2795 1552 2866 συνανελήφθη
1580 2795 1656 2858 ὡς
1691 2796 1897 2849 τούτων
1926 2797 2099 2850 ἁπάν-

526 2905 636 2940 των
663 2890 718 2940 ὲν
769 2885 915 2953 αὐτῷ
958 2885 1070 2939 τῶν
1098 2887 1401 2956 ἀνθρώπων
1443 2887 1624 2940 εἵνεκα
1659 2889 1970 2957 γενομένων
2005 2890 2101 2942 καὶ

528 2982 736 3040 πάντας
763 2977 1064 3032 διαϐαίνειν
1093 2978 1409 3046 δυναμένων
1455 2979 1517 3030 τό
1557 2995 1620 3045 γε
1644 2979 1739 3032 τοῦ
1769 2980 2099 3049 ποιήσαντος

530 3074 694 3142 μέρος
718 3087 732 3102 ·
766 3070 873 3122 τῶν
927 3070 1026 3139 μὲν
1052 3069 1162 3137 γὰρ
1195 3071 1250 3121 ἐν
1278 3070 1376 3140 ᾄδῃ
1419 3071 1869 3140 κατειλημμένων
1911 3074 2096 3127 ὁπόσοι

2203 1958 2485 2029 εἴργεσθαι
2513 1960 2738 2022 δικαίως
2767 1961 3074 2028 κωλύματι.
3129 1962 3238 2013 Καὶ
3268 1959 3375 2012 ἔδει
3426 1959 3566 2026 πρὶς
3601 1955 3779 2009 ταῦτα

2200 2053 2368 2119 νὸμου
2415 2050 2797 2116 τελειοτάτου,
2855 2052 3246 2118 διδασκαλίας,
3305 2053 3778 2121 παραδείγματος,

2202 2147 2570 2215 χειραγωγίας
2601 2146 2882 2207 παντοίας,
2920 2147 3008 2199 διὰ
3027 2148 3125 2216 τὴν
3159 2146 3358 2217 πολλὴν
3386 2146 3481 2199 τοῦ
3517 2145 3781 2212 κατ’ἁρε-

2201 2246 2298 2313 τὴν
2325 2245 2451 2315 βίου’
2473 2245 2794 2316 δυσχέρειαν
2825 2237 2918 2288 καὶ
2939 2239 3000 2288 τὸ
3029 2238 3222 2306 στενὴν
3256 2235 3396 2292 εἷναι
3428 2240 3521 2292 καὶ
3555 2241 3779 2306 τεθλιμ-

2205 2343 2373 2410 μένην
2395 2341 2494 2408 τὴν
2526 2342 2659 2406 πρὸς
2705 2342 2804 2409 τὴν
2836 2341 3012 2411 άληθῆ
3042 2340 3186 2410 ζωὴν
3235 2342 3531 2409 φέρουσαν.
3560 2340 3778 2408 Ὠσπερ

2199 2431 2429 2484 τοίνυνδ
2467 2431 2680 2501 πρῶτος
2731 2431 3017 2501 ἄνθρωπος
3079 2432 3302 2501 σπέρμα
3355 2430 3450 2484 καὶ
3495 2431 3638 2499 ἀρχὴ
3679 2433 3777 2495 τῆς

2201 2523 2308 2576 τὼν
2343 2523 2649 2589 ἀνθρώπων
2683 2526 2899 2592 φύσεως
2950 2524 3026 2577 ὢν
3073 2525 3297 2577 διέδωκε
3333 2524 3436 2594 μὲν
3477 2524 3545 2576 ἃν
3575 2524 3689 2583 τοῖς
3721 2523 3780 2585 ἐξ

2200 2615 2365 2668 αὐτοῦ
2388 2617 2748 2686 γεννωμένοις
2771 2617 2839 2668 τὰ
2863 2618 2958 2685 τῆς
2985 2617 3139 2678 θείας
3162 2617 3441 2686 ὑποταγῆς
3463 2611 3605 2670 ἆθλα
3638 2619 3780 2684 μετὰ

2199 2711 2310 2764 τῶν
2364 2711 2541 2764 ἄλλων
2578 2710 2756 2764 καλῶν
2791 2712 2899 2763 τῶν
2940 2710 3544 2779 συγκαταϐεϐλημένων
3606 2711 3774 2765 αὐτοῦ

2198 2807 2264 2874 τῇ
2309 2805 2493 2872 φύσει.
2531 2805 2559 2858 ὃ
2585 2806 2646 2874 δὴ
2672 2807 2765 2858 κα)⁴
2801 2805 2944 2867 θεῖος
2967 2801 3034 2875 ἦν
3065 2805 3194 2876 περί
3218 2806 3384 2859 αὐτοῦ
3413 2807 3506 2858 καὶ
3557 2805 3778 2860 πάντων

2201 2899 2422 2962 σκοπὸς,
2463 2899 2686 2951 διέδωκε
2727 2897 2782 2950 δέ
2815 2898 2935 2949 ἀντὶ
2973 2896 3180 2950 τούτων
3214 2892 3314 2967 τὴν
3366 2899 3644 2967 ἁμαρτίαν
3683 2899 3777 2950 καὶ

2197 2992 2296 3059 τὴν
2325 2992 2410 3043 ἐπ’
2441 2991 2578 3059 αὐτῇ
2611 2989 2802 3056 ποινὴν
2851 2989 3068 3052 οἰκείως
3108 2991 3242 3042 πᾶσι
3271 2991 3382 3052 τοῖς
3414 2991 3733 3060 σπέρμασιν
3758 3008 3772 3020 ο

2197 3082 2339 3135 οῦτω
2369 3083 2458 3135 καὶ
2481 3085 2546 3152 τῇ
2581 3083 2701 3153 θείᾳ
2731 3082 3114 3153 φιλανθρωπίᾳ
3162 3083 3434 3154 ἰατρεύειν
3471 3086 3654 3137 πάντα
3688 3085 3778 3154 βε.

530 3165 714 3259 πίίξτει
740 3163 838 3259 μὲν
867 3163 961 3259 ξιξιῖ
997 3162 1164 3259 ἀρεῖῇ
1191 3157 1331 3259 ἧῖξν
1365 3165 1809 3259 μεμρρφωμένοιν
1841 3168 1907 3235 τῇ
1935 3165 2094 3236 διπλῇ
2124 3203 2166 3259 C
2200 3176 2514 3244 ϐουλημένῃ
2563 3176 2837 3244 ἐγκαίρως
2870 3191 2928 3228 τε
2964 3178 3058 3228 καὶ
3101 3175 3445 3244 θεοπρεπῶς,
3477 3178 3553 3240 ὼς
3590 3179 3777 3231 πολλοὶ

526 3257 664 3326 πρὸς
699 3256 798 3324 τὴν
829 3256 1179 3324 εὐδαιμονίαν
1211 3255 1338 3324 ὁδῷ,
1369 3259 1430 3309 τὸ
1457 3257 1514 3310 δὲ
1546 3261 1869 3327 προγονικὸν
1897 3262 2095 3324 αὐτοὺς

527 3345 712 3418 αἰσχος
749 3348 1037 3401 καθεῖλκεν
1096 3349 1214 3400 ἐκεῖ
1266 3348 1361 3400 καὶ
1395 3350 1666 3417 κατεῖχεν,
1701 3350 2097 3419 ἀπηλλάγησαν

523 3443 602 3510 τῷ
629 3441 719 3492 τοῦ
755 3439 990 3511 Χριστοῦ
1022 3441 1235 3511 θανάτῳ
1264 3441 1338 3504 ὠς
1369 3441 1547 3512 οἰκείᾳ
1576 3443 1669 3495 καὶ
1690 3445 1843 3514 κοινῇ
1879 3444 2096 3498 πάντων

531 3534 710 3585 αὐτῶν
764 3533 1036 3594 ἀποτίσει,
1095 3531 1194 3598 τῆς
1228 3532 1588 3603 ὀφειλομένης
1635 3533 1794 3598 δίκης
1826 3534 1901 3602 τῷ
1933 3536 2096 3589 πταίο

532 3640 698 3692 σματι
719 3637 734 3653 ο
763 3621 981 3692 εὔχοντο
1014 3623 1111 3692 μὲν
1138 3623 1246 3691 γὰρ
1284 3623 1526 3676 κάκεῖνοι
1554 3625 1710 3694 δίκην
1743 3625 1942 3679 διδόναι
1970 3629 2098 3680 ἐκα-

527 3733 650 3777 στος
688 3715 1017 3785 πρόσκαιρον
1052 3715 1099 3766 εῖ
1153 3712 1265 3767 οἷόν
1302 3733 1359 3768 τε
1417 3711 1486 3785 ἦν
1532 3718 1627 3769 καὶ
1675 3717 2094 3789 ἀπαλλαγῆναιο

523 3811 745 3876 γνόντες
764 3809 876 3860 ἐκεῖ
895 3807 1169 3876 ἐγκαίρως
1201 3809 1297 3877 τὴν
1317 3808 1415 3876 τῆς
1441 3809 1863 3878 κακοδαιμονίας
1891 3813 2092 3874 αἰτίαν,

523 3902 644 3952 ἀντί
675 3900 780 3952 τῶν
807 3901 947 3966 ὑπὲρ
970 3899 1067 3968 τῆς
1091 3898 1433 3967 εὐδαιμονίας
1457 3899 1707 3965 ἐλπίδων,
1733 3878 1819 3964 αἷς
1855 3903 2093 3956 ἐνταῦθα

526 3989 848 4058 συνέζησαν,
907 3988 1022 4042 ἀλλ’
1063 3990 1159 4060 οὐχ
1217 3985 1329 4043 οἶόν
1372 4007 1430 4042 τε
1477 3987 1566 4060 ἦν,
1599 3993 1773 4045 οὐδενί
1801 3995 1989 4063 τρόπῳ
2033 3996 2094 4048 τὸ

522 4081 744 4148 εὐλογον
798 4083 998 4149 ἔχοντι.
1030 4081 1162 4133 Τότε
1193 4080 1252 4132 δὲ
1282 4083 1377 4133 καὶ
1417 4082 1510 4133 τὸν
1536 4085 1735 4152 τρόπον
1763 4084 2010 4154 ἔγνωσαν
2049 4081 2092 4155 ᾧ

521 4175 770 4226 λέλυνται
804 4172 910 4224 τῶν
940 4171 1176 4239 δεσμῶν,
1228 4174 1322 4223 καὶ
1355 4172 1429 4234 ὡς
1465 4174 1663 4242 ἐκείνῳ
1692 4177 1839 4245 μόνῳ
1867 4177 2091 4232 λύεσθαι

523 4264 586 4316 ἂν
618 4263 896 4332 ἠδύναντο.
935 4262 1040 4314 Καὶ
1073 4261 1180 4313 τῶν
1232 4261 1475 4316 ἀπίστων
1507 4264 1562 4317 δὲ
1591 4267 1780 4320 ὁπόσοι
1811 4270 1927 4337 μετ’
1963 4271 2093 4341 ἀρε-

521 4358 619 4423 τῆς
673 4359 772 4421 τῆς
815 4355 1169 4423 ἐνδεχομένης
1227 4350 1370 4424 ἦσαν
1451 4356 1687 4411 ἐνταῦθα
1738 4359 2087 4428 βεβιωκότες,

521 4445 683 4500 ἆθλον
711 4447 1054 4516 δικαιοσύνης
1085 4447 1174 4498 τὸν
1206 4448 1488 4514 φωτισμὸν
1539 4450 1794 4520 εὑρόντες
1825 4456 1926 4522 τῆς
1969 4455 2092 4509 δια.

2207 3270 2302 3322 καί
2331 3268 2552 3340 ἀληθεῖς
2580 3270 2720 3322 αὑτά
2753 3269 3046 3321 συνιστῶσι
3075 3271 3246 3338 λόγοι,
3298 3271 3510 3339 ἐδέησε,
3547 3273 3776 3342 σπέρμα

2207 3360 2556 3429 δικαιοσύνης
2608 3377 2667 3414 τε
2697 3362 2796 3431 τῆς
2832 3362 2970 3415 κατά
3017 3362 3306 3431 ἄνθρωπον
3336 3364 3430 3416 καὶ
3457 3363 3558 3432 τῆς
3598 3363 3775 3436 ταύτῃ

2201 3455 2674 3521 ἐπακολουθούσης
2697 3455 3044 3520 εὐδαιμονίας
3069 3457 3208 3508 κατὰ
3233 3456 3325 3508 τὸν
3350 3455 3408 3520 ἐξ
3435 3458 3612 3526 ἀρχῆς
3644 3462 3775 3526 περὶ

2181 3539 2308 3598 “τ‹ἷ›ν
2342 3545 2652 3612 ἀνθρώπων
2685 3545 2906 3609 σκοπὸν,
2955 3544 3242 3615 ἄνθρωπον
3275 3547 3601 3617 ἀναστῆσαι,
3625 3547 3774 3600 διδά-

2203 3641 2402 3692 σκαλον
2432 3639 2715 3707 ἀληθείας,
2751 3637 3071 3707 νομοθέτην,
3091 3637 3441 3707 δικαιοσύνης
3470 3639 3774 3710 παράδειγ-

2203 3749 2299 3800 μα,
2335 3731 2452 3782 οὐδὲ
2486 3729 2586 3801 βίῳ
2619 3728 2778 3799 μόνον
2812 3732 2904 3782 καὶ
2946 3729 3088 3798 λόγῳ
3125 3729 3256 3799 πρὸς
3293 3730 3476 3784 πίστιν
3507 3735 3600 3785 καὶ
3645 3736 3775 3800 ἀρε-

2197 3822 2299 3892 τὴν
2333 3822 2558 3890 ἄγοντα,
2590 3821 2727 3874 ἀλλὰ
2753 3821 2845 3873 καὶ
2874 3820 3114 3890 θαύμασι
3166 3822 3260 3874 καὶ
3293 3824 3542 3892 σημείοις
3603 3825 3773 3894 ὑπερ-

2197 3917 2381 3983 φυέσι,
2412 3916 2506 3968 καί
2549 3913 2982 3983 συμμορφοῦντα
3019 3913 3190 3976 οὑτως
3225 3916 3410 3983 ἐαυτῷ
3441 3918 3568 3979 τούς
3603 3917 3772 3981 σώζε-

2197 4007 2322 4060 σθαι
2360 4007 2655 4076 μέλλοντας
2701 4007 2795 4058 καὶ
2828 4005 2925 4075 τὴν
2951 4006 3051 4074 τῆς
3085 4007 3343 4069 ἀπιστίας
3377 4008 3471 4061 καὶ
3497 4009 3769 4078 πονηρίας

2195 4100 2364 4168 άχλὺν
2398 4101 2459 4152 ἐκ
2489 4101 2588 4170 τῆς
2619 4100 2720 4167 γῆς
2753 4099 3053 4168 δυνάμενον
3083 4099 3264 4171 πάσης
3296 4101 3672 4166 διασκεδάσαι,
3708 4109 3770 4158 τὸ

2195 4190 2292 4258 τῆς
2325 4187 2583 4257 ἀληθείας
2616 4189 2732 4256 φῶς
2759 4188 3163 4258 ἐπιλάμποντα,
3189 4191 3251 4242 οὐ
3293 4191 3619 4262 βιασθείσης
3648 4197 3768 4248 οὐδέ

2195 4280 2358 4333 πάλιν
2385 4281 2481 4347 τῆς
2532 4280 2928 4352 προαιρέσεως,
2983 4283 3120 4335 ἀλλὰ
3156 4283 3250 4336 τοῦ
3297 4285 3398 4352 μέν
3439 4287 3783 4353 προγονικοῦ·

2195 4373 2518 4440 κωλύματος
2560 4376 2628 4442 τῇ
2664 4374 2844 4427 πίστει
2877 4372 3072 4442 καὶτῷ
3101 4375 3440 4444 βαπτίσματι
3479 4379 3766 4447 λυομένου.

2193 4467 2292 4532 τῆς
2317 4466 2370 4518 δὲ
2403 4466 2524 4518 κατ’
2552 4466 2834 4536 ἐνέργειαν
2867 4468 3230 4537 προσωπικῆς
3261 4470 3538 4539 ἁμαρτίας
3569 4475 3632 4541 τῇ
3663 4489 3764 4542 τη-

519 4541 663 4603 νοίας
693 4540 984 4636 ὲγκαξρως.
1021 4541 1114 4592 καί
1142 4542 1253 4636 τὴν*
1383 4541 1546 4595 αὑτοῦ
1582 4543 1762 4636 πίσῗιν
1805 4550 1897 4598 κλὶ
1934 4547 2087 4600 αὐτοὶ
2122 4562 2163 4616 D
2193 4561 2348 4630 ρήσει
2391 4560 2498 4612 τῶν
2530 4559 2739 4623 τούτοις
2770 4559 3070 4628 δεδομένων
3117 4563 3300 4632 νόμων
3329 4539 3764 4636 άπειργομένης,

517 4636 628 4695 τοῖς
682 4631 966 4700 προτέροις
1024 4633 1565 4703 συναπηλλάγησαν,
1621 4635 1728 4689 τῶν
1785 4639 2086 4710 οὐδετέροις

515 4725 718 4793 ὁμοίων
751 4725 927 4792 μόνων
951 4725 1425 4792 ἐναπομεινάντων
1457 4725 1530 4796 τῷ
1571 4726 1702 4797 ᾄδῃ.

588 4816 660 4867 Οὐ
692 4815 872 4883 μόνοις
897 4813 951 4866 δὲ
987 4817 1097 4877 τοῖς
1139 4818 1195 4868 ἐν
1229 4815 1328 4888 ᾄδῃ
1358 4817 1419 4869 τὸ
1469 4820 1792 4886 προγονικὸν
1821 4815 1954 4891 ἦλθε
1991 4822 2084 4877 λύ-

519 4925 626 4958 σων
660 4907 889 4975 κώλυμα
915 4908 942 4958 ό
963 4907 1221 4976 Χριστὸς,
1255 4909 1390 4962 ἀλλὰ
1417 4911 1514 4963 καὶ
1549 4912 1715 4964 πᾶσιν
1751 4914 2079 4984 ἀνθρώποις,

518 5000 750 5067 μάλιστα
784 5001 892 5061 τοῖς
924 4999 1046 5052 τότε
1078 5000 1234 5067 ζῶσι,
1277 5001 1372 5053 καὶ
1423 5003 1560 5072 μετὰ
1590 5004 1759 5058 ταῦτα
1787 5009 2086 5077 γενησομέ-

515 5109 625 5154 νοις
649 5109 662 5122 ’
701 5091 842 5162 ὑπὲρ
879 5093 1094 5145 πάντων
1120 5094 1227 5162 γὰρ
1256 5089 1419 5164 ἦλθεν
1452 5096 1848 5168 ίκανοποιήσων
1868 5103 1934 5170 τῇ
1963 5102 2084 5173 θείᾳ

513 5176 856 5254 δικαιοσύνῃ.
917 5184 1080 5238 ’Λλλὰ
1129 5187 1256 5256 περί
1316 5187 1415 5254 μὲν
1466 5188 1574 5242 τῶν
1605 5193 1885 5263 προτέρων
1923 5195 2083 5264 ἤρκει

511 5277 674 5328 δόντα
703 5278 798 5344 τὴν
830 5277 986 5347 δίκην
1016 5277 1202 5337 αὐτὸν,
1242 5281 1420 5332 καίτοι
1455 5281 1622 5370 μηδὲν
1654 5283 1957 5352 ὀφείλοντα,
1992 5288 2085 5353 έγ-

512 5387 723 5438 καρπον
762 5371 948 5430 αὐτοῖς
999 5371 1226 5439 ποιῆσαι
1259 5370 1317 5423 τὸ
1345 5373 1444 5435 τῆς
1477 5373 1713 5439 πίστεως
1756 5381 1847 5430 καὶ
1877 5379 2083 5449 ἀρετῆς

513 5463 736 5529 ἀγαθὸν,
771 5460 863 5514 τοῦ
900 5461 1078 5513 κοινοῦ
1116 5461 1210 5513 καὶ
1251 5464 1480 5530 φυσικοῦ
1524 5465 1774 5530 λυθέντος
1826 5471 2081 5537 κωλύμαο

509 5571 633 5614 τος·
671 5555 763 5606 καὶ
821 5554 964 5606 τοῦτ’
997 5553 1193 5622 ἤνυσεν
1250 5555 1324 5617 ὡς
1374 5557 1592 5610 πάντων
1642 5561 1972 5632 ἁντίρῤοπος
2001 5563 2076 5616 ὢν

514 5649 605 5696 καὶ
629 5648 786 5710 φύσει
815 5647 912 5714 μὲν
937 5649 965 5698 ὁ
993 5646 1153 5708 αὐτὸς
1179 5647 1404 5710 ἐκείνοις
1435 5650 1636 5703 ἅπασιν
1664 5653 1762 5715 ὢν,
1800 5672 2080 5723 προσωπι-

512 5739 579 5802 κῇ
615 5736 668 5786 δὲ
695 5735 818 5804 ἀξίᾳ
853 5738 1067 5789 πάντων
1111 5738 1391 5807 ὑπερέχων
1430 5741 1592 5808 ὁμοῦ,
1618 5743 1688 5794 δι’
1725 5745 1792 5814 ἣν
1834 5750 2074 5819 ἀνεπλη-

510 5827 670 5895 ροῦτο
702 5827 754 5878 τί»
786 5829 878 5895 τῆς
921 5829 1132 5894 φύσεως
1163 5828 1429 5898 ἔλλειμμα
1475 5834 1608 5902 πρὸς
1640 5836 1736 5905 τὴν
1789 5839 2077 5911 ὀφειλομέ-

2190 4656 2334 4722 ἅπερ
2370 4648 2439 4723 ἦν
2471 4653 2498 4705 ό
2549 4652 2758 4720 καρπὸς
2815 4651 2908 4705 τοῦ
2945 4653 3090 4705 θείου
3122 4655 3499 4725 κηρύγματος.
3560 4659 3635 4711 Τὸ
3667 4662 3767 4728 μὲν

2189 4747 2282 4801 οῦν
2317 4747 2541 4816 φυσικξν
2565 4747 2659 4816 τῆς
2714 4737 3134 4818 ἅνθρὼπότητος
3190 4749 3414 4820 σπέρμα
3460 4752 3621 4823 ἤρκει
3670 4756 3768 4808 καὶ

2187 4839 2342 4908 ψιλὸν
2375 4837 2662 4907 ἄνθρωπον
2687 4834 2846 4906 εἶναι,
2879 4838 3068 4910 ὥσπερ
3095 4841 3203 4910 ἄρα
3235 4844 3326 4894 καὶ
3359 4838 3426 4914 ἦν
3449 4861 3464 4876 ο
3490 4842 3551 4896 τδ
3585 4845 3642 4898 δὲ
3668 4847 3766 4915 τῆς

2189 4931 2566 4999 πνευματικῆς
2594 4930 2932 4998 ἐπιστροφῆς
2966 4933 3057 4983 καὶ
3087 4933 3320 5002 διαίτης,
3351 4934 3419 4986 δι’
3465 4931 3541 4989 ὧν
3567 4939 3598 5005 ἠ
3629 4938 3766 5006 πρὸς

2187 5025 2288 5094 τὴν
2346 5023 2691 5092 εὐδαιμονίαν
2747 5023 2863 5086 ὁδὸς
2895 5023 3086 5092 ἔμελλε
3149 5028 3263 5088 τοῖς
3306 5029 3765 5097 προαιρουμένοις

2188 5117 2467 5180 ἀνύεσθαι,
2501 5116 2745 5185 μεγάλην
2785 5115 2929 5186 ἔχειν
2961 5119 3126 5187 ἐχρῆν
3151 5119 3248 5184 τὴν
3278 5120 3554 5190 ὑπεροχήν
3588 5138 3649 5174 τε
3672 5129 3767 5175 καὶ

2187 5209 2436 5276 δύναμιν,
2498 5208 2593 5260 καὶ
2644 5207 2998 5278 πνευματικῷ
3063 5211 3338 5280 σπέρματι
3399 5212 3762 5280 πρέπουσαν·

2186 5299 2446 5369 πλείστην
2481 5299 2590 5370 γὰρ
2621 5300 2718 5351 καὶ
2759 5300 3025 5369 μεγίστην
3071 5299 3185 5372 εἶχε
3221 5303 3280 5354 τὸ
3307 5305 3542 5372 πρᾶγμα
3568 5305 3760 5374 δυσχέσ

2188 5407 2360 5461 ρειαν,
2389 5390 2466 5452 ὼς
2490 5389 2582 5444 τοῦ
2619 5391 2824 5460 κόσμου
2880 5395 3080 5455 παντὸς
3108 5396 3483 5464 ἀφισταμένου
3531 5396 3630 5464 μὲν
3669 5396 3762 5449 ἀπ’

2187 5483 2358 5551 ἀρχῆς
2386 5484 2524 5535 κατὰ
2556 5484 2775 5552 μικρδν,
2803 5483 3114 5538 τελευταῖον
3152 5485 3208 5537 δὲ
3245 5488 3599 5539 παντάπασιν
3631 5488 3767 5539 ἀπο-

2186 5576 2410 5634 στάντος
2435 5575 2544 5626 ἀπὸ
2575 5574 2710 5626 Θεοῦ
2732 5591 2744 5604 ο
2775 5574 2915 5626 ὥστε
2945 5576 2977 5644 ἢ
3008 5576 3299 5639 παντελοῦς
3332 5577 3764 5645 ἐγκαταλείψεως

2185 5667 2294 5717 δ.ῖν
2347 5666 2530 5717 λοπόν
2564 5669 2656 5720 καὶ
2715 5666 2920 5734 φθορᾶς
2967 5667 2999 5734 ἢ
3055 5667 3470 5736 φιλανθρωπίας
3505 5669 3764 5736 ἐπάὐτῴ

2189 5759 2279 5807 καὶ
2306 5755 2620 5824 οἰκονομίας
2674 5758 2938 5825 μεγίστης
2991 5761 3083 5808 καὶ
3115 5757 3396 5826 θειοτάτης
3424 5760 3518 5811 καὶ
3558 5762 3622 5827 τῇ
3652 5760 3761 5810 τῶν

2186 5847 2372 5900 κακῶν
2433 5847 2704 5919 ὑπερϐολῇ
2768 5848 3087 5916 πρέπουσαν
3122 5851 3494 5922 σκευαζούσης
3543 5853 3641 5924 τὴν
3679 5854 3761 5906 ία-
