4152 6280
525 438 685 505 Ἰὶ63

1960 434 2313 500 ᾹῸΒΕΝΒᾹ
2326 484 2339 500 .

3652 432 3785 500 1164

982 778 1545 932 ADDENDA
1654 777 1813 975 in
1908 761 2294 931 tritu
2392 764 2763 926 tutu
2851 771 3327 927 lll’llESll

1452 1168 1455 1171 ’
1545 1198 1684 1257 τοΥ
1736 1197 2141 1255 raeorum
2178 1197 2300 1255 κει
2344 1194 2779 1254 ΑοΓιοτΑτογ

837 1368 1905 1550 ΜΑΡΚΟΥ
2041 1366 3477 1542 ΕΥΓΕΝΙΚΟΥ

1736 1634 2279 1692 ΜΕΤΡΟΠΟΛῙΤΟΥ
2337 1634 2600 1692 ΕΦΕΣΟΥ

730 1800 1289 1897 ΕΞΗΓΗΣΙΣ
1376 1807 1594 1892 ΤΗΣ
1721 1801 2711 1891 ΕΚΚΑΗΣΙΑΣΤΙΚΗΣ
2822 1805 3583 1896 ΑΚΟΛΟΥΘΙΑΣ.

2114 2009 2189 2032 ad

1625 2144 2133 2209 SAPlENTlSSiMl
2166 2141 2711 2212 DOCTISSIMIQUE

1355 2328 1945 2487 MARCI
2032 2332 2953 2491 EUGENICI

1767 2597 2019 2658 EPHESI
2053 2598 2571 2658 METBOPOLITE

1055 2724 1728 2873 EXPOSITIO
1811 2778 2269 2871 omen
2384 2777 3295 2876 ECCLESIASTlCl.

908 2974 1084 3032 (Edita
1108 2975 1169 3024 ad
1194 2973 1379 3025 calcem
1406 2973 1622 3037 Operum
1651 2971 1918 3034 Symeonis
1942 2968 2166 3021 Thessalc

2240 2973 2421 3031 censis,
2450 2974 2495 3020 iv
2531 2974 2711 3036 Γιασὶῳ
2734 2977 3133 3035 τῆςΜολδοϐίας,
3165 2975 3300 3038 1685,
3324 2975 3432 3037 fol.)

617 3285 846 3343 Necesse
876 3284 1095 3355 quidem
1123 3283 1282 3348 foret,
1327 3282 1481 3352 juxta
1519 3290 1874 3353 praeceptum,
1907 3282 2119 3338 indesi-
2146 3286 2195 3345 Δ

547 3389 742 3437 uenter
765 3393 925 3434 orare
954 3386 1007 3433 et
1037 3378 1104 3433 ad
1133 3376 1301 3434 Deum
1337 3378 1715 3432 adorationem
1747 3377 1799 3431 in
1834 3376 2042 3446 Spiritu
2072 3387 2126 3431 et

549 3469 781 3525 veritate
810 3468 1048 3536 dirigere
1082 3483 1097 3534 ;
1132 3466 1223 3520 sed
1264 3469 1549 3536 praesentis
1597 3467 1718 3520 vitae
1768 3467 1919 3520 curis
1976 3466 2125 3534 obje-

548 3562 673 3626 ctis,
702 3568 758 3616 et
777 3560 860 3615 liis
883 3575 1005 3629 quae
1036 3558 1185 3614 circa
1217 3572 1419 3627 corpus
1466 3565 1757 3612 versantur
1788 3557 2128 3628 cogitationi-

549 3656 654 3708 bus
675 3650 1072 3707 conﬂuentibus
1100 3650 1469 3719 impediuntur
1488 3648 1763 3718 plerique;
1790 3657 2129 3703 removetur-

555 3762 659 3814 qtte
698 3758 922 3814 regnum
979 3742 1072 3796 Dei
1121 3741 1267 3812 quod
1317 3741 1458 3795 intra
1501 3755 1599 3795 nos
1637 3748 1743 3806 est,
1784 3749 1845 3795 ιιι
1901 3739 2133 3807 requirit

554 3836 872 3891 Dominieus
902 3848 1085 3891 sermo
1113 3849 1129 3901 ;
1166 3833 1635 3903 proltibenturque
1661 3845 1730 3887 ne
1750 3830 2015 3901 spirituali
2045 3846 2135 3887 as-

554 3929 747 3983 sistant
797 3926 982 3990 altari,
1032 3924 1344 3993 spirituales
1397 3923 1451 3977 in
1507 3921 1639 3977 illud
1676 3930 1732 3977 et
1781 3920 2137 3977 rationabiles

557 4020 764 4073 hostias
800 4017 910 4072 Deo
942 4016 1252 4078 afferentes,
1290 4014 1592 4069 secundum
1626 4012 1876 4068 divinum
1902 4013 2135 4084 Apono-

558 4113 692 4174 lum,
715 4111 974 4177 quoniam
1015 4108 1107 4162 Dei
1145 4107 1380 4161 viventis
1418 4106 1675 4175 templum
1709 4121 1902 4161 sumus
1932 4121 2054 4170 nos,
2080 4116 2135 4162 et

560 4202 798 4271 Spiritus
852 4197 974 4267 ejus
1025 4197 1244 4252 divinus
1292 4198 1347 4251 in
1398 4197 1558 4252 nobis
1618 4197 1845 4251 habitat.
1882 4197 2135 4268 Nihilque

561 4295 755 4347 mirum
802 4291 854 4346 id
885 4290 931 4345 si
966 4290 1021 4345 in
1074 4289 1259 4343 multis
1305 4297 1359 4343 et
1398 4291 1543 4344 circa
1594 4303 1814 4345 carnem
1856 4291 2136 4360 occupatis

561 4386 812 4439 accidere
839 4385 999 4450 solet,
1034 4398 1156 4438 cum
1183 4398 1375 4438 eorum
1412 4384 1505 4454 qui
1538 4398 1598 4439 se
1646 4384 1811 4454 ltujus
1834 4386 2019 4440 επιξυιὶ
2053 4397 2137 4442 re-

568 4480 669 4532 bus
707 4476 1121 4539 abdicaverunt,
1156 4475 1451 4532 nonnullos
1471 4475 1720 4533 videmus
1745 4479 2139 4535 rationabiliter

563 4571 828 4625 adversus
861 4569 1186 4639 passionum
1215 4570 1547 4625 tentatlones
1571 4569 1920 4637 dimicantes,
1943 4572 2139 4628 exinde

564 4662 795 4717 multum
824 4662 1069 4716 excitare
1098 4660 1400 4731 pulverem,
1432 4661 1527 4732 qui
1589 4662 1760 4718 animi
1797 4664 2133 4720 intellectum

563 4756 840 4820 obcaecat;
882 4754 1232 4821 nondumque
1254 4753 1321 4807 ad
1352 4767 1536 4808 veram
1562 4768 1780 4823 precem
1812 4754 2137 4810 eliciendam

564 4844 1087 4915 perveuientes.etsi
1120 4845 1374 4899 voluntas
1408 4858 1521 4900 non
1566 4845 1751 4912 desit;
1786 4847 2029 4916 jucunda
2056 4858 2142 4902 est

561 4941 615 4991 in
653 4938 816 4992 corde
839 4936 1100 4992 continua
1138 4946 1190 4991 et
1230 4937 1550 4993 indesinens
1580 4935 1711 4993 Jesu
1765 4940 2031 4994 memoria
2085 4947 2142 4995 ct

526 5022 533 5039 ‘
563 5044 626 5083 ex
665 5043 727 5083 ea
760 5027 1055 5084 iueﬂ‘abilis
1088 5026 1440 5084 illuminatio.
1468 5028 1682 5084 idcirco
1701 5042 1733 5083 a
1763 5030 1972 5087 sanctis
1998 5030 2139 5085 divi-

534 5100 758 5190 2nisque
787 5122 990 5175 nostris
1019 5120 1298 5186 Patribus,
1331 5121 1427 5191 qui
1461 5135 1491 5175 a
1525 5119 1657 5178 Iesu
1686 5122 1908 5179 Christo
1945 5133 2142 5195 etape-

566 5212 722 5268 stolis
747 5222 1096 5280 acceperunt,
1124 5220 1329 5267 statuta
1359 5223 1487 5269 sunt
1510 5213 1579 5269 ad
1620 5215 1889 5270 orandum
1930 5225 2144 5287 tempus

566 5314 619 5357 et
653 5304 808 5356 locus
834 5320 847 5367 ;
877 5318 1001 5356 cum
1035 5305 1189 5372 quasi
1218 5306 1585 5361 necessariam
1624 5308 1771 5362 hanc
1790 5317 1843 5363 et
1871 5310 2144 5378 praestitu-

572 5406 680 5447 tam
714 5391 1042 5447 inducerent
1082 5392 1379 5464 liturgiam,
1420 5396 1489 5450 ab
1536 5397 1605 5452 iis
1634 5397 1747 5452 Deo
1776 5400 2143 5467 praestandam

568 5484 662 5555 qui
697 5499 803 5538 non
840 5497 1068 5554 prorsus
1098 5483 1336 5540 belluino
1366 5500 1516 5542 more
1544 5486 1735 5544 vivunt
1765 5506 1780 5555 ;
1814 5490 1925 5545 imo
1950 5501 2003 5547 et
2025 5506 2146 5547 cor-

570 5574 777 5644 poralis
805 5571 1185 5644 dispositionis
1213 5572 1450 5639 habitus,
1480 5582 1534 5630 et
1565 5574 1848 5634 inclinatio
1876 5578 1944 5633 ad
1976 5594 2141 5650 quam

571 5670 915 5724 intendentes
968 5678 1185 5739 oportet
1236 5683 1432 5737 orare;
1462 5680 1516 5726 et
1559 5675 1865 5744 praesertim
1900 5677 2021 5744 ejus
2052 5680 2147 5749 qui

571 5769 689 5816 orat
738 5762 906 5817 animi
932 5762 1246 5832 dispositio.
1308 5762 1512 5819 Locum
1558 5781 1706 5833 vero,
1765 5768 2037 5839 habitum,
2096 5786 2151 5829 et

574 5852 742 5905 animi
774 5841 1189 5921 dispositionem
1220 5854 1487 5910 describit
1537 5858 1695 5914 divus
1730 5859 2026 5930 Apostolus
2059 5866 2140 5921 di-

2299 3286 2447 3339 Ἔδει
2482 3286 2581 3354 μὲν
2617 3286 2760 3337 κατὰ
2798 3284 2900 3353 τὴν
2946 3284 3276 3340 κελεύουσαν
3316 3286 3537 3355 ἐντολὴν
3571 3289 3813 3344 ἀδιαλείο

2230 3395 2378 3441 πτως
2447 3381 2886 3450 προσεύχεσθαι,
2945 3381 3039 3433 καὶ
3092 3380 3190 3450 τὴν
3244 3383 3302 3434 ὲν
3362 3380 3647 3451 Πνεύματι
3710 3386 3811 3437 καὶ

2229 3472 2457 3544 ἀληθείᾳ
2511 3473 2886 3542 προσκύνησιν
2941 3471 3020 3538 τῷ
3074 3472 3193 3537 Θεῷ
3237 3473 3535 3544 ἀναφέρειν
3564 3490 3577 3505 ο
3615 3474 3735 3529 ἀλλ’
3774 3478 3805 3544 ἡ

2232 3566 2369 3634 πρὸς
2402 3565 2468 3617 τὰ
2511 3564 2739 3634 βιωτικὰ
2768 3563 2878 3617 τῶν
2900 3563 3179 3632 λογισμῶν
3207 3564 3452 3632 ἀσχολία,
3490 3566 3582 3617 καῖ
3626 3565 3656 3617 ὁ
3699 3564 3811 3619 τῶν

2231 3656 2360 3724 περὶ
2396 3656 2557 3724 σῶμα
2590 3655 2889 3724 φροντίδων
2923 3654 3109 3723 ἑσμὸς,
3152 3656 3354 3719 ἀπάγει
3387 3658 3514 3718 τοὺς
3555 3658 3809 3720 πολλοὺς.

2233 3749 2327 3799 καὶ
2370 3745 2632 3815 ἀφίστησι
2678 3746 2778 3817 τὴν
2827 3745 3109 3814 βασιλείαν
3149 3746 3243 3799 τοῦ
3274 3747 3432 3810 Θεοῦ,
3470 3750 3619 3811 ὲντὸς
3649 3749 3812 3817 ἡμῶν

2236 3838 2526 3902 οῦσαν,ὼς
2561 3841 2588 3893 ὁ
2618 3840 2895 3907 Κυριακδς
2925 3840 3079 3908 λόγος
3116 3841 3381 3908 ἐπιζητεῖ,
3409 3843 3502 3894 καὶ
3534 3841 3612 3910 τῷ
3635 3842 3812 3911 νοητῷ

2218 3932 2630 4003 προσεδρεύειν
2660 3931 3055 4001 θυσιαστηρίῳ,
3087 3933 3187 3993 τὰς
3222 3932 3599 4000 πνευματικὰς
3628 3947 3685 3983 τε
3717 3932 3813 3984 καὶ

2236 4024 2461 4093 λογικὰς
2510 4024 2704 4087 θυσίας
2759 4024 3174 4095 προσφέροντας
3220 4024 3307 4077 ἐπ’
3340 4024 3505 4077 αὐτοῦ
3558 4024 3634 4092 τῷ
3666 4024 3812 4092 Θεῷ,

2235 4115 2377 4167 κατὰ
2412 4114 2502 4168 τὸν
2538 4114 2680 4167 θεῖον
2709 4114 3062 4177 Ἀπόστολον,
3102 4114 3262 4183 εἴπερ
3300 4114 3464 4181 ἐσμὲν
3501 4113 3627 4174 ναὸς
3674 4112 3813 4164 Θεοῦ

2236 4206 2441 4270 ζῶντος
2471 4208 2655 4276 ἡμεῖς,
2694 4206 2790 4259 καὶ
2829 4206 2890 4259 τὸ
2922 4206 3145 4275 Πνεῦμα
3177 4205 3343 4258 αὑτοῦ
3397 4205 3459 4258 τὸ
3504 4204 3645 4257 θεῖον
3676 4206 3819 4256 οἰκεῖ

2236 4298 2296 4351 ὲν
2337 4299 2494 4367 ἡμῖν.
2540 4299 2649 4352 Καὶ
2686 4298 3005 4367 θαυμαστὸν
3051 4298 3225 4364 οὐδὲν,
3254 4301 3303 4350 ει
3335 4300 3426 4350 ἐπὶ
3466 4298 3574 4350 τῶν
3602 4298 3819 4350 πολλῶν

2239 4391 2334 4442 καὶ
2376 4393 2517 4444 κατὰ
2563 4390 2742 4461 σάρκα
2782 4390 3003 4456 ζώντων
3041 4390 3201 4445 τοῦτο
3246 4392 3568 4459 συμϐαίνειν
3600 4389 3814 4451 εἴωθεν,

2239 4484 2375 4535 ὅπου
2395 4499 2458 4551 γε
2483 4483 2576 4536 καὶ
2602 4482 2711 4535 τῶν
2736 4484 3169 4553 ἀποταξαμένων
3190 4484 3300 4545 τοῖς
3327 4483 3609 4550 κοσμικοῖς
3642 4485 3818 4553 πράγ-

2245 4590 2412 4641 μασιν
2446 4575 2622 4637 ὲνίους
2660 4572 2882 4643 ὁρῶμεν
2924 4574 3011 4628 διὰ
3065 4573 3126 4627 τὸ
3180 4574 3505 4642 λογιστικῶς
3542 4573 3815 4644 μάχεσθαι

2240 4667 2356 4729 ταῖς
2411 4664 2715 4735 προλήψεσι
2762 4665 2873 4719 τῶν
2930 4664 3143 4732 παθῶν,
3194 4667 3291 4719 καὶ
3344 4665 3513 4719 πολὺν
3564 4665 3817 4718 ἐντεῦθεν

2241 4756 2810 4827 κονιορτὸν’ὲγείρειν,
2836 4758 3234 4812 ἐπισκοτοῦντα
3270 4758 3331 4811 τὸ
3356 4758 3547 4827 νοερὸν
3571 4757 3674 4834 τῆς
3710 4757 3815 4826 ψυ-

2242 4851 2361 4921 Χῆς,
2387 4850 2541 4903 οὔπω
2569 4852 2902 4921 δυναμένους
2933 4852 3222 4920 ἐφικέσθαι
3251 4852 3352 4921 τῆς
3376 4851 3614 4923 ἀληθοῦς
3643 4866 3817 4921 προσ-

2241 4943 2431 5010 ευχῆς,
2474 4943 2571 4995 καὶ
2610 4942 2782 4996 πολλὰ
2836 4943 3221 5014 βουλομένους,
3276 4944 3405 5012 ἡδέα
3467 4943 3617 4997 ἐστὶν
3666 4944 3699 5013 ή
3762 4944 3820 4995 εν

2243 5033 2444 5105 καρδίᾳ
2476 5033 2711 5105 συνεχὴς
2739 5034 2834 5087 καί
2862 5035 3141 5094 ἄπαυστος
3177 5035 3355 5105 Ἰησοῦ
3388 5035 3603 5106 μνήμη.
3644 5035 3738 5088 καὶ
3793 5036 3820 5085 ὁ

2242 5126 2303 5189 se
2346 5125 2515 5194 αὐτῆς
2559 5126 2847 5196 γινόμενος
2895 5128 3135 5199 ἄρῤητος
3176 5127 3481 5197 φωτισμός.
3517 5127 3619 5180 Διὰ
3663 5128 3823 5180 τοῦτο

2243 5221 2356 5282 τοῖς
2386 5220 2553 5287 ἱεροῖς
2598 5221 2691 5271 καὶ
2734 5217 2900 5282 θείοις
2927 5221 3084 5290 ἡμῶν
3115 5219 3400 5291 Πατράσιν
3434 5222 3494 5286 ὲξ
3524 5222 3691 5275 αὐτοῦ
3728 5221 3821 5273 τοῦ

2246 5312 2488 5382 Χριστοῦ
2539 5314 2634 5365 καὶ
2689 5314 2800 5367 τῶν
2844 5315 3162 5370 ἀποστόλων
3210 5317 3609 5387 παρειληφόσιν
3646 5319 3825 5371 ἐπινε-

2247 5405 2435 5474 νόηται
2482 5404 2619 5476 πρὸς
2677 5406 2776 5477 τὴν
2824 5408 3140 5479 προσευχὴν
3180 5410 3369 5479 καιρός
3411 5428 3467 5463 τε
3511 5413 3606 5465 καὶ
3638 5412 3822 5475 τόπος,

2250 5498 2376 5560 τοὺς
2405 5498 2479 5568 μὴ
2516 5497 2694 5569 πάντη
2725 5498 3023 5569 κτηνώδεις
3054 5502 3343 5570 ἐνάγοντες
3375 5504 3627 5575 καθάπερ
3663 5505 3828 5573 ἀναγ-

2251 5589 2415 5642 καίαν
2448 5588 2573 5641 τινὰ
2602 5590 2809 5659 ταύτην
2832 5592 2943 5653 ,καὶ
2972 5592 3360 5661 ἐμπρόθεσμον
3388 5594 3664 5664 εἰσφέρειν
3707 5596 3827 5665 Θεῷ

2252 5679 2618 5751 λειτουργίαν,
2651 5682 2732 5734 ἔτι
2782 5699 2841 5735 τε
2906 5685 3225 5753 σωματικῆς
3272 5686 3570 5751 διαθέσεως
3616 5686 3825 5758 σχῆμα,

2256 5772 2351 5826 καὶ
2387 5774 2577 5841 κλίμα,
2618 5775 2753 5843 πρὸς
2810 5775 2837 5829 ὃ
2894 5775 2976 5828 δεῖ
3034 5778 3354 5846 ἀφορῶντας
3412 5779 3689 5850 εὔχεσθαι,
3732 5781 3827 5832 καὶ

2258 5867 2364 5937 πρὸ
2404 5868 2606 5920 τούτων
2634 5871 2664 5940 ἡ
2696 5869 2790 5921 τοῦ
2817 5869 3111 5940 εὐχομένου
3146 5872 3478 5937 κατάστασις
3500 5873 3599 5940 τῆς
3627 5870 3823 5943 ψυχῆς.
