4152 6280
435 481 437 484 ‘
517 466 654 531 “67

1997 476 2380 542 ADDENDA.

3633 461 3780 527 1168

511 591 598 639 est
616 591 830 652 tempus
859 581 1046 637 mediae
1079 583 1272 640 noctis.
1299 583 1454 639 Tunc
1476 584 1623 639 enim
1645 597 1677 640 e
1701 595 1896 639 somno
1915 583 2084 654 evigi-

2207 585 2363 655 ιυχῶν
2395 587 2422 638 6
2451 584 2544 638 τοῦ
2583 583 2943 653 μεσονυκτίου
2978 580 3188 650 καιρός.
3227 577 3319 635 Ἑν
3357 577 3508 648 αὖτῷ
3538 579 3653 648 γὰρ
3688 572 3787 629 τοῦ

515 673 688 728 lentes
710 683 760 726 et
785 673 925 728 hanc
949 673 1015 728 de
1043 675 1284 732 tenebris
1315 676 1520 732 erroris
1544 677 1610 731 ad
1631 675 1856 732 liberam
1887 691 2085 732 secun-

510 765 636 817 dum
653 762 930 819 Christum
955 765 1335 836 lucentemque
1350 767 1513 822 vitam
1529 767 1942 824 conversionem
1963 766 2088 820 sub-

511 853 844 917 iudicamus,
883 869 946 910 ex
976 871 1080 924 qua
1119 855 1227 911 Deo
1254 859 1460 913 servire
1491 859 1793 930 incepimus
1815 876 1830 913 :
1853 857 2088 928 Populus

505 946 667 1010 enim,
710 946 807 1010 ait,
840 950 1021 1001 sedens
1057 949 1110 1001 in
1141 937 1328 1004 umbra
1364 952 1492 1004 vidit
1538 951 1704 1005 lucem
1740 967 1985 1017 magnam
2021 952 2085 1005 ¹³.

509 1039 645 1092 Cum
668 1040 814 1092 enim
853 1041 904 1093 in
943 1042 1121 1097 medio
1153 1043 1255 1097 hac
1283 1043 1446 1113 hujus
1476 1045 1600 1099 vitae
1646 1044 1817 1100 eﬂusa
1853 1045 2086 1100 noctein

516 1130 782 1185 mundum
814 1132 1194 1202 peregrinatus
1228 1144 1313 1190 est
1346 1136 1602 1192 Salvator
1631 1146 1684 1190 et
1716 1150 1822 1191 una
1871 1134 2090 1206 (subin-

509 1221 780 1295 dicamus)
822 1224 970 1282 hunc
999 1228 1243 1282 futurum
1273 1230 1584 1295 adventum,
1627 1230 1848 1300 quando
1874 1230 2090 1284 anima-

512 1329 632 1369 rum
663 1330 906 1385 sponsus
938 1321 1115 1375 media
1155 1332 1313 1378 nocte
1344 1338 1529 1378 secum
1573 1323 1866 1392 prudentes
1919 1323 2091 1378 intro-

519 1406 730 1466 dueens
772 1410 824 1465 in
860 1413 1146 1484 impolluta
1174 1416 1447 1481 cubicula,
1482 1417 1574 1471 ubi
1619 1417 1757 1471 l‘csta
1806 1417 2091 1472 celebran-

514 1498 648 1556 tium
675 1505 887 1559 clamor
913 1515 969 1561 et
992 1523 1093 1564 vox
1113 1509 1463 1577 jubilatiouis
1496 1525 1600 1564 non
1635 1509 1887 1564 habentis
1908 1509 2087 1564 linem:

515 1593 706 1664 Surge.
733 1597 829 1660 ait,
864 1602 954 1670 qui
977 1603 1205 1667 dormis,
1229 1610 1277 1656 et
1311 1616 1533 1671 exsurge
1558 1619 1590 1655 a
1619 1603 1862 1667 mortuis,
1888 1610 1936 1656 et
1967 1600 2094 1654 illu-

513 1687 740 1740 minabit
777 1698 824 1743 te
865 1689 1111 1747 Christus
1152 1693 1218 1746 “'.
1244 1692 1349 1748 Sed
1381 1695 1548 1747 etiam
1574 1693 1704 1748 hinc
1727 1694 1870 1748 diem
1909 1709 2095 1748 resur-

513 1780 801 1843 rectionis,
875 1791 929 1836 et
977 1784 1192 1839 dierum
1258 1785 1670 1850 solemniorem,
1742 1802 1853 1841 uno
1899 1787 2087 1852 verbo,

513 1884 728 1924 omnem
756 1871 897 1924 diem
942 1873 1258 1941 incipimus,
1288 1873 1588 1930 abundanti
1623 1875 1746 1945 igne
1777 1875 2090 1931 obscurita-

2195 677 2364 731 ὕπνου
2389 675 2816 746 έξεγειρόμενοι,
2841 675 2942 742 τήν
2965 689 3025 725 τε
3054 675 3116 726 ἐκ
3141 673 3236 726 τοῦ
3266 672 3495 734 σκότους
3521 673 3616 737 τῆς
3647 671 3792 722 πλά-

2192 787 2290 840 νης
2324 769 2462 834 πρὸς
2489 768 2585 837 τὴν
2612 768 2754 820 κατᾶ
2791 765 3028 836 Χριστδν
3055 764 3352 834 ιλευθέραν
3384 766 3480 817 καὶ
3507 761 3790 831 φωτεινὴν

2193 860 2339 932 ζωὴν
2373 859 2747 930 ὑποδηλοῦμεν
2784 858 3097 926 μετάθεσιν,
3135 849 3228 927 ἀφ⁶
3253 853 3322 929 ἦς
3371 848 3671 926 ἠρξάμεθα
3710 854 3792 922 τῷ

2192 954 2312 1024 Θεῷ
2341 953 2650 1022 λατρεύειν.
2693 956 2758 1008 '0
2793 952 2947 1017 λαὸς
2974 951 3105 1021 γὰρ,
3140 950 3329 1021 φησιν,
3362 951 3396 1003 δ
3437 946 3792 1016 καθήμενοι·

2191 1046 2262 1100 ἐν
2289 1046 2494 1100 σκότει
2545 1045 2667 1099 εἶδε
2699 1044 2818 1114 φῶς
2861 1043 3038 1113 μέγα,
3079 1042 3235 1096 Ἐπεὶ
3271 1043 3368 1094 καὶ
3420 1042 3476 1093 ὲν
3517 1038 3593 1107 τῷ
3632 1038 3793 1106 μέσῳ

2192 1138 2287 1191 τοῦ
2321 1137 2438 1208 βίου
2483 1138 2581 1206 τῆς
2613 1136 2926 1206 κεχυμένης
2955 1137 3120 1204 τῆσδε
3145 1135 3342 1196 νυκτὸς
3373 1132 3734 1203 ἐπεδήμησεν
3764 1131 3794 1183 6

2193 1236 2383 1304 Σωτὴρ
2441 1235 2522 1296 είς
2575 1233 2667 1285 τὸν
2727 1216 2952 1301 κόσμον,
3012 1229 3106 1283 καὶ
3151 1231 3269 1295 ἅμα
3315 1227 3418 1296 τὴν
3476 1225 3792 1295 μέλλουσαν

2195 1329 2415 1397 ἐκείνην
2441 1328 2920 1390 ἀποκατάστασιν,
2960 1325 3048 1382 ὅτε
3092 1323 3121 1374 6
3173 1320 3282 1373 τῶν
3325 1318 3513 1388 ψυχῶν
3547 1315 3793 1385 νυμφίος

2196 1422 2479 1476 ἐλεύσεται
2537 1419 2710 1489 μέσης
2763 1417 2980 1480 νυκτὸς,
3017 1411 3435 1480 συνεισαγαγὼν
3469 1409 3656 1478 ἑαυτῷ
3691 1408 3794 1469 τὰς

2196 1512 2499 1580 φρονίμους
2531 1511 2612 1573 είς
2634 1509 2950 1578 ἀκηράτους
2984 1506 3289 1568 παστάδας,
3322 1507 3456 1558 ὅπου
3495 1501 3792 1572 ἑορταζόν-

2197 1621 2303 1658 των
2341 1597 2474 1671 ἦχος
2521 1602 2615 1654 καὶ
2660 1599 2814 1670 φωνὴ
2843 1597 3243 1664 ἀγαλλιάσεως,
3273 1598 3374 1650 οὐκ
3422 1595 3662 1664 ἐχούσης
3694 1592 3795 1642 τιέ-

2199 1709 2319 1763 ρσις,
2355 1695 2641 1760 Ἔγειριιι,
2670 1691 2860 1759 φησὶν,
2886 1692 2920 1744 ὁ
2949 1687 3282 1752 καθεύδων,
3316 1684 3418 1740 καὶ
3446 1684 3694 1739 ἀνάστα
3723 1685 3794 1736 ἐκ

2195 1785 2314 1839 τῶν
2346 1784 2596 1852 νεκρῶν,
2618 1784 2718 1838 καί
2749 1783 3074 1851 ἐπιφαύσει
3108 1796 3206 1834 σοι
3230 1782 3263 1833 ὀ
3297 1778 3573 1846 Χριστός.
3623 1775 3794 1832 Ἀλλὰ

2197 1878 2415 1945 καὶτῆς
2449 1874 2824 1944 ἀναστασίμου
2863 1875 2960 1927 καὶ
2989 1873 3188 1941 κυρίας
3232 1870 3340 1923 τῶν
3369 1867 3623 1939 ἡμερῶν,
3661 1883 3796 1918 ταν·

517 1971 621 2015 tcm
655 1963 831 2018 noctis
868 1964 1236 2022 illustrautes.
1280 1965 1348 2021 Et
1375 1968 1553 2024 adhuc
1581 1983 1717 2023 sane
1743 1984 1810 2024 ex
1845 1979 2093 2036 parte,et

2207 1971 2288 2023 τὸν
2318 1969 2375 2023 δὲ
2420 1969 2614 2032 εἰπεῖν,
2661 1967 2879 2034 ἁπάσης
2911 1965 3126 2034 ἡμέρας
3174 1961 3429 2014 ἐντεῦθεν
3478 1958 3793 2030 ἀρχόμεθα,

515 2054 745 2108 minoris
772 2056 942 2122 partis
971 2059 1235 2127 temporis
1263 2059 1425 2116 divisi
1453 2060 1662 2116 scilicet
1687 2060 1958 2124 noctis,et
1981 2060 2090 2115 diei

519 2146 794 2200 manentis
822 2145 1212 2215 indivisi,hinc
1253 2151 1446 2205 merito
1482 2151 1807 2220 hymnorum
1841 2152 1892 2204 in
1925 2149 2092 2206 Deum

518 2234 738 2288 initium
777 2237 1086 2292 faceremus
1119 2239 1260 2294 unde
1304 2241 1592 2313 vigilantes
1634 2257 1919 2296 manemus
1953 2257 2092 2313 quu-

522 2320 768 2392 adusque
805 2339 909 2380 nox
950 2327 1145 2381 iterum
1183 2330 1577 2399 superveniens
1599 2332 1665 2384 ad
1698 2333 1933 2400 quietem
1991 2347 2094 2387 nos

519 2426 763 2470 revocet.
825 2417 1148 2489 Exemplum
1199 2422 1444 2490 praebent
1502 2432 1556 2476 et
1619 2423 1788 2478 David
1852 2424 2094 2480 dicens:

517 2504 700 2561 Media
753 2521 902 2563 nocte
971 2513 1250 2583 surgebam
1304 2515 1375 2567 ad
1405 2514 1760 2582 conﬁtendum
1787 2516 1884 2569 tibi
1918 2517 2003 2582 ul;
2044 2525 2099 2569 et

516 2597 571 2652 in
591 2593 740 2654 Novo
767 2597 1118 2660 Testamento
1179 2604 1384 2661 Paulus
1427 2617 1482 2661 et
1531 2605 1674 2662 Silas
1708 2607 1884 2662 media
1939 2618 2100 2662 nocte

522 2691 739 2760 hymnis
768 2693 935 2747 Deum
971 2705 1220 2762 orantes,
1255 2696 1476 2768 quando
1513 2699 1732 2767 quidem
1771 2697 1975 2754 factum
2012 2707 2100 2752 cst

520 2781 652 2838 illud
715 2802 967 2856 tttagnnm
1017 2789 1342 2844 miraculum
1376 2807 1482 2859 quo
1517 2790 1698 2845 soluta
1749 2801 2097 2846 sunteorum

524 2876 762 2940 vincula,
806 2889 859 2933 et
891 2881 957 2934 ad
985 2881 1146 2937 ﬁdem
1187 2897 1493 2937 conversus
1525 2895 1610 2938 est
1639 2892 1849 2938 custos.
1887 2881 1953 2940 Et
1985 2883 2100 2953 pri-

525 2984 674 3023 mum
706 2975 1132 3040 procumbentes
1181 2985 1262 3029 ter
1296 2975 1612 3041 adoramus,
1676 2976 1915 3030 demissa
1969 2991 2102 3032 voce

520 3061 766 3118 dicentes
803 3064 915 3118 haec
946 3063 1224 3121 Publicani
1259 3065 1421 3122 verba
1449 3083 1464 3120 :
1496 3065 1658 3133 Deus,
1706 3068 1964 3135 pmpitius
1992 3079 2100 3123 esto

523 3154 653 3208 mihi
707 3159 1014 3224 peccatori;
1047 3171 1099 3215 et
1136 3161 1294 3216 istius
1350 3161 1570 3217 modum
1633 3161 1827 3218 orandi
1857 3163 1938 3218 vel
1984 3163 2102 3230 ipso

529 3251 713 3303 habitu
778 3252 1110 3309 imita’ntes:
1179 3254 1431 3320 (Volebat,
1486 3257 1655 3322 enim,
1691 3258 1770 3311 ait
1829 3256 2098 3323 Christus,

2201 2063 2416 2132 δαψιλεῖ
2452 2060 2526 2129 τῷ
2563 2061 2696 2129 πυρὶ
2738 2059 2798 2111 τὸ
2825 2059 2928 2125 τῆς
2952 2057 3146 2118 νυκτδς
3184 2055 3436 2107 ἐλλεῖπον
3464 2050 3793 2116 καταφωτί-

2204 2155 2412 2219 ζοντες.
2446 2152 2725 2220 Καὶ’πρός
2771 2168 2836 2218 γε
2891 2149 2972 2202 ἐτι
3026 2147 3119 2200 τοῦ
3152 2148 3250 2215 μὲν
3292 2144 3536 2214 χείρονος
3582 2141 3798 2211 μέρους

2202 2247 2299 2304 τοῦ
2333 2247 2527 2318 χρόνου
2555 2243 2962 2314 διαιρουμένου,
2995 2238 3197 2311 δηλαδὴ
3230 2240 3330 2305 τῆς
3356 2236 3571 2299 νυκτὸς,
3599 2235 3707 2299 τῆς
3739 2232 3794 2284 δὲ

2203 2340 2421 2411 ἡμέρας
2452 2336 2764 2406 ἀδιαιρέτου
2799 2331 3092 2401 μενούσης,
3137 2329 3367 2389 εἰκότως
3417 2326 3486 2380 ἂν
3536 2324 3797 2428 ἐντεῦθεν

2207 2429 2500 2500 ποιοίμεθα
2536 2427 2636 2496 τὴν
2665 2424 2842 2494 ἀρχὴν
2870 2423 2982 2477 τῶν
3018 2422 3153 2492 πρὸς
3187 2419 3323 2472 Θεὸν
3351 2419 3558 2486 ὓμνων,
3591 2414 3694 2482 ἀφ’
3733 2414 3798 2464 οῦ

2206 2523 2301 2576 καὶ
2329 2519 2735 2591 γρηγοροῦντες
2763 2515 3145 2584 διατελοῦμεν,
3175 2511 3287 2566 ἔστ’
3317 2511 3383 2564 ἂν
3411 2511 3443 2580 ἡ
3475 2507 3569 2572 νὺξ
3601 2506 3797 2558 ἐπιλα-

2209 2613 2382 2666 ϐοῦσα
2414 2611 2601 2676 πάλιν,
2631 2611 2711 2674 εις
2737 2609 2838 2676 τὴν
2860 2608 3174 2663 ἀνάπαυσιν
3205 2600 3576 2673 παραπέμψῃ.
3625 2599 3801 2650 ’Υπὸ-

2207 2707 2408 2777 δειγμα
2437 2705 2492 2758 δὲ
2525 2704 2551 2758 ὃ
2585 2720 2643 2756 τε
2675 2703 2842 2757 Δαΰὶδ
2870 2702 3068 2780 λέγων,
3111 2697 3530 2753 Meam-unctor
3561 2692 3799 2759 ἐξηγει-

2202 2798 2400 2868 ρόμην
2430 2796 2538 2850 τοῦ
2563 2791 3061 2864 ἐξομολογεῖσθαι
3105 2806 3224 2843 σοι.
3255 2787 3365 2840 Καὶ
3402 2787 3459 2838 ὲν
3496 2786 3562 2854 τῇ
3617 2784 3798 2850 καινῇ

2209 2891 2426 2954 Παῦλος
2464 2889 2558 2943 καὶ
2583 2889 2766 2951 Σίλας,
2796 2887 2844 2940 οἳ
2877 2885 3018 2940 κατὰ
3059 2884 3118 2937 τὸ
3163 2879 3523 2950 μεσονύκτιον
3555 2893 3800 2945 προσευ-

2209 2983 2431 3054 χόμενοι
2461 2980 2668 3050 ὕμνουν
2694 2979 2784 3033 τὸν
2809 2979 2965 3042 Θεὸν,
2995 2977 3084 3030 ὅτε
3117 2974 3182 3044 δὴ
3205 2974 3299 3027 καὶ
3328 2973 3390 3024 τὸ
3417 2971 3562 3040 μέγα
3593 2969 3799 3036 γέγονε

2221 3077 2410 3148 θαῦμα
2434 3076 2535 3146 τῆς
2566 3074 2747 3128 αὐτῶν
2771 3073 3010 3135 ἀνέσεως
3042 3069 3150 3124 τῶν
3177 3067 3414 3136 δεσμῶν,
3448 3062 3544 3117 καὶ
3566 3062 3670 3131 τῆς
3701 3059 3798 3111 τοῦ

2211 3168 2623 3238 δεσμοφύλακος
2687 3165 2768 3228 είς
2835 3164 2936 3232 τὴν
3003 3161 3189 3214 πίστιν
3257 3155 3619 3226 έπιστροφῆς.
3690 3152 3801 3205 Καὶ

2214 3261 2410 3330 πρῶτα
2444 3261 2544 3327 μὲν
2576 3258 2978 3317 ὑποπίπτοντες
3017 3255 3111 3306 ἐπὶ
3148 3253 3300 3322 τρεῖς
3347 3245 3798 3318 προσκυνοῦμεν,

523 3335 607 3389 ιτ(
653 3344 832 3392 erutos
874 3339 945 3392 ad
992 3341 1181 3397 (mlum
1231 3343 1405 3398 levare
1438 3344 1504 3399 ”.
1543 3345 1739 3400 Postea
1772 3347 2098 3410 _inclinatos

2207 3351 2684 3422 ὑποφθεγγόμενοι
2726 3349 2826 3412 τὰς
2869 3347 3171 3408 τελωνικὰς
3222 3342 3440 3404 ὲκείνας
3484 3339 3693 3408 φωνάς·
3738 3339 3802 3386 '0

525 3431 720 3481 iterum
761 3447 984 3502 surgere
1014 3433 1353 3502 signiﬁcaret
1379 3437 1687 3491 animarum
1739 3439 1792 3492 in
1855 3440 1956 3494 hac
1989 3440 2100 3494 vita

525 3543 567 3575 ιν
593 3525 968 3579 ιιειίιυιίυιιριιι
1017 3527 1072 3582 in
1103 3528 1326 3583 modum
1375 3530 1565 3600 Euripi
1601 3531 1886 3588 reﬂuentis
1923 3536 2101 3589 etite-

527 3629 646 3666 rum
669 3616 986 3684 proﬂuentis
1011 3621 1151 3688 quod
1177 3637 1284 3677 non
1303 3631 1522 3692 oportet
1545 3625 1598 3678 in
1626 3624 1834 3680 malitia
1855 3625 2104 3693 juccntcs

528 3723 773 3775 manere,
803 3711 897 3765 sed
932 3727 1224 3786 assurgere
1246 3717 1542 3786 adjuvante
1571 3719 1776 3788 Spiritu
1813 3721 1868 3774 in
1903 3723 2104 3776 oratio-

525 3800 689 3858 nibus
714 3804 1061 3862 inﬁrmitates
1088 3816 1330 3864 nostras.

2210 3447 2378 3512 Θεὸς,
2409 3445 2695 3509 ἱλάσθητί
2719 3460 2819 3511 μοι
2843 3439 2922 3505 τῷ
2949 3437 3299 3508 ἁμαρτωλῷ,
3331 3433 3667 3504 μιμούμενοι
3694 3430 3798 3482 κᾶν

2209 3535 2285 3604 τῷ
2317 3536 2561 3605 σχήματι
2583 3533 2682 3598 τῆς
2722 3531 3030 3601 προσευχῆς
3052 3528 3262 3581 ἐκείνου
3283 3527 3375 3578 τὸν
3401 3523 3601 3592 τρόπον
3619 3538 3634 3553 ο
3675 3521 3800 3574 Οὐκ

2209 3629 2392 3699 ἤθελε
2426 3628 2556 3695 γὰρ.
2593 3628 2782 3695 φησιν,
2809 3622 2954 3677 οὐδὲ
3008 3619 3152 3686 τοὺς
3180 3616 3532 3689 ὀφθαλμοὺς
3575 3615 3668 3679 είς
3693 3612 3802 3665 τὸν

2210 3718 2477 3789 οὐρανὸν
2519 3717 2771 3786 ἐπᾶραι·
2821 3717 3014 3768 ἔπειτα
3062 3711 3154 3764 καὶ
3204 3709 3266 3763 τὸ
3299 3707 3800 3778 προσκλινομὲνους

2212 3811 2539 3868 ἀνίστασθαι
2584 3811 2748 3865 πάλιν
2799 3809 3027 3881 σημεῖον
3079 3807 3146 3861 ἂν
3203 3807 3288 3873 εἴη
3335 3805 3432 3872 τῆς
3471 3803 3528 3854 ὲν
3565 3798 3646 3868 τῷ
3697 3796 3798 3868 βίῳ

520 3898 698 3965 τούτῳ
726 3901 1118 3966 καταστάσεως
1151 3903 1263 3957 τῶν
1299 3904 1512 3974 ψυχῶν,
1543 3907 1784 3977 Εὐρίπου
1821 3907 1978 3976 δίκην
2015 3908 2110 3960 ἐπὶ
2149 3908 2208 3962 τὸ
2244 3907 2426 3978 χεῖρόν
2462 3924 2522 3960 τε
2556 3903 3000 3976 ὑποφερομένης,
3047 3901 3143 3955 καὶ
3201 3897 3356 3991 αὓβις
3426 3891 3796 3991 avariorem?

521 3992 598 4056 ὡς
627 3991 687 4045 οὐ
744 3993 866 4047 δέον
920 3997 1318 4066 έγκαταμὲνειν
1374 4001 1441 4070 τῇ
1496 4000 1735 4070 πονηρία
1821 4003 2130 4071 κειμένους,
2185 3999 2303 4055 ἀλλ’
2358 4000 2687 4054 ἀνίστασθαι
2763 3990 3401 4066 συναντιλαμὸανομένου
3473 3985 3568 4040 τοῦ
3628 3985 3798 4039 Πνεῦ-

525 4104 694 4155 ματος
720 4088 778 4142 ὲν
809 4092 874 4158 τῇ
908 4095 1184 4163 προσευχῇ
1217 4095 1336 4154 ταῖς
1363 4095 1674 4158 ἀσθενείαις
1702 4099 1879 4167 ἡμῶν.

434 4171 442 4177 ’
597 4182 823 4237 Omnem
882 4182 1047 4254 igitur
1103 4191 1404 4256 orationem
1456 4193 1570 4248 sive
1617 4195 1939 4264 incipientes
1988 4196 2105 4250 sive

525 4276 778 4334 llnientes
808 4279 889 4334 sic
931 4280 1169 4348 agimus,
1209 4283 1514 4341 indicantes
1549 4287 1706 4343 nobis
1747 4287 1812 4340 ad
1843 4288 2012 4342 Deum
2045 4289 2099 4343 in

530 4371 838 4425 humilitate
873 4373 1264 4443 accedendum,
1294 4387 1348 4432 et
1375 4377 1567 4434 eodem
1623 4380 1787 4438 modo
1821 4381 1889 4436 ad
1915 4382 2096 4438 debita

523 4477 686 4530 opera
713 4465 970 4521 euntibus
1025 4466 1096 4522 ab
1140 4482 1206 4524 eo
1256 4470 1686 4528 abscedendum.
1731 4472 2099 4545 Protinusque

527 4569 652 4607 eum
706 4553 760 4608 in
819 4557 1053 4612 ecclesia
1103 4574 1296 4615 sumus
1340 4568 1394 4616 et
1434 4564 1775 4621 sacerdotem
1836 4567 2103 4624 habemus

525 4659 996 4718 comprecantem,
1024 4657 1329 4710 orationem
1363 4656 1585 4721 inchoat
1630 4661 1722 4714 ille
1764 4659 1872 4715 Deo
1911 4662 2103 4717 dicens

525 4751 581 4794 et
613 4756 734 4808 quae
762 4741 831 4797 ad
867 4744 1070 4812 gratias
1096 4747 1368 4816 agendum
1417 4763 1482 4804 ex
1513 4751 1694 4805 verbis
1727 4753 2102 4822 apostolorum

2283 4198 2474 4265 Πάσης
2506 4188 2600 4247 οὖν
2633 4188 2948 4263 προσευχῆς
2999 4181 3295 4257 ἀρχόμενοί
3339 4198 3399 4234 τε
3460 4177 3558 4232 καὶ
3602 4177 3798 4246 λήγον-

2209 4306 2301 4352 τες
2358 4285 2502 4340 οὕτω
2567 4282 2854 4352 ποιοῦμεν,
2905 4277 3195 4348 δηλοῦντες
3241 4273 3316 4336 ὡς
3379 4272 3439 4325 ὲν
3462 4269 3797 4322 ταπεινώσει

2210 4379 2506 4450 προσιτέον
2573 4389 2632 4429 τε
2697 4373 2841 4444 Θεῷ,
2907 4373 3004 4425 καὶ¹
3073 4365 3230 4428 αὖθις
3299 4362 3659 4424 ἀποστατέον,
3702 4359 3795 4409 ἐπὶ

2208 4476 2277 4528 τὰ
2336 4471 2686 4540 προσήκοντα
2740 4465 2850 4520 τῶν
2893 4466 3073 4536 ἔργων
3107 4456 3588 4532 μεταχωροῦντας.
3636 4451 3798 4519 Ἑξῆς

2210 4570 2268 4624 δὲ
2307 4570 2364 4622 ὲν
2422 4563 2690 4634 ἐκκλησίᾳ
2737 4559 2838 4630 μὲν
2893 4559 3068 4622 ὄντες,
3114 4555 3208 4608 καὶ
3260 4551 3454 4621 ἱερέως
3493 4546 3797 4618 εὐποροῦν-

2210 4679 2300 4722 τες
2366 4656 2788 4727 συνευχομένου,
2844 4649 3030 4704 τοῦτον
3106 4647 3306 4717 ἔχομεν
3377 4637 3790 4738 προανακρουόζ

2220 4768 2381 4820 μενον
2427 4749 2528 4819 τὴν
2589 4744 2778 4814 εὐχὴν,
2821 4741 2916 4794 καὶ
2976 4737 3046 4792 τὰ
3105 4736 3204 4803 τῆς
3262 4731 3625 4801 εὐχαριστίας
3676 4727 3800 4820 γΘεῷ

527 4832 773 4901 accepit;
808 4835 1184 4904 apostolorum
1233 4839 1378 4892 enim
1423 4819 1778 4912 coryphaeum
1803 4843 2014 4905 Petrus,
2055 4843 2099 4895 in

2217 4819 2740 4911 προσφθεγγόμενον
2807 4833 2871 4885 ἐκ
2921 4829 3031 4883 τῶν
3101 4823 3482 4879 ἀποστολικῶν
3537 4819 3798 4891 ῥημάτων

531 4923 704 4991 prima
730 4926 963 4995 epistola
989 4928 1255 4986 catholica
1277 4930 1464 4987 statim
1488 4946 1518 4985 a
1536 4932 1816 5003 ~principio
1843 4950 1857 4986 :
1887 4933 2110 4987 Benedi-

533 5029 676 5080 ctus,
719 5017 816 5084 ait,
853 5017 994 5074 Deus
1026 5029 1076 5076 et
1123 5020 1288 5076 Pater
1342 5023 1559 5078 Domini
1591 5026 1760 5078 nostri
1791 5023 1920 5079 Jesu
1953 5024 2115 5078 Clari-

501 5108 510 5206 la
535 5108 602 5158 sti
634 5123 653 5172 ;
683 5118 738 5161 et
767 5112 955 5164 eadem
984 5115 1149 5168 etiam
1180 5115 1341 5172 divus
1363 5115 1570 5181 Paulus
1599 5117 1761 5170 habet
1805 5125 1859 5171 et
1914 5117 1966 5170 iu
2027 5133 2115 5174 se-

499 5201 711 5254 ‘cunda
741 5201 805 5254 ad
841 5201 1192 5274 Corinthius,
1228 5215 1276 5262 et
1322 5210 1376 5262 in
1413 5210 1576 5264 unica
1603 5211 1668 5263 ad
1691 5209 1958 5280 Ephesios
1986 5212 2110 5266 etin

532 5293 656 5347 aliis
690 5310 925 5365 queque.
963 5328 1033 5338 —
1071 5299 1176 5352 Per
1201 5318 1377 5369 preces
1405 5313 1714 5357 sanctorum
1765 5303 2114 5360 Patrumno—

534 5397 789 5442 sti-crum.
814 5418 884 5428 --
910 5390 1015 5459 Ipsi
1059 5403 1238 5447 autem
1269 5410 1391 5448 cum
1422 5396 1715 5463 separatim
1755 5412 1970 5460 sumus,
2001 5415 2112 5455 non

533 5478 644 5546 iam
681 5484 891 5551 gratias
947 5487 1159 5554 agimus
1204 5487 1298 5542 sed
1353 5489 1657 5544 orationem
1713 5492 1988 5560 supplices
2025 5492 2113 5546 iu-

537 5573 826 5640 t-hoamus,
856 5587 912 5632 et
941 5587 1164 5635 sanctos
1199 5577 1390 5636 Patres
1445 5591 1664 5638 nostros
1716 5583 2115 5638 intercessores

536 5671 590 5715 et
615 5665 944 5723 mediatores
981 5671 1325 5728 adhibemus.
1387 5671 1818 5728 Misericordiam
1852 5672 2114 5740 consequi

530 5770 698 5820 gnam
737 5759 972 5828 petimus
1023 5765 1232 5832 justum
1263 5774 1367 5821 est.
1426 5763 1698 5821 Sacerdos
1727 5766 1874 5820 enim
1931 5770 2119 5832 utpote

2215 4931 2558 5002 ὲξειληφότα.
2617 4928 2822 4996 Πέτρος
2879 4921 2978 4993 μὲν
3035 4919 3144 4989 γὰρ
3206 4917 3235 4970 6
3280 4915 3576 4983 κορυφαῖος
3633 4914 3692 4965 ἐν
3736 4911 3797 4976 τῇ

2214 5025 2324 5078 τῶν
2364 5020 2681 5077 Καθολικῶν
2737 5016 2932 5088 πρώτῃ
2981 5013 3118 5084 μετᾶ
3171 5011 3270 5080 τὴν
3315 5005 3643 5078 προγριιρὴν
3713 5005 3797 5055 εὑ-

2218 5115 2377 5179 θέως,
2409 5108 2780 5179 Εὐλογητὸς,
2825 5106 3082 5177 φησὶν,ιό
3123 5103 3269 5166 Θεὸς
3315 5101 3412 5153 καί
3464 5094 3667 5162 Πατὴρ
3698 5093 3800 5146 τοῦ

2216 5207 2446 5273 Κυρίου
2473 5203 2647 5273 ἡμῶν
2691 5200 2890 5268 Ἰησοῦ
2925 5196 3210 5266 Χριστοῦ.
3249 5193 3396 5246 Αὖτὰ
3436 5187 3688 5242 δὲταῦτα
3711 5183 3802 5236 καὶ

2218 5303 2246 5353 6
2277 5299 2552 5361 οειὸτατος
2583 5295 2798 5357 Παῦλος
2833 5292 2888 5345 ἐν
2916 5308 2975 5344 τε
3012 5292 3078 5360 τῇ
3112 5287 3249 5358 πρὸς
3281 5281 3599 5353 Κορινθίους
3623 5277 3802 5330 δευτέ-

2220 5409 2315 5463 ρᾳ,
2348 5390 2443 5444 καὶ
2461 5391 2525 5457 τῇ
2554 5389 2692 5459 πρὸς
2739 5383 3046 5452 Ἐφεσίους,
3081 5381 3177 5434 καὶ
3227 5379 3291 5446 δὴ
3334 5377 3429 5428 καὶ
3489 5375 3544 5425 ἐν
3593 5371 3797 5463 ἄλλαις,

2219 5461 2373 5539 ἐ-έΔιΓ
2401 5483 2598 5552 εὐχῶν
2633 5479 2750 5534 τῶν
2779 5478 2964 5548 ἁγίων
2996 5471 3275 5540 Πίιτέρων
3319 5465 3511 5538 ἡμῶν.
3544 5490 3613 5503 —-
3644 5461 3801 5514 Αὐτοὶ

2219 5579 2278 5632 δὲ
2310 5577 2433 5632 καθ’
2465 5575 2698 5636 ἑαυτοὺς
2766 5571 2943 5634 ὄντες,
2990 5567 3174 5618 οὐκέτι
3226 5562 3324 5627 μὲν
3367 5555 3800 5628 εὐχαριστήριον,

2226 5671 2432 5724 ἱκέσιον
2465 5668 2522 5722 δὲ
2555 5665 2866 5736 προᾲδομεν
2893 5660 2994 5730 τὴν
3053 5657 3238 5726 εὐχὴν,
3288 5653 3382 5706 καὶ
3449 5652 3576 5712 τοὺς
3620 5645 3801 5713 ἁγίους

2234 5762 2387 5834 ἡμῶν
2414 5759 2661 5829 Πατέρας
2690 5754 2915 5826 μεσίτας
2952 5753 3048 5804 καὶ
3073 5747 3334 5821 πρέσϐεις
3384 5739 3800 5813 παραλαμβανο-

612 5936 652 5966 ¹³
685 5935 784 5991 lsa.
817 5952 892 6002 ix,
921 5937 989 6004 ‘2;
1021 5938 1421 6010 .\lntth.xv,16.
1499 5943 1540 5974 ’⁵
1571 5942 1766 6015 Ephes.
1799 5957 1851 6012 v,
1891 5943 1977 5999 14.
2044 5942 2086 5974 ¹³

2207 5939 2255 5996 ιι.
2287 5956 2476 6009 cxvnt,
2506 5939 2594 5995 62.
2659 5936 2856 5992 "Luc.
2888 5947 3042 6002 xvtn,
3072 5932 3159 5986 15.
