  <div class='ocr_page' id='page_1' title='image "/cluster/home/n/w/nwhite01/storage/ocr_20150623/160/mdp.39015078384693/597.png"; bbox 0 0 4152 6280; ppageno 0'>
   <div class='ocr_carea' id='block_1_1' title="bbox 505 355 642 418">
    <p class='ocr_par' dir='ltr' id='par_1_1' title="bbox 505 355 642 418">
     <span class='ocr_line' id='line_1_1' title="bbox 505 355 642 418; baseline 0 -2"><span class='ocrx_word' id='word_1_1' title='bbox 505 355 642 418; x_wconf 81' lang='grc'><strong>1179</strong></span> 
     </span>
    </p>
   </div>
   <div class='ocr_carea' id='block_1_2' title="bbox 1955 359 2342 422">
    <p class='ocr_par' dir='ltr' id='par_1_2' title="bbox 1955 359 2342 422">
     <span class='ocr_line' id='line_1_2' title="bbox 1955 359 2342 422; baseline 0 -1"><span class='ocrx_word' id='word_1_2' title='bbox 1955 359 2342 422; x_wconf 59' lang='lat' dir='ltr'><strong>ADUENDA.</strong></span> 
     </span>
    </p>
   </div>
   <div class='ocr_carea' id='block_1_3' title="bbox 3623 353 3757 421">
    <p class='ocr_par' dir='ltr' id='par_1_3' title="bbox 3623 353 3757 421">
     <span class='ocr_line' id='line_1_3' title="bbox 3623 353 3757 421; baseline -0.015 -3"><span class='ocrx_word' id='word_1_3' title='bbox 3623 353 3757 421; x_wconf 75' lang='lat'><strong>1180</strong></span> 
     </span>
    </p>
   </div>
   <div class='ocr_carea' id='block_1_4' title="bbox 506 469 2093 549">
    <p class='ocr_par' dir='ltr' id='par_1_4' title="bbox 506 469 2066 549">
     <span class='ocr_line' id='line_1_4' title="bbox 506 469 2066 549; baseline 0 -20"><span class='ocrx_word' id='word_1_4' title='bbox 506 469 724 536; x_wconf 88' lang='lat' dir='ltr'><strong>deinde,</strong></span> <span class='ocrx_word' id='word_1_5' title='bbox 763 470 816 525; x_wconf 89' lang='lat' dir='ltr'><strong>in</strong></span> <span class='ocrx_word' id='word_1_6' title='bbox 870 479 1065 540; x_wconf 88' lang='lat' dir='ltr'><strong>quarto</strong></span> <span class='ocrx_word' id='word_1_7' title='bbox 1121 472 1426 542; x_wconf 77' lang='lat' dir='ltr'><strong>explicatur</strong></span> <span class='ocrx_word' id='word_1_8' title='bbox 1482 479 1801 549; x_wconf 76' lang='lat' dir='ltr'><strong>mysterium</strong></span> <span class='ocrx_word' id='word_1_9' title='bbox 1846 490 2066 531; x_wconf 75' lang='lat' dir='ltr'><strong>meone-</strong></span> 
     </span>
    </p>
   </div>
   <div class='ocr_carea' id='block_1_5' title="bbox 2195 469 3759 549">
    <p class='ocr_par' dir='ltr' id='par_1_5' title="bbox 2195 469 3759 549">
     <span class='ocr_line' id='line_1_5' title="bbox 2195 469 3759 549; baseline -0.003 -23"><span class='ocrx_word' id='word_1_10' title='bbox 2195 469 2459 542; x_wconf 64' lang='grc' dir='ltr'><strong>Ἐρυθρὰν</strong></span> <span class='ocrx_word' id='word_1_11' title='bbox 2486 469 2764 524; x_wconf 73' lang='grc' dir='ltr'><strong>θάλασσαν</strong></span> <span class='ocrx_word' id='word_1_12' title='bbox 2797 470 3075 542; x_wconf 85' lang='grc' dir='ltr'><strong>θαύματος</strong></span> <span class='ocrx_word' id='word_1_13' title='bbox 3108 471 3418 549; x_wconf 80' lang='grc' dir='ltr'><strong>ὑπόμνησιν</strong></span> <span class='ocrx_word' id='word_1_14' title='bbox 3454 471 3569 541; x_wconf 77' lang='grc' dir='ltr'><strong>ἔχει</strong></span> <span class='ocrx_word' id='word_1_15' title='bbox 3605 475 3759 538; x_wconf 81' lang='grc' dir='ltr'><strong>παρὰ</strong></span> 
     </span>
    </p>
   </div>
   <div class='ocr_carea' id='block_1_6' title="bbox 507 561 2077 633">
    <p class='ocr_par' dir='ltr' id='par_1_6' title="bbox 507 561 2077 633">
     <span class='ocr_line' id='line_1_6' title="bbox 507 561 2077 633; baseline 0.005 -17"><span class='ocrx_word' id='word_1_16' title='bbox 507 563 631 622; x_wconf 66' lang='lat' dir='ltr'><strong>mite</strong></span> <span class='ocrx_word' id='word_1_17' title='bbox 683 563 880 618; x_wconf 63' lang='lat' dir='ltr'><strong>divina</strong></span> <span class='ocrx_word' id='word_1_18' title='bbox 927 577 1024 619; x_wconf 79' lang='lat' dir='ltr'><strong>aeu</strong></span> <span class='ocrx_word' id='word_1_19' title='bbox 1075 561 1491 623; x_wconf 74' lang='lat' dir='ltr'><strong>incarnationis.</strong></span> <span class='ocrx_word' id='word_1_20' title='bbox 1557 569 1697 626; x_wconf 73' lang='lat' dir='ltr'><strong>Dens</strong></span> <span class='ocrx_word' id='word_1_21' title='bbox 1747 570 1916 633; x_wconf 89' lang='lat' dir='ltr'><strong>enim,</strong></span> <span class='ocrx_word' id='word_1_22' title='bbox 1979 570 2077 633; x_wconf 89' lang='lat' dir='ltr'><strong>ait,</strong></span> 
     </span>
    </p>
   </div>
   <div class='ocr_carea' id='block_1_7' title="bbox 505 649 2079 720">
    <p class='ocr_par' dir='ltr' id='par_1_7' title="bbox 505 649 2079 720">
     <span class='ocr_line' id='line_1_7' title="bbox 505 649 2079 720; baseline 0.006 -16"><span class='ocrx_word' id='word_1_23' title='bbox 505 667 534 704; x_wconf 88' lang='lat' dir='ltr'><strong>e</strong></span> <span class='ocrx_word' id='word_1_24' title='bbox 561 649 832 709; x_wconf 65' lang='lat' dir='ltr'><strong>Tha’mam</strong></span> <span class='ocrx_word' id='word_1_25' title='bbox 859 652 1045 720; x_wconf 78' lang='lat' dir='ltr'><strong>reniet,</strong></span> <span class='ocrx_word' id='word_1_26' title='bbox 1080 662 1130 707; x_wconf 79' lang='lat' dir='ltr'><strong>et</strong></span> <span class='ocrx_word' id='word_1_27' title='bbox 1160 664 1375 710; x_wconf 75' lang='lat' dir='ltr'><strong>aonctur</strong></span> <span class='ocrx_word' id='word_1_28' title='bbox 1400 657 1464 711; x_wconf 86' lang='lat' dir='ltr'><strong>de</strong></span> <span class='ocrx_word' id='word_1_29' title='bbox 1494 671 1665 713; x_wconf 76' lang='lat' dir='ltr'><strong>mente</strong></span> <span class='ocrx_word' id='word_1_30' title='bbox 1687 660 1974 714; x_wconf 76' lang='lat' dir='ltr'><strong>densarum</strong></span> <span class='ocrx_word' id='word_1_31' title='bbox 2009 669 2079 714; x_wconf 82' lang='lat' dir='ltr'><strong>te-</strong></span> 
     </span>
    </p>
   </div>
   <div class='ocr_carea' id='block_1_8' title="bbox 510 745 2078 820">
    <p class='ocr_par' dir='ltr' id='par_1_8' title="bbox 510 745 2078 820">
     <span class='ocr_line' id='line_1_8' title="bbox 510 745 2078 820; baseline 0.007 -24"><span class='ocrx_word' id='word_1_32' title='bbox 510 746 813 799; x_wconf 83' lang='lat' dir='ltr'><strong>nebrarum.</strong></span> <span class='ocrx_word' id='word_1_33' title='bbox 862 769 928 783; x_wconf 90' lang='lat'><strong>—</strong></span> <span class='ocrx_word' id='word_1_34' title='bbox 957 745 1031 800; x_wconf 84' lang='lat' dir='ltr'><strong>De</strong></span> <span class='ocrx_word' id='word_1_35' title='bbox 1068 757 1218 802; x_wconf 84' lang='lat' dir='ltr'><strong>nocte</strong></span> <span class='ocrx_word' id='word_1_36' title='bbox 1274 750 1458 820; x_wconf 80' lang='lat' dir='ltr'><strong>uigilat</strong></span> <span class='ocrx_word' id='word_1_37' title='bbox 1526 754 1746 819; x_wconf 82' lang='lat' dir='ltr'><strong>apiritua</strong></span> <span class='ocrx_word' id='word_1_38' title='bbox 1797 769 1965 807; x_wconf 80' lang='lat' dir='ltr'><strong>meus.</strong></span> <span class='ocrx_word' id='word_1_39' title='bbox 2011 782 2078 794; x_wconf 88' lang='lat'><strong>—</strong></span> 
     </span>
    </p>
   </div>
   <div class='ocr_carea' id='block_1_9' title="bbox 511 837 2078 908">
    <p class='ocr_par' dir='ltr' id='par_1_9' title="bbox 511 837 2078 908">
     <span class='ocr_line' id='line_1_9' title="bbox 511 837 2078 908; baseline 0.005 -18"><span class='ocrx_word' id='word_1_40' title='bbox 511 837 614 902; x_wconf 77' lang='lat' dir='ltr'><strong>Qui</strong></span> <span class='ocrx_word' id='word_1_41' title='bbox 681 838 825 891; x_wconf 89' lang='lat' dir='ltr'><strong>inter</strong></span> <span class='ocrx_word' id='word_1_42' title='bbox 855 839 1152 908; x_wconf 72' lang='lat' dir='ltr'><strong>prophetas</strong></span> <span class='ocrx_word' id='word_1_43' title='bbox 1200 841 1437 895; x_wconf 80' lang='lat' dir='ltr'><strong>maxime</strong></span> <span class='ocrx_word' id='word_1_44' title='bbox 1469 843 1723 898; x_wconf 79' lang='lat' dir='ltr'><strong>sublimis</strong></span> <span class='ocrx_word' id='word_1_45' title='bbox 1775 852 1857 898; x_wconf 85' lang='lat' dir='ltr'><strong>cst</strong></span> <span class='ocrx_word' id='word_1_46' title='bbox 1907 844 2078 898; x_wconf 81' lang='lat' dir='ltr'><strong>Isaias</strong></span> 
     </span>
    </p>
   </div>
   <div class='ocr_carea' id='block_1_10' title="bbox 509 930 2082 1003">
    <p class='ocr_par' dir='ltr' id='par_1_10' title="bbox 509 930 2082 1003">
     <span class='ocr_line' id='line_1_10' title="bbox 509 930 2082 1003; baseline 0.005 -25"><span class='ocrx_word' id='word_1_47' title='bbox 509 938 693 983; x_wconf 77' lang='lat' dir='ltr'><strong>cantat</strong></span> <span class='ocrx_word' id='word_1_48' title='bbox 722 930 972 997; x_wconf 89' lang='lat' dir='ltr'><strong>quintum</strong></span> <span class='ocrx_word' id='word_1_49' title='bbox 999 941 1052 985; x_wconf 86' lang='lat' dir='ltr'><strong>et</strong></span> <span class='ocrx_word' id='word_1_50' title='bbox 1083 931 1258 999; x_wconf 89' lang='lat' dir='ltr'><strong>ipsum</strong></span> <span class='ocrx_word' id='word_1_51' title='bbox 1309 933 1538 1001; x_wconf 86' lang='lat' dir='ltr'><strong>tempori</strong></span> <span class='ocrx_word' id='word_1_52' title='bbox 1592 934 1744 987; x_wconf 83' lang='lat' dir='ltr'><strong>valde</strong></span> <span class='ocrx_word' id='word_1_53' title='bbox 1771 950 2082 1003; x_wconf 70' lang='lat' dir='ltr'><strong>congruen-</strong></span> 
     </span>
    </p>
   </div>
   <div class='ocr_carea' id='block_1_11' title="bbox 2181 562 3755 634">
    <p class='ocr_par' dir='ltr' id='par_1_11' title="bbox 2181 562 3755 634">
     <span class='ocr_line' id='line_1_11' title="bbox 2181 562 3755 634; baseline 0 -18"><span class='ocrx_word' id='word_1_54' title='bbox 2181 563 2280 632; x_wconf 83' lang='grc' dir='ltr'><strong>τῆς</strong></span> <span class='ocrx_word' id='word_1_55' title='bbox 2319 562 2498 627; x_wconf 62' lang='grc' dir='ltr'><strong>ἐξόδου</strong></span> <span class='ocrx_word' id='word_1_56' title='bbox 2550 563 2815 634; x_wconf 75' lang='grc' dir='ltr'><strong>ληφθεῖσα</strong></span> <span class='ocrx_word' id='word_1_57' title='bbox 2880 593 2951 605; x_wconf 83' lang='lat'><strong>--</strong></span> <span class='ocrx_word' id='word_1_58' title='bbox 2999 566 3288 634; x_wconf 80' lang='grc' dir='ltr'><strong>Πρόσεχε,</strong></span> <span class='ocrx_word' id='word_1_59' title='bbox 3348 562 3609 634; x_wconf 79' lang='grc' dir='ltr'><strong>οὐρανὲ,</strong></span> <span class='ocrx_word' id='word_1_60' title='bbox 3657 563 3755 617; x_wconf 75' lang='grc' dir='ltr'><strong>καί</strong></span> 
     </span>
    </p>
   </div>
   <div class='ocr_carea' id='block_1_12' title="bbox 2177 649 3758 728">
    <p class='ocr_par' dir='ltr' id='par_1_12' title="bbox 2177 649 3758 728">
     <span class='ocr_line' id='line_1_12' title="bbox 2177 649 3758 728; baseline -0.001 -17"><span class='ocrx_word' id='word_1_61' title='bbox 2177 655 2453 722; x_wconf 67' lang='grc' dir='ltr'><strong>λαλήσω·</strong></span> <span class='ocrx_word' id='word_1_62' title='bbox 2474 686 2546 696; x_wconf 95' lang='grc'><strong><em>--</em></strong></span> <span class='ocrx_word' id='word_1_63' title='bbox 2571 658 2604 725; x_wconf 81' lang='grc' dir='ltr'>ἡ</span> <span class='ocrx_word' id='word_1_64' title='bbox 2640 657 2696 711; x_wconf 79' lang='grc' dir='ltr'><strong>δι</strong></span> <span class='ocrx_word' id='word_1_65' title='bbox 2726 674 2787 726; x_wconf 86' lang='grc' dir='ltr'><strong>γε</strong></span> <span class='ocrx_word' id='word_1_66' title='bbox 2813 657 3060 728; x_wconf 76' lang='grc' dir='ltr'><strong>δευτέρα,</strong></span> <span class='ocrx_word' id='word_1_67' title='bbox 3084 659 3178 712; x_wconf 81' lang='grc' dir='ltr'><strong>τοῦ</strong></span> <span class='ocrx_word' id='word_1_68' title='bbox 3209 649 3640 728; x_wconf 82' lang='grc' dir='ltr'><strong>Δευτερονομίου</strong></span> <span class='ocrx_word' id='word_1_69' title='bbox 3667 659 3758 712; x_wconf 80' lang='grc' dir='ltr'><strong>καὶ</strong></span> 
     </span>
    </p>
   </div>
   <div class='ocr_carea' id='block_1_13' title="bbox 2181 748 3760 820">
    <p class='ocr_par' dir='ltr' id='par_1_13' title="bbox 2181 748 3760 820">
     <span class='ocr_line' id='line_1_13' title="bbox 2181 748 3760 820; baseline -0.003 -16"><span class='ocrx_word' id='word_1_70' title='bbox 2181 749 2345 818; x_wconf 73' lang='grc' dir='ltr'><strong>αὕτη,</strong></span> <span class='ocrx_word' id='word_1_71' title='bbox 2383 749 2491 802; x_wconf 90' lang='grc' dir='ltr'><strong>τῶν</strong></span> <span class='ocrx_word' id='word_1_72' title='bbox 2537 750 2679 803; x_wconf 71' lang='grc' dir='ltr'><strong>κατὰ</strong></span> <span class='ocrx_word' id='word_1_73' title='bbox 2709 750 2810 820; x_wconf 78' lang='grc' dir='ltr'><strong>τὴν</strong></span> <span class='ocrx_word' id='word_1_74' title='bbox 2841 749 3050 820; x_wconf 76' lang='grc' dir='ltr'><strong>ἔρημον</strong></span> <span class='ocrx_word' id='word_1_75' title='bbox 3080 750 3495 820; x_wconf 77' lang='grc' dir='ltr'><strong>ὑπομιμνήσκει</strong></span> <span class='ocrx_word' id='word_1_76' title='bbox 3543 748 3760 815; x_wconf 75' lang='grc' dir='ltr'><strong>θαυμάο</strong></span> 
     </span>
    </p>
   </div>
   <div class='ocr_carea' id='block_1_14' title="bbox 2181 839 3758 913">
    <p class='ocr_par' dir='ltr' id='par_1_14' title="bbox 2181 839 3758 913">
     <span class='ocr_line' id='line_1_14' title="bbox 2181 839 3758 913; baseline -0.001 -21"><span class='ocrx_word' id='word_1_77' title='bbox 2181 858 2310 903; x_wconf 90' lang='grc' dir='ltr'><strong>των,</strong></span> <span class='ocrx_word' id='word_1_78' title='bbox 2342 841 2437 893; x_wconf 74' lang='grc' dir='ltr'><strong>καὶ</strong></span> <span class='ocrx_word' id='word_1_79' title='bbox 2481 840 2580 910; x_wconf 81' lang='grc' dir='ltr'><strong>τῆς</strong></span> <span class='ocrx_word' id='word_1_80' title='bbox 2614 842 2671 892; x_wconf 71' lang='grc' dir='ltr'><strong>ἒν</strong></span> <span class='ocrx_word' id='word_1_81' title='bbox 2703 841 2876 913; x_wconf 84' lang='grc' dir='ltr'><strong>ταύτῃ</strong></span> <span class='ocrx_word' id='word_1_82' title='bbox 2909 841 3234 909; x_wconf 72' lang='grc' dir='ltr'><strong>νομοθεσίας</strong></span> <span class='ocrx_word' id='word_1_83' title='bbox 3270 841 3366 894; x_wconf 77' lang='grc' dir='ltr'><strong>τοῦ</strong></span> <span class='ocrx_word' id='word_1_84' title='bbox 3412 839 3758 910; x_wconf 80' lang='grc' dir='ltr'><strong>προφητικοῦ</strong></span> 
     </span>
    </p>
   </div>
   <div class='ocr_carea' id='block_1_15' title="bbox 2187 931 3758 1002">
    <p class='ocr_par' dir='ltr' id='par_1_15' title="bbox 2187 931 3758 1002">
     <span class='ocr_line' id='line_1_15' title="bbox 2187 931 3758 1002; baseline 0.002 -20"><span class='ocrx_word' id='word_1_85' title='bbox 2187 934 2547 1001; x_wconf 73' lang='grc' dir='ltr'><strong>χαρίσματος.</strong></span> <span class='ocrx_word' id='word_1_86' title='bbox 2579 960 2649 972; x_wconf 91' lang='grc'><strong><em>-</em></strong></span> <span class='ocrx_word' id='word_1_87' title='bbox 2674 931 3044 1000; x_wconf 78' lang='grc' dir='ltr'><strong>Ἔστερεώθη</strong></span> <span class='ocrx_word' id='word_1_88' title='bbox 3071 932 3110 998; x_wconf 75' lang='grc' dir='ltr'><strong><em>ἠ</em></strong></span> <span class='ocrx_word' id='word_1_89' title='bbox 3140 932 3356 1001; x_wconf 70' lang='grc' dir='ltr'><strong>καρδία</strong></span> <span class='ocrx_word' id='word_1_90' title='bbox 3391 949 3511 1002; x_wconf 83' lang='grc' dir='ltr'><strong>μου</strong></span> <span class='ocrx_word' id='word_1_91' title='bbox 3547 931 3618 985; x_wconf 75' lang='grc' dir='ltr'><strong>ἐν</strong></span> <span class='ocrx_word' id='word_1_92' title='bbox 3643 935 3758 985; x_wconf 82' lang='grc' dir='ltr'><strong>Κυ-</strong></span> 
     </span>
    </p>
   </div>
   <div class='ocr_carea' id='block_1_16' title="bbox 511 1018 2093 1094">
    <p class='ocr_par' dir='ltr' id='par_1_16' title="bbox 511 1018 2084 1094">
     <span class='ocr_line' id='line_1_16' title="bbox 511 1018 2084 1094; baseline 0.004 -22"><span class='ocrx_word' id='word_1_93' title='bbox 511 1028 617 1072; x_wconf 83' lang='lat' dir='ltr'><strong>tem</strong></span> <span class='ocrx_word' id='word_1_94' title='bbox 647 1037 659 1070; x_wconf 84' lang='lat'><strong>:</strong></span> <span class='ocrx_word' id='word_1_95' title='bbox 688 1018 760 1071; x_wconf 85' lang='lat' dir='ltr'><strong>De</strong></span> <span class='ocrx_word' id='word_1_96' title='bbox 796 1027 964 1081; x_wconf 79' lang='lat' dir='ltr'><strong>nocte,</strong></span> <span class='ocrx_word' id='word_1_97' title='bbox 992 1020 1089 1084; x_wconf 89' lang='lat' dir='ltr'><strong>ait,</strong></span> <span class='ocrx_word' id='word_1_98' title='bbox 1120 1021 1300 1089; x_wconf 76' lang='lat' dir='ltr'><strong>vigilat</strong></span> <span class='ocrx_word' id='word_1_99' title='bbox 1339 1039 1429 1077; x_wconf 86' lang='lat' dir='ltr'><strong>cor</strong></span> <span class='ocrx_word' id='word_1_100' title='bbox 1459 1039 1628 1094; x_wconf 68' lang='lat' dir='ltr'><strong>rugam</strong></span> <span class='ocrx_word' id='word_1_101' title='bbox 1658 1025 1726 1077; x_wconf 85' lang='lat' dir='ltr'><strong>ad</strong></span> <span class='ocrx_word' id='word_1_102' title='bbox 1752 1035 1821 1090; x_wconf 76' lang='lat' dir='ltr'><strong>te,</strong></span> <span class='ocrx_word' id='word_1_103' title='bbox 1854 1025 2084 1090; x_wconf 66' lang='grc' dir='ltr'><strong>ορατ,οῑ</strong></span> 
     </span>
    </p>
   </div>
   <div class='ocr_carea' id='block_1_17' title="bbox 2195 1018 3762 1094">
    <p class='ocr_par' dir='ltr' id='par_1_17' title="bbox 2195 1020 3762 1093">
     <span class='ocr_line' id='line_1_17' title="bbox 2195 1020 3762 1093; baseline -0.002 -18"><span class='ocrx_word' id='word_1_104' title='bbox 2195 1023 2308 1086; x_wconf 65' lang='grc' dir='ltr'><strong>οἴῳ.</strong></span> <span class='ocrx_word' id='word_1_105' title='bbox 2339 1052 2409 1064; x_wconf 86' lang='lat'><strong>-—</strong></span> <span class='ocrx_word' id='word_1_106' title='bbox 2466 1022 2530 1075; x_wconf 81' lang='grc' dir='ltr'><strong>Ἥ</strong></span> <span class='ocrx_word' id='word_1_107' title='bbox 2562 1021 2723 1093; x_wconf 87' lang='grc' dir='ltr'><strong>τρίτη</strong></span> <span class='ocrx_word' id='word_1_108' title='bbox 2766 1022 3117 1092; x_wconf 79' lang='grc' dir='ltr'><strong>ὑπογραφὴν,</strong></span> <span class='ocrx_word' id='word_1_109' title='bbox 3175 1023 3270 1075; x_wconf 76' lang='grc' dir='ltr'><strong>καὶ</strong></span> <span class='ocrx_word' id='word_1_110' title='bbox 3319 1021 3419 1090; x_wconf 79' lang='grc' dir='ltr'><strong>τῆς</strong></span> <span class='ocrx_word' id='word_1_111' title='bbox 3471 1020 3532 1086; x_wconf 70' lang='grc' dir='ltr'><strong>ἐξ</strong></span> <span class='ocrx_word' id='word_1_112' title='bbox 3590 1021 3762 1073; x_wconf 73' lang='grc' dir='ltr'><strong>ἐθνῶν</strong></span> 
     </span>
    </p>
   </div>
   <div class='ocr_carea' id='block_1_18' title="bbox 515 1111 2088 1183">
    <p class='ocr_par' dir='ltr' id='par_1_18' title="bbox 515 1111 2088 1183">
     <span class='ocr_line' id='line_1_18' title="bbox 515 1111 2088 1183; baseline 0.004 -18"><span class='ocrx_word' id='word_1_113' title='bbox 515 1127 622 1165; x_wconf 89' lang='lat' dir='ltr'><strong>una</strong></span> <span class='ocrx_word' id='word_1_114' title='bbox 647 1112 974 1180; x_wconf 68' lang='lat' dir='ltr'><strong>praebentem</strong></span> <span class='ocrx_word' id='word_1_115' title='bbox 1024 1111 1365 1180; x_wconf 75' lang='lat' dir='ltr'><strong>prophetiam</strong></span> <span class='ocrx_word' id='word_1_116' title='bbox 1419 1113 1486 1168; x_wconf 87' lang='lat' dir='ltr'><strong>de</strong></span> <span class='ocrx_word' id='word_1_117' title='bbox 1529 1116 1788 1183; x_wconf 69' lang='lat' dir='ltr'><strong>praeclara</strong></span> <span class='ocrx_word' id='word_1_118' title='bbox 1843 1131 2088 1172; x_wconf 83' lang='lat' dir='ltr'><strong>resurre-</strong></span> 
     </span>
    </p>
   </div>
   <div class='ocr_carea' id='block_1_19' title="bbox 511 1201 2087 1263">
    <p class='ocr_par' dir='ltr' id='par_1_19' title="bbox 511 1201 2087 1263">
     <span class='ocr_line' id='line_1_19' title="bbox 511 1201 2087 1263; baseline 0.006 -9"><span class='ocrx_word' id='word_1_119' title='bbox 511 1202 690 1256; x_wconf 89' lang='lat' dir='ltr'><strong>ctione</strong></span> <span class='ocrx_word' id='word_1_120' title='bbox 712 1201 1012 1257; x_wconf 81' lang='lat' dir='ltr'><strong>Salvatoris</strong></span> <span class='ocrx_word' id='word_1_121' title='bbox 1043 1204 1238 1258; x_wconf 80' lang='lat' dir='ltr'><strong>nostri.</strong></span> <span class='ocrx_word' id='word_1_122' title='bbox 1271 1229 1342 1244; x_wconf 80' lang='grc' dir='ltr'><strong>-ι</strong></span> <span class='ocrx_word' id='word_1_123' title='bbox 1365 1203 1609 1260; x_wconf 74' lang='grc' dir='ltr'><strong>σιαηιαυῖ</strong></span> <span class='ocrx_word' id='word_1_124' title='bbox 1656 1207 1710 1260; x_wconf 80' lang='lat' dir='ltr'><strong>in</strong></span> <span class='ocrx_word' id='word_1_125' title='bbox 1744 1207 2087 1263; x_wconf 70' lang='lat' dir='ltr'><strong>tribulatione</strong></span> 
     </span>
    </p>
   </div>
   <div class='ocr_carea' id='block_1_20' title="bbox 514 1293 2086 1368">
    <p class='ocr_par' dir='ltr' id='par_1_20' title="bbox 514 1293 2086 1368">
     <span class='ocr_line' id='line_1_20' title="bbox 514 1293 2086 1368; baseline 0.007 -24"><span class='ocrx_word' id='word_1_126' title='bbox 514 1307 734 1346; x_wconf 79' lang='lat' dir='ltr'><strong>mea.—</strong></span> <span class='ocrx_word' id='word_1_127' title='bbox 771 1293 864 1347; x_wconf 90' lang='lat' dir='ltr'><strong>Uti</strong></span> <span class='ocrx_word' id='word_1_128' title='bbox 920 1303 1066 1348; x_wconf 88' lang='lat' dir='ltr'><strong>certe</strong></span> <span class='ocrx_word' id='word_1_129' title='bbox 1105 1304 1153 1348; x_wconf 86' lang='lat' dir='ltr'><strong>et</strong></span> <span class='ocrx_word' id='word_1_130' title='bbox 1191 1295 1381 1348; x_wconf 88' lang='lat' dir='ltr'><strong>beatus</strong></span> <span class='ocrx_word' id='word_1_131' title='bbox 1437 1294 1606 1352; x_wconf 81' lang='lat' dir='ltr'><strong>Jonas</strong></span> <span class='ocrx_word' id='word_1_132' title='bbox 1664 1298 1925 1368; x_wconf 77' lang='lat' dir='ltr'><strong>propheta</strong></span> <span class='ocrx_word' id='word_1_133' title='bbox 1963 1315 2086 1355; x_wconf 77' lang='lat' dir='ltr'><strong>sex-</strong></span> 
     </span>
    </p>
   </div>
   <div class='ocr_carea' id='block_1_21' title="bbox 516 1385 2087 1458">
    <p class='ocr_par' dir='ltr' id='par_1_21' title="bbox 516 1385 2087 1458">
     <span class='ocr_line' id='line_1_21' title="bbox 516 1385 2087 1458; baseline 0.007 -23"><span class='ocrx_word' id='word_1_134' title='bbox 516 1395 630 1436; x_wconf 90' lang='lat' dir='ltr'><strong>tum</strong></span> <span class='ocrx_word' id='word_1_135' title='bbox 694 1385 851 1439; x_wconf 89' lang='lat' dir='ltr'><strong>nobis</strong></span> <span class='ocrx_word' id='word_1_136' title='bbox 888 1385 1099 1440; x_wconf 88' lang='lat' dir='ltr'><strong>actibus</strong></span> <span class='ocrx_word' id='word_1_137' title='bbox 1126 1394 1181 1441; x_wconf 88' lang='lat' dir='ltr'><strong>et</strong></span> <span class='ocrx_word' id='word_1_138' title='bbox 1227 1387 1409 1442; x_wconf 71' lang='lat' dir='ltr'><strong>verbis</strong></span> <span class='ocrx_word' id='word_1_139' title='bbox 1440 1397 1596 1458; x_wconf 89' lang='lat' dir='ltr'><strong>parat</strong></span> <span class='ocrx_word' id='word_1_140' title='bbox 1626 1408 1639 1442; x_wconf 91' lang='lat'><strong>:</strong></span> <span class='ocrx_word' id='word_1_141' title='bbox 1672 1419 1744 1434; x_wconf 86' lang='lat'><strong>-—</strong></span> <span class='ocrx_word' id='word_1_142' title='bbox 1775 1390 2087 1446; x_wconf 72' lang='lat' dir='ltr'><strong>Benedictus</strong></span> 
     </span>
    </p>
   </div>
   <div class='ocr_carea' id='block_1_22' title="bbox 513 1475 2089 1551">
    <p class='ocr_par' dir='ltr' id='par_1_22' title="bbox 513 1475 2089 1551">
     <span class='ocr_line' id='line_1_22' title="bbox 513 1475 2089 1551; baseline 0.005 -23"><span class='ocrx_word' id='word_1_143' title='bbox 513 1493 593 1541; x_wconf 73' lang='lat' dir='ltr'><strong>es,</strong></span> <span class='ocrx_word' id='word_1_144' title='bbox 658 1475 898 1541; x_wconf 81' lang='lat' dir='ltr'><strong>Domine,</strong></span> <span class='ocrx_word' id='word_1_145' title='bbox 955 1486 1031 1540; x_wconf 91' lang='lat' dir='ltr'><strong>et,</strong></span> <span class='ocrx_word' id='word_1_146' title='bbox 1086 1476 1404 1544; x_wconf 82' lang='lat' dir='ltr'><strong>Benedicite,</strong></span> <span class='ocrx_word' id='word_1_147' title='bbox 1450 1481 1633 1535; x_wconf 82' lang='lat' dir='ltr'><strong>omnia</strong></span> <span class='ocrx_word' id='word_1_148' title='bbox 1660 1497 1820 1546; x_wconf 81' lang='lat' dir='ltr'><strong>opera</strong></span> <span class='ocrx_word' id='word_1_149' title='bbox 1853 1481 2089 1551; x_wconf 79' lang='lat' dir='ltr'><strong>Domini,</strong></span> 
     </span>
    </p>
   </div>
   <div class='ocr_carea' id='block_1_23' title="bbox 521 1568 2090 1645">
    <p class='ocr_par' dir='ltr' id='par_1_23' title="bbox 521 1568 2090 1645">
     <span class='ocr_line' id='line_1_23' title="bbox 521 1568 2090 1645; baseline 0.007 -26"><span class='ocrx_word' id='word_1_150' title='bbox 521 1568 765 1624; x_wconf 87' lang='lat' dir='ltr'><strong>Domino.</strong></span> <span class='ocrx_word' id='word_1_151' title='bbox 798 1599 869 1614; x_wconf 62' lang='grc' dir='ltr'><strong>-η</strong></span> <span class='ocrx_word' id='word_1_152' title='bbox 896 1568 961 1623; x_wconf 85' lang='lat' dir='ltr'><strong>Et</strong></span> <span class='ocrx_word' id='word_1_153' title='bbox 989 1569 1168 1624; x_wconf 83' lang='lat' dir='ltr'><strong>adhuc</strong></span> <span class='ocrx_word' id='word_1_154' title='bbox 1203 1571 1504 1626; x_wconf 89' lang='lat' dir='ltr'><strong>beatissimi</strong></span> <span class='ocrx_word' id='word_1_155' title='bbox 1540 1572 1698 1643; x_wconf 88' lang='lat' dir='ltr'><strong>pueri</strong></span> <span class='ocrx_word' id='word_1_156' title='bbox 1728 1576 1781 1628; x_wconf 92' lang='lat' dir='ltr'><strong>in</strong></span> <span class='ocrx_word' id='word_1_157' title='bbox 1816 1573 2090 1645; x_wconf 85' lang='lat' dir='ltr'><strong>Babylone</strong></span> 
     </span>
    </p>
   </div>
   <div class='ocr_carea' id='block_1_24' title="bbox 521 1657 2088 1732">
    <p class='ocr_par' dir='ltr' id='par_1_24' title="bbox 521 1657 2088 1732">
     <span class='ocr_line' id='line_1_24' title="bbox 521 1657 2088 1732; baseline 0.006 -22"><span class='ocrx_word' id='word_1_158' title='bbox 521 1657 764 1724; x_wconf 59' lang='lat' dir='ltr'><strong>praebent</strong></span> <span class='ocrx_word' id='word_1_159' title='bbox 801 1659 1094 1727; x_wconf 77' lang='lat' dir='ltr'><strong>septimum</strong></span> <span class='ocrx_word' id='word_1_160' title='bbox 1145 1667 1199 1714; x_wconf 90' lang='lat' dir='ltr'><strong>et</strong></span> <span class='ocrx_word' id='word_1_161' title='bbox 1254 1672 1533 1729; x_wconf 82' lang='lat' dir='ltr'><strong>octavum,</strong></span> <span class='ocrx_word' id='word_1_162' title='bbox 1569 1665 1660 1732; x_wconf 90' lang='lat' dir='ltr'><strong>qui</strong></span> <span class='ocrx_word' id='word_1_163' title='bbox 1719 1663 2088 1720; x_wconf 80' lang='lat' dir='ltr'><strong>laudationem</strong></span> 
     </span>
    </p>
   </div>
   <div class='ocr_carea' id='block_1_25' title="bbox 519 1749 2086 1825">
    <p class='ocr_par' dir='ltr' id='par_1_25' title="bbox 519 1749 2086 1825">
     <span class='ocr_line' id='line_1_25' title="bbox 519 1749 2086 1825; baseline 0.004 -21"><span class='ocrx_word' id='word_1_164' title='bbox 519 1749 773 1804; x_wconf 85' lang='lat' dir='ltr'><strong>omnibus</strong></span> <span class='ocrx_word' id='word_1_165' title='bbox 827 1765 1192 1816; x_wconf 90' lang='lat' dir='ltr'><strong>communem,</strong></span> <span class='ocrx_word' id='word_1_166' title='bbox 1247 1753 1334 1806; x_wconf 73' lang='lat' dir='ltr'><strong>die</strong></span> <span class='ocrx_word' id='word_1_167' title='bbox 1390 1753 1499 1820; x_wconf 83' lang='lat' dir='ltr'><strong>jam</strong></span> <span class='ocrx_word' id='word_1_168' title='bbox 1559 1755 1872 1825; x_wconf 73' lang='lat' dir='ltr'><strong>incipiente,</strong></span> <span class='ocrx_word' id='word_1_169' title='bbox 1929 1757 2086 1812; x_wconf 81' lang='lat' dir='ltr'><strong>nobis</strong></span> 
     </span>
    </p>
   </div>
   <div class='ocr_carea' id='block_1_26' title="bbox 519 1843 2090 1913">
    <p class='ocr_par' dir='ltr' id='par_1_26' title="bbox 519 1843 2090 1913">
     <span class='ocr_line' id='line_1_26' title="bbox 519 1843 2090 1913; baseline 0.006 -21"><span class='ocrx_word' id='word_1_170' title='bbox 519 1851 887 1910; x_wconf 69' lang='lat' dir='ltr'><strong>congruenter</strong></span> <span class='ocrx_word' id='word_1_171' title='bbox 919 1843 1160 1910; x_wconf 74' lang='lat' dir='ltr'><strong>subiicit,</strong></span> <span class='ocrx_word' id='word_1_172' title='bbox 1209 1853 1263 1897; x_wconf 91' lang='lat' dir='ltr'><strong>ct</strong></span> <span class='ocrx_word' id='word_1_173' title='bbox 1297 1845 1398 1913; x_wconf 78' lang='lat' dir='ltr'><strong>ipsi</strong></span> <span class='ocrx_word' id='word_1_174' title='bbox 1433 1855 1560 1899; x_wconf 88' lang='lat' dir='ltr'><strong>sunt</strong></span> <span class='ocrx_word' id='word_1_175' title='bbox 1589 1861 1652 1901; x_wconf 79' lang='lat' dir='ltr'><strong>ex</strong></span> <span class='ocrx_word' id='word_1_176' title='bbox 1689 1848 1867 1902; x_wconf 87' lang='lat' dir='ltr'><strong>Veteri</strong></span> <span class='ocrx_word' id='word_1_177' title='bbox 1900 1846 2090 1904; x_wconf 84' lang='lat' dir='ltr'><strong>Testa-</strong></span> 
     </span>
    </p>
   </div>
   <div class='ocr_carea' id='block_1_27' title="bbox 521 1933 2089 2008">
    <p class='ocr_par' dir='ltr' id='par_1_27' title="bbox 521 1933 2089 2008">
     <span class='ocr_line' id='line_1_27' title="bbox 521 1933 2089 2008; baseline 0.008 -25"><span class='ocrx_word' id='word_1_178' title='bbox 521 1940 726 1997; x_wconf 74' lang='lat' dir='ltr'><strong>mento,</strong></span> <span class='ocrx_word' id='word_1_179' title='bbox 763 1933 923 1988; x_wconf 88' lang='lat' dir='ltr'><strong>modo</strong></span> <span class='ocrx_word' id='word_1_180' title='bbox 956 1933 1126 1999; x_wconf 90' lang='lat' dir='ltr'><strong>dicto,</strong></span> <span class='ocrx_word' id='word_1_181' title='bbox 1155 1936 1429 2006; x_wconf 84' lang='lat' dir='ltr'><strong>dispositi.</strong></span> <span class='ocrx_word' id='word_1_182' title='bbox 1457 1969 1525 1978; x_wconf 96' lang='lat'><strong>—</strong></span> <span class='ocrx_word' id='word_1_183' title='bbox 1558 1939 1873 2008; x_wconf 79' lang='lat' dir='ltr'><strong>Magni/icat</strong></span> <span class='ocrx_word' id='word_1_184' title='bbox 1907 1943 2089 1996; x_wconf 87' lang='lat' dir='ltr'><strong>anima</strong></span> 
     </span>
    </p>
   </div>
   <div class='ocr_carea' id='block_1_28' title="bbox 530 2023 2088 2087">
    <p class='ocr_par' dir='ltr' id='par_1_28' title="bbox 530 2023 2088 2087">
     <span class='ocr_line' id='line_1_28' title="bbox 530 2023 2088 2087; baseline 0.008 -13"><span class='ocrx_word' id='word_1_185' title='bbox 530 2040 642 2076; x_wconf 80' lang='lat' dir='ltr'><strong>mea</strong></span> <span class='ocrx_word' id='word_1_186' title='bbox 668 2023 973 2080; x_wconf 77' lang='lat' dir='ltr'><strong>Dominum.</strong></span> <span class='ocrx_word' id='word_1_187' title='bbox 999 2056 1066 2068; x_wconf 91' lang='lat'><em>—</em></span> <span class='ocrx_word' id='word_1_188' title='bbox 1091 2024 1303 2080; x_wconf 88' lang='lat' dir='ltr'><strong>Nonum</strong></span> <span class='ocrx_word' id='word_1_189' title='bbox 1338 2042 1464 2082; x_wconf 72' lang='lat' dir='ltr'><strong>vero</strong></span> <span class='ocrx_word' id='word_1_190' title='bbox 1486 2029 1722 2084; x_wconf 86' lang='lat' dir='ltr'><strong>dicimus</strong></span> <span class='ocrx_word' id='word_1_191' title='bbox 1748 2031 1800 2085; x_wconf 88' lang='lat' dir='ltr'><strong>in</strong></span> <span class='ocrx_word' id='word_1_192' title='bbox 1829 2034 2088 2087; x_wconf 86' lang='lat' dir='ltr'><strong>honorem</strong></span> 
     </span>
    </p>
   </div>
   <div class='ocr_carea' id='block_1_29' title="bbox 525 2115 2091 2189">
    <p class='ocr_par' dir='ltr' id='par_1_29' title="bbox 525 2115 2091 2189">
     <span class='ocr_line' id='line_1_29' title="bbox 525 2115 2091 2189; baseline 0.008 -22"><span class='ocrx_word' id='word_1_193' title='bbox 525 2115 890 2172; x_wconf 68' lang='lat' dir='ltr'><strong>sanctissima!</strong></span> <span class='ocrx_word' id='word_1_194' title='bbox 925 2115 1164 2189; x_wconf 72' lang='lat' dir='ltr'><strong>Virginis</strong></span> <span class='ocrx_word' id='word_1_195' title='bbox 1207 2129 1260 2172; x_wconf 88' lang='lat' dir='ltr'><strong>et</strong></span> <span class='ocrx_word' id='word_1_196' title='bbox 1306 2121 1397 2174; x_wconf 84' lang='lat' dir='ltr'><strong>Dei</strong></span> <span class='ocrx_word' id='word_1_197' title='bbox 1427 2121 1632 2176; x_wconf 78' lang='lat' dir='ltr'><strong>Matris.</strong></span> <span class='ocrx_word' id='word_1_198' title='bbox 1669 2121 1717 2177; x_wconf 77' lang='lat' dir='ltr'><strong>Is</strong></span> <span class='ocrx_word' id='word_1_199' title='bbox 1748 2123 1974 2178; x_wconf 88' lang='lat' dir='ltr'><strong>ultimus</strong></span> <span class='ocrx_word' id='word_1_200' title='bbox 2009 2136 2091 2179; x_wconf 84' lang='lat' dir='ltr'><strong>est</strong></span> 
     </span>
    </p>
   </div>
   <div class='ocr_carea' id='block_1_30' title="bbox 515 2205 2091 2281">
    <p class='ocr_par' dir='ltr' id='par_1_30' title="bbox 515 2205 2091 2281">
     <span class='ocr_line' id='line_1_30' title="bbox 515 2205 2091 2281; baseline 0.006 -23"><span class='ocrx_word' id='word_1_201' title='bbox 515 2205 672 2268; x_wconf 75' lang='lat' dir='ltr'><strong>juxta</strong></span> <span class='ocrx_word' id='word_1_202' title='bbox 708 2207 1057 2276; x_wconf 71' lang='lat' dir='ltr'><strong>prtedicta.ct</strong></span> <span class='ocrx_word' id='word_1_203' title='bbox 1082 2225 1207 2263; x_wconf 90' lang='lat' dir='ltr'><strong>eum</strong></span> <span class='ocrx_word' id='word_1_204' title='bbox 1233 2226 1295 2262; x_wconf 83' lang='lat' dir='ltr'><strong>cx</strong></span> <span class='ocrx_word' id='word_1_205' title='bbox 1331 2211 1620 2281; x_wconf 69' lang='lat' dir='ltr'><strong>EanigPiiO</strong></span> <span class='ocrx_word' id='word_1_206' title='bbox 1647 2214 1946 2268; x_wconf 88' lang='lat' dir='ltr'><strong>secundum</strong></span> <span class='ocrx_word' id='word_1_207' title='bbox 1983 2214 2091 2270; x_wconf 86' lang='lat' dir='ltr'><strong>Lu-</strong></span> 
     </span>
    </p>
   </div>
   <div class='ocr_carea' id='block_1_31' title="bbox 523 2300 2090 2368">
    <p class='ocr_par' dir='ltr' id='par_1_31' title="bbox 523 2300 2090 2368">
     <span class='ocr_line' id='line_1_31' title="bbox 523 2300 2090 2368; baseline 0.008 -18"><span class='ocrx_word' id='word_1_208' title='bbox 523 2312 643 2350; x_wconf 70' lang='lat' dir='ltr'><strong>cam</strong></span> <span class='ocrx_word' id='word_1_209' title='bbox 701 2300 1159 2368; x_wconf 80' lang='lat' dir='ltr'><strong>cxprompsimus.</strong></span> <span class='ocrx_word' id='word_1_210' title='bbox 1190 2330 1258 2340; x_wconf 93' lang='lat'><strong>-—</strong></span> <span class='ocrx_word' id='word_1_211' title='bbox 1285 2301 1598 2357; x_wconf 71' lang='lat' dir='ltr'><strong>Benedictus</strong></span> <span class='ocrx_word' id='word_1_212' title='bbox 1658 2304 1909 2360; x_wconf 72' lang='lat' dir='ltr'><strong>Dominus</strong></span> <span class='ocrx_word' id='word_1_213' title='bbox 1955 2306 2090 2362; x_wconf 76' lang='lat' dir='ltr'><strong>Deus</strong></span> 
     </span>
    </p>
   </div>
   <div class='ocr_carea' id='block_1_32' title="bbox 531 2386 2094 2466">
    <p class='ocr_par' dir='ltr' id='par_1_32' title="bbox 531 2386 2094 2466">
     <span class='ocr_line' id='line_1_32' title="bbox 531 2386 2094 2466; baseline 0.01 -29"><span class='ocrx_word' id='word_1_214' title='bbox 531 2386 718 2440; x_wconf 74' lang='lat' dir='ltr'><strong>Israel.</strong></span> <span class='ocrx_word' id='word_1_215' title='bbox 756 2419 823 2429; x_wconf 88' lang='lat'><strong>-—-</strong></span> <span class='ocrx_word' id='word_1_216' title='bbox 874 2388 937 2442; x_wconf 88' lang='lat' dir='ltr'><strong>Et</strong></span> <span class='ocrx_word' id='word_1_217' title='bbox 978 2401 1232 2458; x_wconf 71' lang='lat' dir='ltr'><strong>prmterca</strong></span> <span class='ocrx_word' id='word_1_218' title='bbox 1291 2394 1566 2448; x_wconf 91' lang='lat' dir='ltr'><strong>canticum</strong></span> <span class='ocrx_word' id='word_1_219' title='bbox 1607 2394 1885 2452; x_wconf 67' lang='lat' dir='ltr'><strong>Zachariae</strong></span> <span class='ocrx_word' id='word_1_220' title='bbox 1923 2401 2094 2466; x_wconf 88' lang='lat' dir='ltr'><strong>patris</strong></span> 
     </span>
    </p>
   </div>
   <div class='ocr_carea' id='block_1_33' title="bbox 528 2482 2090 2561">
    <p class='ocr_par' dir='ltr' id='par_1_33' title="bbox 528 2482 2090 2561">
     <span class='ocr_line' id='line_1_33' title="bbox 528 2482 2090 2561; baseline 0.008 -26"><span class='ocrx_word' id='word_1_221' title='bbox 528 2482 908 2539; x_wconf 68' lang='lat' dir='ltr'><strong>Praecnrsoris.</strong></span> <span class='ocrx_word' id='word_1_222' title='bbox 943 2484 1149 2540; x_wconf 88' lang='lat' dir='ltr'><strong>llorum</strong></span> <span class='ocrx_word' id='word_1_223' title='bbox 1200 2489 1442 2542; x_wconf 90' lang='lat' dir='ltr'><strong>omnium</strong></span> <span class='ocrx_word' id='word_1_224' title='bbox 1483 2501 1836 2561; x_wconf 79' lang='lat' dir='ltr'><strong>excerpcntes</strong></span> <span class='ocrx_word' id='word_1_225' title='bbox 1875 2507 2090 2559; x_wconf 88' lang='lat' dir='ltr'><strong>versus,</strong></span> 
     </span>
    </p>
   </div>
   <div class='ocr_carea' id='block_1_34' title="bbox 525 2575 2095 2652">
    <p class='ocr_par' dir='ltr' id='par_1_34' title="bbox 525 2575 2095 2652">
     <span class='ocr_line' id='line_1_34' title="bbox 525 2575 2095 2652; baseline 0.01 -28"><span class='ocrx_word' id='word_1_226' title='bbox 525 2576 822 2639; x_wconf 35' lang='lat' dir='ltr'><strong>praesertim</strong></span> <span class='ocrx_word' id='word_1_227' title='bbox 850 2575 1055 2639; x_wconf 81' lang='lat' dir='ltr'><strong>ﬁnales,</strong></span> <span class='ocrx_word' id='word_1_228' title='bbox 1079 2576 1163 2632; x_wconf 89' lang='lat' dir='ltr'><strong>his</strong></span> <span class='ocrx_word' id='word_1_229' title='bbox 1217 2578 1593 2634; x_wconf 80' lang='lat' dir='ltr'><strong>intertexintus</strong></span> <span class='ocrx_word' id='word_1_230' title='bbox 1631 2591 1753 2652; x_wconf 87' lang='lat' dir='ltr'><strong>apte</strong></span> <span class='ocrx_word' id='word_1_231' title='bbox 1787 2591 1982 2639; x_wconf 89' lang='lat' dir='ltr'><strong>cantus</strong></span> <span class='ocrx_word' id='word_1_232' title='bbox 2029 2600 2095 2638; x_wconf 73' lang='lat' dir='ltr'><strong>ex</strong></span> 
     </span>
    </p>
   </div>
   <div class='ocr_carea' id='block_1_35' title="bbox 525 2665 2096 2743">
    <p class='ocr_par' dir='ltr' id='par_1_35' title="bbox 525 2665 2096 2743">
     <span class='ocr_line' id='line_1_35' title="bbox 525 2665 2096 2743; baseline 0.008 -25"><span class='ocrx_word' id='word_1_233' title='bbox 525 2665 777 2722; x_wconf 74' lang='lat' dir='ltr'><strong>l‘atribus</strong></span> <span class='ocrx_word' id='word_1_234' title='bbox 807 2667 1090 2734; x_wconf 83' lang='lat' dir='ltr'><strong>collectos,</strong></span> <span class='ocrx_word' id='word_1_235' title='bbox 1130 2685 1333 2737; x_wconf 87' lang='lat' dir='ltr'><strong>eosque</strong></span> <span class='ocrx_word' id='word_1_236' title='bbox 1388 2687 1648 2728; x_wconf 83' lang='lat' dir='ltr'><strong>vocamus</strong></span> <span class='ocrx_word' id='word_1_237' title='bbox 1690 2688 1928 2729; x_wconf 88' lang='lat' dir='ltr'><strong>canones</strong></span> <span class='ocrx_word' id='word_1_238' title='bbox 1959 2691 2096 2743; x_wconf 89' lang='lat' dir='ltr'><strong>quos</strong></span> 
     </span>
    </p>
   </div>
   <div class='ocr_carea' id='block_1_36' title="bbox 526 2761 2098 2833">
    <p class='ocr_par' dir='ltr' id='par_1_36' title="bbox 526 2761 2098 2833">
     <span class='ocr_line' id='line_1_36' title="bbox 526 2761 2098 2833; baseline 0.006 -22"><span class='ocrx_word' id='word_1_239' title='bbox 526 2769 646 2826; x_wconf 91' lang='lat' dir='ltr'><strong>post</strong></span> <span class='ocrx_word' id='word_1_240' title='bbox 690 2761 900 2812; x_wconf 85' lang='lat' dir='ltr'><strong>tertiam</strong></span> <span class='ocrx_word' id='word_1_241' title='bbox 937 2771 989 2814; x_wconf 89' lang='lat' dir='ltr'><strong>et</strong></span> <span class='ocrx_word' id='word_1_242' title='bbox 1019 2771 1227 2816; x_wconf 75' lang='lat' dir='ltr'><strong>sextam</strong></span> <span class='ocrx_word' id='word_1_243' title='bbox 1286 2763 1659 2833; x_wconf 88' lang='lat' dir='ltr'><strong>intercipimus</strong></span> <span class='ocrx_word' id='word_1_244' title='bbox 1696 2773 1748 2820; x_wconf 86' lang='lat' dir='ltr'><strong>et</strong></span> <span class='ocrx_word' id='word_1_245' title='bbox 1801 2767 2098 2820; x_wconf 67' lang='lat' dir='ltr'><strong>cathismao</strong></span> 
     </span>
    </p>
   </div>
   <div class='ocr_carea' id='block_1_37' title="bbox 525 2850 2098 2919">
    <p class='ocr_par' dir='ltr' id='par_1_37' title="bbox 525 2850 2098 2919">
     <span class='ocr_line' id='line_1_37' title="bbox 525 2850 2098 2919; baseline 0.006 -17"><span class='ocrx_word' id='word_1_246' title='bbox 525 2850 671 2904; x_wconf 87' lang='lat' dir='ltr'><strong>tibus</strong></span> <span class='ocrx_word' id='word_1_247' title='bbox 706 2861 755 2904; x_wconf 88' lang='lat' dir='ltr'><strong>ct</strong></span> <span class='ocrx_word' id='word_1_248' title='bbox 784 2852 870 2905; x_wconf 88' lang='lat' dir='ltr'><strong>bis</strong></span> <span class='ocrx_word' id='word_1_249' title='bbox 905 2868 1022 2919; x_wconf 72' lang='lat' dir='ltr'><strong>qua:</strong></span> <span class='ocrx_word' id='word_1_250' title='bbox 1050 2852 1306 2908; x_wconf 85' lang='lat' dir='ltr'><strong>dicuntur</strong></span> <span class='ocrx_word' id='word_1_251' title='bbox 1334 2855 1617 2918; x_wconf 86' lang='lat' dir='ltr'><strong>contaciis,</strong></span> <span class='ocrx_word' id='word_1_252' title='bbox 1639 2864 1692 2910; x_wconf 91' lang='lat' dir='ltr'><strong>et</strong></span> <span class='ocrx_word' id='word_1_253' title='bbox 1721 2857 1876 2917; x_wconf 66' lang='lat' dir='ltr'><strong>oecis.</strong></span> <span class='ocrx_word' id='word_1_254' title='bbox 1907 2867 2098 2912; x_wconf 91' lang='lat' dir='ltr'><strong>orante</strong></span> 
     </span>
    </p>
   </div>
   <div class='ocr_carea' id='block_1_38' title="bbox 522 2943 2099 3010">
    <p class='ocr_par' dir='ltr' id='par_1_38' title="bbox 522 2943 2099 3010">
     <span class='ocr_line' id='line_1_38' title="bbox 522 2943 2099 3010; baseline 0.005 -16"><span class='ocrx_word' id='word_1_255' title='bbox 522 2943 758 3010; x_wconf 90' lang='lat' dir='ltr'><strong>primum</strong></span> <span class='ocrx_word' id='word_1_256' title='bbox 815 2944 1096 2998; x_wconf 82' lang='lat' dir='ltr'><strong>sacerdote</strong></span> <span class='ocrx_word' id='word_1_257' title='bbox 1133 2959 1146 2994; x_wconf 89' lang='lat'><strong>:</strong></span> <span class='ocrx_word' id='word_1_258' title='bbox 1182 2974 1249 2985; x_wconf 94' lang='lat'><strong><em>—</em></strong></span> <span class='ocrx_word' id='word_1_259' title='bbox 1283 2945 1626 2999; x_wconf 84' lang='lat' dir='ltr'><strong>Iltnminator</strong></span> <span class='ocrx_word' id='word_1_260' title='bbox 1658 2947 1899 3002; x_wconf 85' lang='lat' dir='ltr'><strong>Domine.</strong></span> <span class='ocrx_word' id='word_1_261' title='bbox 1935 2980 2006 2992; x_wconf 90' lang='lat'><strong>—-</strong></span> <span class='ocrx_word' id='word_1_262' title='bbox 2034 2949 2099 3002; x_wconf 80' lang='lat' dir='ltr'><strong>Et</strong></span> 
     </span>
    </p>
   </div>
   <div class='ocr_carea' id='block_1_39' title="bbox 523 3032 2098 3106">
    <p class='ocr_par' dir='ltr' id='par_1_39' title="bbox 523 3032 2098 3106">
     <span class='ocr_line' id='line_1_39' title="bbox 523 3032 2098 3106; baseline 0.006 -22"><span class='ocrx_word' id='word_1_263' title='bbox 523 3035 742 3100; x_wconf 79' lang='lat' dir='ltr'><strong>quidem</strong></span> <span class='ocrx_word' id='word_1_264' title='bbox 777 3032 828 3085; x_wconf 93' lang='lat' dir='ltr'><strong>in</strong></span> <span class='ocrx_word' id='word_1_265' title='bbox 859 3034 964 3087; x_wconf 84' lang='lat' dir='ltr'><strong>line</strong></span> <span class='ocrx_word' id='word_1_266' title='bbox 997 3034 1248 3089; x_wconf 81' lang='lat' dir='ltr'><strong>addimus</strong></span> <span class='ocrx_word' id='word_1_267' title='bbox 1281 3036 1381 3089; x_wconf 86' lang='lat' dir='ltr'><strong>alia</strong></span> <span class='ocrx_word' id='word_1_268' title='bbox 1408 3037 1652 3105; x_wconf 60' lang='lat' dir='ltr'><strong>quaedam</strong></span> <span class='ocrx_word' id='word_1_269' title='bbox 1685 3039 1942 3106; x_wconf 83' lang='lat' dir='ltr'><strong>troparin.</strong></span> <span class='ocrx_word' id='word_1_270' title='bbox 1979 3039 2098 3094; x_wconf 74' lang='lat' dir='ltr'><strong>lla°c</strong></span> 
     </span>
    </p>
   </div>
   <div class='ocr_carea' id='block_1_40' title="bbox 2197 1111 3762 1183">
    <p class='ocr_par' dir='ltr' id='par_1_40' title="bbox 2197 1111 3762 1183">
     <span class='ocr_line' id='line_1_40' title="bbox 2197 1111 3762 1183; baseline -0.002 -16"><span class='ocrx_word' id='word_1_271' title='bbox 2197 1113 2529 1182; x_wconf 80' lang='grc' dir='ltr'><strong>Ἐκκλησίας</strong></span> <span class='ocrx_word' id='word_1_272' title='bbox 2558 1113 2964 1181; x_wconf 86' lang='grc' dir='ltr'><strong>πολυγονούσης</strong></span> <span class='ocrx_word' id='word_1_273' title='bbox 2992 1113 3346 1183; x_wconf 86' lang='grc' dir='ltr'><strong>προτύπωσιν</strong></span> <span class='ocrx_word' id='word_1_274' title='bbox 3374 1113 3510 1181; x_wconf 75' lang='grc' dir='ltr'><strong>ἔχει.</strong></span> <span class='ocrx_word' id='word_1_275' title='bbox 3541 1142 3612 1153; x_wconf 93' lang='grc'><strong><em>-</em></strong></span> <span class='ocrx_word' id='word_1_276' title='bbox 3646 1111 3762 1164; x_wconf 75' lang='grc' dir='ltr'><strong>Κύ-</strong></span> 
     </span>
    </p>
   </div>
   <div class='ocr_carea' id='block_1_41' title="bbox 2178 1203 3763 1273">
    <p class='ocr_par' dir='ltr' id='par_1_41' title="bbox 2178 1203 3763 1273">
     <span class='ocr_line' id='line_1_41' title="bbox 2178 1203 3763 1273; baseline -0.002 -15"><span class='ocrx_word' id='word_1_277' title='bbox 2178 1221 2294 1273; x_wconf 82' lang='grc' dir='ltr'><strong>ριε,</strong></span> <span class='ocrx_word' id='word_1_278' title='bbox 2327 1205 2666 1270; x_wconf 81' lang='grc' dir='ltr'><strong>εισακήκοσ</strong></span> <span class='ocrx_word' id='word_1_279' title='bbox 2696 1205 2813 1273; x_wconf 76' lang='grc' dir='ltr'><strong>τὴν</strong></span> <span class='ocrx_word' id='word_1_280' title='bbox 2847 1205 3045 1269; x_wconf 78' lang='grc' dir='ltr'><strong>ἀκοήν</strong></span> <span class='ocrx_word' id='word_1_281' title='bbox 3081 1218 3223 1259; x_wconf 87' lang='grc' dir='ltr'><strong>σου.</strong></span> <span class='ocrx_word' id='word_1_282' title='bbox 3264 1235 3330 1247; x_wconf 90' lang='grc'><strong><em>-</em></strong></span> <span class='ocrx_word' id='word_1_283' title='bbox 3368 1203 3525 1258; x_wconf 84' lang='grc' dir='ltr'><strong>Μετὰ</strong></span> <span class='ocrx_word' id='word_1_284' title='bbox 3556 1203 3763 1273; x_wconf 84' lang='grc' dir='ltr'><strong>ταύτην</strong></span> 
     </span>
    </p>
   </div>
   <div class='ocr_carea' id='block_1_42' title="bbox 2187 1295 3760 1369">
    <p class='ocr_par' dir='ltr' id='par_1_42' title="bbox 2187 1295 3760 1369">
     <span class='ocr_line' id='line_1_42' title="bbox 2187 1295 3760 1369; baseline 0.001 -21"><span class='ocrx_word' id='word_1_285' title='bbox 2187 1297 2468 1364; x_wconf 76' lang='grc' dir='ltr'><strong>ἑπομένως</strong></span> <span class='ocrx_word' id='word_1_286' title='bbox 2521 1299 2578 1350; x_wconf 75' lang='grc' dir='ltr'><strong>ἐν</strong></span> <span class='ocrx_word' id='word_1_287' title='bbox 2626 1300 2692 1367; x_wconf 81' lang='grc' dir='ltr'><strong>τῇ</strong></span> <span class='ocrx_word' id='word_1_288' title='bbox 2734 1298 2970 1369; x_wconf 76' lang='grc' dir='ltr'><strong>τετάρτῃ</strong></span> <span class='ocrx_word' id='word_1_289' title='bbox 3001 1297 3062 1350; x_wconf 73' lang='grc' dir='ltr'><strong>τὸ</strong></span> <span class='ocrx_word' id='word_1_290' title='bbox 3108 1298 3210 1366; x_wconf 83' lang='grc' dir='ltr'><strong>τῆς</strong></span> <span class='ocrx_word' id='word_1_291' title='bbox 3239 1297 3392 1360; x_wconf 88' lang='grc' dir='ltr'><strong>θείας</strong></span> <span class='ocrx_word' id='word_1_292' title='bbox 3423 1295 3760 1364; x_wconf 81' lang='grc' dir='ltr'><strong>οίκονομίας,</strong></span> 
     </span>
    </p>
   </div>
   <div class='ocr_carea' id='block_1_43' title="bbox 2187 1383 3757 1458">
    <p class='ocr_par' dir='ltr' id='par_1_43' title="bbox 2187 1383 3757 1458">
     <span class='ocr_line' id='line_1_43' title="bbox 2187 1383 3757 1458; baseline -0.002 -19"><span class='ocrx_word' id='word_1_293' title='bbox 2187 1387 2286 1440; x_wconf 68' lang='grc' dir='ltr'><strong>σῖτ’</strong></span> <span class='ocrx_word' id='word_1_294' title='bbox 2332 1383 2425 1440; x_wconf 75' lang='grc' dir='ltr'><strong>οὖν</strong></span> <span class='ocrx_word' id='word_1_295' title='bbox 2479 1389 2830 1458; x_wconf 83' lang='grc' dir='ltr'><strong>σαρκῶσεως,</strong></span> <span class='ocrx_word' id='word_1_296' title='bbox 2878 1387 3266 1458; x_wconf 82' lang='grc' dir='ltr'><strong>διατρανοῦται</strong></span> <span class='ocrx_word' id='word_1_297' title='bbox 3327 1388 3652 1457; x_wconf 85' lang='grc' dir='ltr'><strong>μυστήριον.</strong></span> <span class='ocrx_word' id='word_1_298' title='bbox 3704 1387 3757 1436; x_wconf 90' lang='grc' dir='ltr'><strong><em>Ὀ</em></strong></span> 
     </span>
    </p>
   </div>
   <div class='ocr_carea' id='block_1_44' title="bbox 2188 1479 3762 1550">
    <p class='ocr_par' dir='ltr' id='par_1_44' title="bbox 2188 1479 3762 1550">
     <span class='ocr_line' id='line_1_44' title="bbox 2188 1479 3762 1550; baseline -0.001 -16"><span class='ocrx_word' id='word_1_299' title='bbox 2188 1480 2334 1545; x_wconf 85' lang='grc' dir='ltr'><strong>Θεὸς</strong></span> <span class='ocrx_word' id='word_1_300' title='bbox 2363 1481 2491 1550; x_wconf 71' lang='grc' dir='ltr'><strong>γὰρ,</strong></span> <span class='ocrx_word' id='word_1_301' title='bbox 2522 1483 2710 1548; x_wconf 78' lang='grc' dir='ltr'><strong>φησὶν,</strong></span> <span class='ocrx_word' id='word_1_302' title='bbox 2751 1482 2868 1535; x_wconf 72' lang='grc' dir='ltr'><strong>ἀπὸ</strong></span> <span class='ocrx_word' id='word_1_303' title='bbox 2906 1481 3133 1550; x_wconf 75' lang='grc' dir='ltr'><strong>Θαιμὰν</strong></span> <span class='ocrx_word' id='word_1_304' title='bbox 3165 1481 3319 1549; x_wconf 82' lang='grc' dir='ltr'><strong>ἣξει,</strong></span> <span class='ocrx_word' id='word_1_305' title='bbox 3348 1479 3446 1535; x_wconf 77' lang='grc' dir='ltr'><strong>καὶ</strong></span> <span class='ocrx_word' id='word_1_306' title='bbox 3494 1480 3661 1550; x_wconf 71' lang='grc' dir='ltr'><strong>ἅγιος</strong></span> <span class='ocrx_word' id='word_1_307' title='bbox 3694 1479 3762 1541; x_wconf 80' lang='grc' dir='ltr'><strong>ἐξ</strong></span> 
     </span>
    </p>
   </div>
   <div class='ocr_carea' id='block_1_45' title="bbox 2188 1569 3762 1638">
    <p class='ocr_par' dir='ltr' id='par_1_45' title="bbox 2188 1569 3762 1638">
     <span class='ocr_line' id='line_1_45' title="bbox 2188 1569 3762 1638; baseline 0.001 -14"><span class='ocrx_word' id='word_1_308' title='bbox 2188 1569 2368 1638; x_wconf 79' lang='grc' dir='ltr'><strong>ὅρους</strong></span> <span class='ocrx_word' id='word_1_309' title='bbox 2414 1573 2747 1626; x_wconf 79' lang='grc' dir='ltr'><strong>κατασκιου</strong></span> <span class='ocrx_word' id='word_1_310' title='bbox 2793 1572 3037 1638; x_wconf 78' lang='grc' dir='ltr'><strong>δασέος.</strong></span> <span class='ocrx_word' id='word_1_311' title='bbox 3066 1603 3134 1614; x_wconf 93' lang='grc'><strong><em>-</em></strong></span> <span class='ocrx_word' id='word_1_312' title='bbox 3170 1571 3276 1626; x_wconf 82' lang='grc' dir='ltr'><strong>Ἐκ</strong></span> <span class='ocrx_word' id='word_1_313' title='bbox 3314 1571 3534 1637; x_wconf 81' lang='grc' dir='ltr'><strong>νυκτὸς</strong></span> <span class='ocrx_word' id='word_1_314' title='bbox 3572 1571 3762 1638; x_wconf 77' lang='grc' dir='ltr'><strong>ὀρθρίο</strong></span> 
     </span>
    </p>
   </div>
   <div class='ocr_carea' id='block_1_46' title="bbox 2191 1661 3767 1734">
    <p class='ocr_par' dir='ltr' id='par_1_46' title="bbox 2191 1661 3767 1734">
     <span class='ocr_line' id='line_1_46' title="bbox 2191 1661 3767 1734; baseline 0 -19"><span class='ocrx_word' id='word_1_315' title='bbox 2191 1661 2268 1722; x_wconf 67' lang='grc' dir='ltr'><strong>ἂι</strong></span> <span class='ocrx_word' id='word_1_316' title='bbox 2314 1663 2380 1716; x_wconf 83' lang='grc' dir='ltr'><strong>τὸ</strong></span> <span class='ocrx_word' id='word_1_317' title='bbox 2408 1662 2647 1732; x_wconf 74' lang='grc' dir='ltr'><strong>πνεῦμά</strong></span> <span class='ocrx_word' id='word_1_318' title='bbox 2682 1681 2822 1732; x_wconf 80' lang='grc' dir='ltr'><strong>μου.</strong></span> <span class='ocrx_word' id='word_1_319' title='bbox 2857 1694 2921 1706; x_wconf 75' lang='grc' dir='ltr'><strong>--ι</strong></span> <span class='ocrx_word' id='word_1_320' title='bbox 2961 1663 3024 1718; x_wconf 89' lang='grc' dir='ltr'>Ὀ</span> <span class='ocrx_word' id='word_1_321' title='bbox 3053 1665 3160 1716; x_wconf 88' lang='grc' dir='ltr'><strong>τῶν</strong></span> <span class='ocrx_word' id='word_1_322' title='bbox 3208 1664 3508 1734; x_wconf 74' lang='grc' dir='ltr'><strong>προφητῶν</strong></span> <span class='ocrx_word' id='word_1_323' title='bbox 3542 1663 3767 1731; x_wconf 86' lang='grc' dir='ltr'><strong>μεγαλο-</strong></span> 
     </span>
    </p>
   </div>
   <div class='ocr_carea' id='block_1_47' title="bbox 2192 1752 3763 1826">
    <p class='ocr_par' dir='ltr' id='par_1_47' title="bbox 2192 1752 3763 1826">
     <span class='ocr_line' id='line_1_47' title="bbox 2192 1752 3763 1826; baseline -0.001 -20"><span class='ocrx_word' id='word_1_324' title='bbox 2192 1752 2503 1821; x_wconf 88' lang='grc' dir='ltr'><strong>φωνότατος</strong></span> <span class='ocrx_word' id='word_1_325' title='bbox 2542 1755 2768 1817; x_wconf 76' lang='grc' dir='ltr'><strong>Ἡσαΐας</strong></span> <span class='ocrx_word' id='word_1_326' title='bbox 2799 1755 2914 1826; x_wconf 67' lang='grc' dir='ltr'><strong>ᾅδει</strong></span> <span class='ocrx_word' id='word_1_327' title='bbox 2946 1755 3044 1825; x_wconf 78' lang='grc' dir='ltr'><strong>τὴν</strong></span> <span class='ocrx_word' id='word_1_328' title='bbox 3073 1757 3349 1826; x_wconf 78' lang='grc' dir='ltr'><strong>πέμπτην,</strong></span> <span class='ocrx_word' id='word_1_329' title='bbox 3384 1755 3461 1822; x_wconf 84' lang='grc' dir='ltr'><strong>τῷ</strong></span> <span class='ocrx_word' id='word_1_330' title='bbox 3490 1754 3668 1823; x_wconf 84' lang='grc' dir='ltr'><strong>καιρῷ</strong></span> <span class='ocrx_word' id='word_1_331' title='bbox 3705 1771 3763 1804; x_wconf 88' lang='grc' dir='ltr'><strong>τε</strong></span> 
     </span>
    </p>
   </div>
   <div class='ocr_carea' id='block_1_48' title="bbox 2191 1843 3765 1913">
    <p class='ocr_par' dir='ltr' id='par_1_48' title="bbox 2191 1843 3765 1913">
     <span class='ocr_line' id='line_1_48' title="bbox 2191 1843 3765 1913; baseline -0.002 -13"><span class='ocrx_word' id='word_1_332' title='bbox 2191 1845 2286 1900; x_wconf 75' lang='grc' dir='ltr'><strong>καὶ</strong></span> <span class='ocrx_word' id='word_1_333' title='bbox 2344 1843 2514 1912; x_wconf 71' lang='grc' dir='ltr'><strong>αὐτὴν</strong></span> <span class='ocrx_word' id='word_1_334' title='bbox 2567 1845 2627 1899; x_wconf 76' lang='grc' dir='ltr'><strong>εὖ</strong></span> <span class='ocrx_word' id='word_1_335' title='bbox 2679 1845 2824 1913; x_wconf 75' lang='grc' dir='ltr'><strong>μάλα</strong></span> <span class='ocrx_word' id='word_1_336' title='bbox 2872 1846 3299 1913; x_wconf 71' lang='grc' dir='ltr'><strong>συμϐαίνουσαν.</strong></span> <span class='ocrx_word' id='word_1_337' title='bbox 3353 1844 3458 1899; x_wconf 68' lang='grc' dir='ltr'><strong>Ἐς</strong></span> <span class='ocrx_word' id='word_1_338' title='bbox 3499 1843 3765 1910; x_wconf 72' lang='grc' dir='ltr'><strong>νυκτὸς,</strong></span> 
     </span>
    </p>
   </div>
   <div class='ocr_carea' id='block_1_49' title="bbox 2193 1935 3766 2006">
    <p class='ocr_par' dir='ltr' id='par_1_49' title="bbox 2193 1935 3766 2006">
     <span class='ocr_line' id='line_1_49' title="bbox 2193 1935 3766 2006; baseline 0.001 -18"><span class='ocrx_word' id='word_1_339' title='bbox 2193 1938 2379 2005; x_wconf 73' lang='grc' dir='ltr'><strong>φησὶν,</strong></span> <span class='ocrx_word' id='word_1_340' title='bbox 2413 1935 2658 2006; x_wconf 76' lang='grc' dir='ltr'><strong>ὀρθρίζει</strong></span> <span class='ocrx_word' id='word_1_341' title='bbox 2687 1938 2752 1990; x_wconf 82' lang='grc' dir='ltr'><strong>τὸ</strong></span> <span class='ocrx_word' id='word_1_342' title='bbox 2801 1937 3042 2005; x_wconf 78' lang='grc' dir='ltr'><strong>πνεῦμά</strong></span> <span class='ocrx_word' id='word_1_343' title='bbox 3070 1956 3188 2006; x_wconf 85' lang='grc' dir='ltr'><strong>μου</strong></span> <span class='ocrx_word' id='word_1_344' title='bbox 3236 1939 3384 2006; x_wconf 75' lang='grc' dir='ltr'><strong>πρὸς</strong></span> <span class='ocrx_word' id='word_1_345' title='bbox 3416 1939 3512 2005; x_wconf 86' lang='grc' dir='ltr'><strong>σὲ,</strong></span> <span class='ocrx_word' id='word_1_346' title='bbox 3541 1941 3574 1992; x_wconf 81' lang='grc' dir='ltr'><em>ὁ</em></span> <span class='ocrx_word' id='word_1_347' title='bbox 3605 1939 3766 2004; x_wconf 75' lang='grc' dir='ltr'><strong>Θεὸς,</strong></span> 
     </span>
    </p>
   </div>
   <div class='ocr_carea' id='block_1_50' title="bbox 2193 2028 3772 2099">
    <p class='ocr_par' dir='ltr' id='par_1_50' title="bbox 2193 2028 3772 2099">
     <span class='ocr_line' id='line_1_50' title="bbox 2193 2028 3772 2099; baseline 0.001 -18"><span class='ocrx_word' id='word_1_348' title='bbox 2193 2029 2288 2081; x_wconf 78' lang='grc' dir='ltr'><strong>καὶ</strong></span> <span class='ocrx_word' id='word_1_349' title='bbox 2340 2029 2458 2096; x_wconf 77' lang='grc' dir='ltr'><strong>ἅμα</strong></span> <span class='ocrx_word' id='word_1_350' title='bbox 2489 2029 2586 2096; x_wconf 77' lang='grc' dir='ltr'><strong>τῆς</strong></span> <span class='ocrx_word' id='word_1_351' title='bbox 2627 2029 2891 2099; x_wconf 79' lang='grc' dir='ltr'><strong>λαμπρᾶς</strong></span> <span class='ocrx_word' id='word_1_352' title='bbox 2923 2028 3019 2082; x_wconf 73' lang='grc' dir='ltr'><strong>ττιῦ</strong></span> <span class='ocrx_word' id='word_1_353' title='bbox 3055 2030 3306 2099; x_wconf 70' lang='grc' dir='ltr'><strong>Σωτῆρος</strong></span> <span class='ocrx_word' id='word_1_354' title='bbox 3337 2031 3496 2098; x_wconf 77' lang='grc' dir='ltr'><strong>ἡμῶν</strong></span> <span class='ocrx_word' id='word_1_355' title='bbox 3534 2032 3772 2084; x_wconf 82' lang='grc' dir='ltr'><strong>ἀναστά-</strong></span> 
     </span>
    </p>
   </div>
   <div class='ocr_carea' id='block_1_51' title="bbox 2196 2119 3770 2189">
    <p class='ocr_par' dir='ltr' id='par_1_51' title="bbox 2196 2119 3770 2189">
     <span class='ocr_line' id='line_1_51' title="bbox 2196 2119 3770 2189; baseline 0.001 -18"><span class='ocrx_word' id='word_1_356' title='bbox 2196 2136 2330 2181; x_wconf 87' lang='grc' dir='ltr'><strong>σεως</strong></span> <span class='ocrx_word' id='word_1_357' title='bbox 2395 2119 2626 2188; x_wconf 81' lang='grc' dir='ltr'><strong>ἔχουσαν</strong></span> <span class='ocrx_word' id='word_1_358' title='bbox 2667 2120 3115 2189; x_wconf 83' lang='grc' dir='ltr'><strong>-προφητείαν.-</strong></span> <span class='ocrx_word' id='word_1_359' title='bbox 3163 2120 3423 2187; x_wconf 77' lang='grc' dir='ltr'><strong>Ἐΰόησα</strong></span> <span class='ocrx_word' id='word_1_360' title='bbox 3455 2120 3528 2172; x_wconf 83' lang='grc' dir='ltr'><strong>ἐν</strong></span> <span class='ocrx_word' id='word_1_361' title='bbox 3569 2121 3770 2188; x_wconf 70' lang='grc' dir='ltr'><strong>θλίψει</strong></span> 
     </span>
    </p>
   </div>
   <div class='ocr_carea' id='block_1_52' title="bbox 2188 2201 3774 2280">
    <p class='ocr_par' dir='ltr' id='par_1_52' title="bbox 2188 2201 3774 2280">
     <span class='ocr_line' id='line_1_52' title="bbox 2188 2201 3774 2280; baseline -0.003 -19"><span class='ocrx_word' id='word_1_362' title='bbox 2188 2226 2332 2279; x_wconf 77' lang='grc' dir='ltr'><strong>μου.</strong></span> <span class='ocrx_word' id='word_1_363' title='bbox 2367 2237 2437 2248; x_wconf 78' lang='grc' dir='ltr'><strong>ο-</strong></span> <span class='ocrx_word' id='word_1_364' title='bbox 2463 2201 2648 2280; x_wconf 70' lang='grc' dir='ltr'><strong>τῌπερ</strong></span> <span class='ocrx_word' id='word_1_365' title='bbox 2681 2208 2744 2277; x_wconf 83' lang='grc' dir='ltr'><strong>δὴ</strong></span> <span class='ocrx_word' id='word_1_366' title='bbox 2773 2203 2864 2260; x_wconf 79' lang='grc' dir='ltr'><strong>καὶ</strong></span> <span class='ocrx_word' id='word_1_367' title='bbox 2911 2211 2938 2260; x_wconf 87' lang='grc' dir='ltr'><strong>δ</strong></span> <span class='ocrx_word' id='word_1_368' title='bbox 2975 2208 3248 2276; x_wconf 79' lang='grc' dir='ltr'><strong>μακάριος</strong></span> <span class='ocrx_word' id='word_1_369' title='bbox 3277 2207 3464 2268; x_wconf 75' lang='grc' dir='ltr'><strong>Ἰωνᾶς</strong></span> <span class='ocrx_word' id='word_1_370' title='bbox 3502 2209 3529 2259; x_wconf 84' lang='grc' dir='ltr'><strong>ό</strong></span> <span class='ocrx_word' id='word_1_371' title='bbox 3557 2207 3774 2276; x_wconf 79' lang='grc' dir='ltr'><strong>προφήο</strong></span> 
     </span>
    </p>
   </div>
   <div class='ocr_carea' id='block_1_53' title="bbox 2193 2297 3770 2370">
    <p class='ocr_par' dir='ltr' id='par_1_53' title="bbox 2193 2297 3770 2370">
     <span class='ocr_line' id='line_1_53' title="bbox 2193 2297 3770 2370; baseline -0.001 -18"><span class='ocrx_word' id='word_1_372' title='bbox 2193 2317 2292 2368; x_wconf 88' lang='grc' dir='ltr'><strong>της</strong></span> <span class='ocrx_word' id='word_1_373' title='bbox 2328 2300 2427 2370; x_wconf 86' lang='grc' dir='ltr'><strong>τὴν</strong></span> <span class='ocrx_word' id='word_1_374' title='bbox 2468 2300 2636 2369; x_wconf 70' lang='grc' dir='ltr'><strong>ἕκτην</strong></span> <span class='ocrx_word' id='word_1_375' title='bbox 2692 2300 2877 2370; x_wconf 76' lang='grc' dir='ltr'><strong>ἔργοις</strong></span> <span class='ocrx_word' id='word_1_376' title='bbox 2916 2316 2972 2351; x_wconf 83' lang='grc' dir='ltr'><strong>τε</strong></span> <span class='ocrx_word' id='word_1_377' title='bbox 3014 2303 3106 2353; x_wconf 72' lang='grc' dir='ltr'><strong>καὶ</strong></span> <span class='ocrx_word' id='word_1_378' title='bbox 3165 2299 3348 2364; x_wconf 83' lang='grc' dir='ltr'><strong>λόγοις</strong></span> <span class='ocrx_word' id='word_1_379' title='bbox 3397 2297 3770 2361; x_wconf 68' lang='grc' dir='ltr'><strong>διασκευάζει.</strong></span> 
     </span>
    </p>
   </div>
   <div class='ocr_carea' id='block_1_54' title="bbox 2194 2387 3775 2460">
    <p class='ocr_par' dir='ltr' id='par_1_54' title="bbox 2194 2387 3775 2460">
     <span class='ocr_line' id='line_1_54' title="bbox 2194 2387 3775 2460; baseline -0.003 -15"><span class='ocrx_word' id='word_1_380' title='bbox 2194 2422 2264 2434; x_wconf 89' lang='grc'><strong><em>-</em></strong></span> <span class='ocrx_word' id='word_1_381' title='bbox 2288 2391 2627 2460; x_wconf 76' lang='grc' dir='ltr'><strong>Εὐλογητὸς</strong></span> <span class='ocrx_word' id='word_1_382' title='bbox 2655 2387 2728 2453; x_wconf 76' lang='grc' dir='ltr'><strong>εἴ,</strong></span> <span class='ocrx_word' id='word_1_383' title='bbox 2753 2391 2944 2458; x_wconf 75' lang='grc' dir='ltr'><strong>Κύριε,</strong></span> <span class='ocrx_word' id='word_1_384' title='bbox 2967 2392 3084 2454; x_wconf 73' lang='grc' dir='ltr'><strong>καὶ,</strong></span> <span class='ocrx_word' id='word_1_385' title='bbox 3107 2391 3445 2459; x_wconf 71' lang='grc' dir='ltr'><strong>Εὐλογεῖτε,</strong></span> <span class='ocrx_word' id='word_1_386' title='bbox 3470 2389 3670 2443; x_wconf 79' lang='grc' dir='ltr'><strong>πάντα</strong></span> <span class='ocrx_word' id='word_1_387' title='bbox 3702 2389 3775 2441; x_wconf 86' lang='grc' dir='ltr'><strong>τὰ</strong></span> 
     </span>
    </p>
   </div>
   <div class='ocr_carea' id='block_1_55' title="bbox 2195 2483 3777 2554">
    <p class='ocr_par' dir='ltr' id='par_1_55' title="bbox 2195 2483 3777 2554">
     <span class='ocr_line' id='line_1_55' title="bbox 2195 2483 3777 2554; baseline -0.002 -16"><span class='ocrx_word' id='word_1_388' title='bbox 2195 2485 2340 2554; x_wconf 72' lang='grc' dir='ltr'><strong>ἔργα</strong></span> <span class='ocrx_word' id='word_1_389' title='bbox 2367 2483 2615 2552; x_wconf 79' lang='grc' dir='ltr'><strong>Κυρίου,</strong></span> <span class='ocrx_word' id='word_1_390' title='bbox 2645 2485 2750 2537; x_wconf 78' lang='grc' dir='ltr'><strong>τὸν</strong></span> <span class='ocrx_word' id='word_1_391' title='bbox 2797 2484 3039 2554; x_wconf 78' lang='grc' dir='ltr'><strong>Κύριον.</strong></span> <span class='ocrx_word' id='word_1_392' title='bbox 3062 2514 3129 2525; x_wconf 83' lang='lat'><strong><em>—</em></strong></span> <span class='ocrx_word' id='word_1_393' title='bbox 3160 2485 3268 2538; x_wconf 64' lang='grc' dir='ltr'><strong>Καὶ</strong></span> <span class='ocrx_word' id='word_1_394' title='bbox 3295 2484 3375 2537; x_wconf 75' lang='grc' dir='ltr'><strong>ἔτι</strong></span> <span class='ocrx_word' id='word_1_395' title='bbox 3408 2500 3470 2550; x_wconf 82' lang='grc' dir='ltr'><strong>γε</strong></span> <span class='ocrx_word' id='word_1_396' title='bbox 3509 2484 3558 2535; x_wconf 85' lang='lat' dir='ltr'><strong>oi</strong></span> <span class='ocrx_word' id='word_1_397' title='bbox 3592 2485 3649 2536; x_wconf 75' lang='grc' dir='ltr'><strong>ὲν</strong></span> <span class='ocrx_word' id='word_1_398' title='bbox 3677 2483 3777 2535; x_wconf 85' lang='grc' dir='ltr'><strong>Βα-</strong></span> 
     </span>
    </p>
   </div>
   <div class='ocr_carea' id='block_1_56' title="bbox 2197 2577 3774 2650">
    <p class='ocr_par' dir='ltr' id='par_1_56' title="bbox 2197 2577 3774 2650">
     <span class='ocr_line' id='line_1_56' title="bbox 2197 2577 3774 2650; baseline -0.003 -18"><span class='ocrx_word' id='word_1_399' title='bbox 2197 2581 2398 2633; x_wconf 79' lang='grc' dir='ltr'><strong>ϐυλῶνι</strong></span> <span class='ocrx_word' id='word_1_400' title='bbox 2423 2579 2726 2646; x_wconf 76' lang='grc' dir='ltr'><strong>τρισόλϐιοι</strong></span> <span class='ocrx_word' id='word_1_401' title='bbox 2758 2579 2950 2642; x_wconf 87' lang='grc' dir='ltr'><strong>παῖδες</strong></span> <span class='ocrx_word' id='word_1_402' title='bbox 2971 2580 3072 2650; x_wconf 81' lang='grc' dir='ltr'><strong>τὴν</strong></span> <span class='ocrx_word' id='word_1_403' title='bbox 3101 2580 3337 2648; x_wconf 57' lang='grc' dir='ltr'><strong>ἑϐδόμην</strong></span> <span class='ocrx_word' id='word_1_404' title='bbox 3360 2595 3418 2632; x_wconf 84' lang='grc' dir='ltr'><strong>τε</strong></span> <span class='ocrx_word' id='word_1_405' title='bbox 3446 2581 3537 2631; x_wconf 75' lang='grc' dir='ltr'><strong>καὶ</strong></span> <span class='ocrx_word' id='word_1_406' title='bbox 3556 2577 3774 2649; x_wconf 80' lang='grc' dir='ltr'><strong>ὀγδόην,</strong></span> 
     </span>
    </p>
   </div>
   <div class='ocr_carea' id='block_1_57' title="bbox 2199 2670 3774 2745">
    <p class='ocr_par' dir='ltr' id='par_1_57' title="bbox 2199 2670 3774 2745">
     <span class='ocr_line' id='line_1_57' title="bbox 2199 2670 3774 2745; baseline -0.003 -19"><span class='ocrx_word' id='word_1_407' title='bbox 2199 2675 2234 2744; x_wconf 72' lang='grc' dir='ltr'>ἢ</span> <span class='ocrx_word' id='word_1_408' title='bbox 2289 2675 2381 2726; x_wconf 68' lang='grc' dir='ltr'><strong>καὶ</strong></span> <span class='ocrx_word' id='word_1_409' title='bbox 2422 2675 2522 2745; x_wconf 80' lang='grc' dir='ltr'><strong>τὴν</strong></span> <span class='ocrx_word' id='word_1_410' title='bbox 2581 2673 2934 2741; x_wconf 80' lang='grc' dir='ltr'><strong>παγκόσμιον</strong></span> <span class='ocrx_word' id='word_1_411' title='bbox 2993 2673 3268 2742; x_wconf 71' lang='grc' dir='ltr'><strong>ὑμνῳδίαν</strong></span> <span class='ocrx_word' id='word_1_412' title='bbox 3306 2671 3619 2741; x_wconf 82' lang='grc' dir='ltr'><strong>ἀρχομένης</strong></span> <span class='ocrx_word' id='word_1_413' title='bbox 3673 2670 3774 2739; x_wconf 67' lang='grc' dir='ltr'><strong>ἤδη</strong></span> 
     </span>
    </p>
   </div>
   <div class='ocr_carea' id='block_1_58' title="bbox 2198 2755 3777 2838">
    <p class='ocr_par' dir='ltr' id='par_1_58' title="bbox 2198 2755 3777 2838">
     <span class='ocr_line' id='line_1_58' title="bbox 2198 2755 3777 2838; baseline -0.004 -19"><span class='ocrx_word' id='word_1_414' title='bbox 2198 2768 2296 2836; x_wconf 81' lang='grc' dir='ltr'><strong>τῆς</strong></span> <span class='ocrx_word' id='word_1_415' title='bbox 2323 2767 2536 2838; x_wconf 82' lang='grc' dir='ltr'><strong>ἡμέρας</strong></span> <span class='ocrx_word' id='word_1_416' title='bbox 2577 2767 2709 2836; x_wconf 78' lang='grc' dir='ltr'><strong>ἡμῖν</strong></span> <span class='ocrx_word' id='word_1_417' title='bbox 2759 2764 3056 2834; x_wconf 83' lang='grc' dir='ltr'><strong>προσφυῶς</strong></span> <span class='ocrx_word' id='word_1_418' title='bbox 3092 2763 3407 2818; x_wconf 69' lang='grc' dir='ltr'><strong>ὑποϐάλλει.</strong></span> <span class='ocrx_word' id='word_1_419' title='bbox 3455 2755 3659 2826; x_wconf 73' lang='grc' dir='ltr'><strong>Αὖται,</strong></span> <span class='ocrx_word' id='word_1_420' title='bbox 3677 2762 3777 2828; x_wconf 80' lang='grc' dir='ltr'><strong>μὲν</strong></span> 
     </span>
    </p>
   </div>
   <div class='ocr_carea' id='block_1_59' title="bbox 2199 2853 3775 2925">
    <p class='ocr_par' dir='ltr' id='par_1_59' title="bbox 2199 2853 3775 2925">
     <span class='ocr_line' id='line_1_59' title="bbox 2199 2853 3775 2925; baseline -0.003 -15"><span class='ocrx_word' id='word_1_421' title='bbox 2199 2853 2292 2912; x_wconf 77' lang='grc' dir='ltr'><strong>οὖν</strong></span> <span class='ocrx_word' id='word_1_422' title='bbox 2324 2860 2388 2910; x_wconf 71' lang='grc' dir='ltr'><strong>ἐκ</strong></span> <span class='ocrx_word' id='word_1_423' title='bbox 2419 2857 2520 2925; x_wconf 80' lang='grc' dir='ltr'><strong>τῆς</strong></span> <span class='ocrx_word' id='word_1_424' title='bbox 2569 2855 2817 2918; x_wconf 82' lang='grc' dir='ltr'><strong>Παλαιᾶς</strong></span> <span class='ocrx_word' id='word_1_425' title='bbox 2863 2856 3165 2924; x_wconf 80' lang='grc' dir='ltr'><strong>Διαθήκης,</strong></span> <span class='ocrx_word' id='word_1_426' title='bbox 3201 2854 3260 2907; x_wconf 76' lang='grc' dir='ltr'><strong>ὃν</strong></span> <span class='ocrx_word' id='word_1_427' title='bbox 3314 2854 3514 2922; x_wconf 89' lang='grc' dir='ltr'><strong>τρόπον</strong></span> <span class='ocrx_word' id='word_1_428' title='bbox 3557 2854 3775 2922; x_wconf 73' lang='grc' dir='ltr'><strong>εἴρηται</strong></span> 
     </span>
    </p>
   </div>
   <div class='ocr_carea' id='block_1_60' title="bbox 2201 2938 3778 3016">
    <p class='ocr_par' dir='ltr' id='par_1_60' title="bbox 2201 2938 3778 3016">
     <span class='ocr_line' id='line_1_60' title="bbox 2201 2938 3778 3016; baseline -0.004 -18"><span class='ocrx_word' id='word_1_429' title='bbox 2201 2946 2552 3016; x_wconf 80' lang='grc' dir='ltr'><strong>τεταγμέναι.</strong></span> <span class='ocrx_word' id='word_1_430' title='bbox 2582 2957 2652 2987; x_wconf 85' lang='lat'><strong>-&#39;—-</strong></span> <span class='ocrx_word' id='word_1_431' title='bbox 2679 2945 3019 3012; x_wconf 75' lang='grc' dir='ltr'><strong>Μεταλύνει</strong></span> <span class='ocrx_word' id='word_1_432' title='bbox 3067 2943 3105 3010; x_wconf 77' lang='grc' dir='ltr'><strong><em>ἠ</em></strong></span> <span class='ocrx_word' id='word_1_433' title='bbox 3156 2941 3327 3011; x_wconf 72' lang='grc' dir='ltr'><strong>ψυχή</strong></span> <span class='ocrx_word' id='word_1_434' title='bbox 3354 2958 3475 3009; x_wconf 81' lang='grc' dir='ltr'><strong>μου</strong></span> <span class='ocrx_word' id='word_1_435' title='bbox 3514 2938 3624 2992; x_wconf 84' lang='grc' dir='ltr'><strong>τὸν</strong></span> <span class='ocrx_word' id='word_1_436' title='bbox 3663 2941 3778 2992; x_wconf 70' lang='lat' dir='ltr'><strong>Kei-</strong></span> 
     </span>
    </p>
   </div>
   <div class='ocr_carea' id='block_1_61' title="bbox 2194 3035 3775 3107">
    <p class='ocr_par' dir='ltr' id='par_1_61' title="bbox 2194 3035 3775 3107">
     <span class='ocr_line' id='line_1_61' title="bbox 2194 3035 3775 3107; baseline -0.004 -17"><span class='ocrx_word' id='word_1_437' title='bbox 2194 3055 2350 3106; x_wconf 77' lang='lat' dir='ltr'><strong>pwr.</strong></span> <span class='ocrx_word' id='word_1_438' title='bbox 2379 3067 2448 3077; x_wconf 86' lang='lat'><strong>-—</strong></span> <span class='ocrx_word' id='word_1_439' title='bbox 2479 3038 2591 3107; x_wconf 80' lang='grc' dir='ltr'><strong>Τὴν</strong></span> <span class='ocrx_word' id='word_1_440' title='bbox 2627 3039 2862 3107; x_wconf 77' lang='grc' dir='ltr'><strong>ὲννάτην</strong></span> <span class='ocrx_word' id='word_1_441' title='bbox 2894 3039 2952 3092; x_wconf 71' lang='grc' dir='ltr'><strong>δὲ</strong></span> <span class='ocrx_word' id='word_1_442' title='bbox 3003 3036 3336 3106; x_wconf 78' lang='grc' dir='ltr'><strong>ἀφοσιοῦμεν</strong></span> <span class='ocrx_word' id='word_1_443' title='bbox 3382 3035 3462 3096; x_wconf 83' lang='grc' dir='ltr'><strong>εἰς</strong></span> <span class='ocrx_word' id='word_1_444' title='bbox 3496 3035 3663 3104; x_wconf 81' lang='grc' dir='ltr'><strong>τιμὴν</strong></span> <span class='ocrx_word' id='word_1_445' title='bbox 3709 3035 3775 3102; x_wconf 84' lang='grc' dir='ltr'><strong>τῇ</strong></span> 
     </span>
    </p>
   </div>
   <div class='ocr_carea' id='block_1_62' title="bbox 525 3123 2093 3200">
    <p class='ocr_par' dir='ltr' id='par_1_62' title="bbox 525 3124 2093 3198">
     <span class='ocr_line' id='line_1_62' title="bbox 525 3124 2093 3198; baseline 0.007 -24"><span class='ocrx_word' id='word_1_446' title='bbox 525 3138 656 3178; x_wconf 73' lang='grc' dir='ltr'><strong>νιιτο</strong></span> <span class='ocrx_word' id='word_1_447' title='bbox 714 3124 941 3180; x_wconf 78' lang='lat' dir='ltr'><strong>illustris</strong></span> <span class='ocrx_word' id='word_1_448' title='bbox 1003 3133 1056 3180; x_wconf 91' lang='lat' dir='ltr'><strong>et</strong></span> <span class='ocrx_word' id='word_1_449' title='bbox 1107 3126 1401 3194; x_wconf 82' lang='lat' dir='ltr'><strong>apostolica</strong></span> <span class='ocrx_word' id='word_1_450' title='bbox 1454 3129 1728 3183; x_wconf 87' lang='lat' dir='ltr'><strong>nominari</strong></span> <span class='ocrx_word' id='word_1_451' title='bbox 1784 3129 2093 3198; x_wconf 85' lang='lat' dir='ltr'><strong>probamus.</strong></span> 
     </span>
    </p>
   </div>
   <div class='ocr_carea' id='block_1_63' title="bbox 2195 3123 3780 3200">
    <p class='ocr_par' dir='ltr' id='par_1_63' title="bbox 2204 3123 3780 3200">
     <span class='ocr_line' id='line_1_63' title="bbox 2204 3123 3780 3200; baseline -0.003 -20"><span class='ocrx_word' id='word_1_452' title='bbox 2204 3127 2448 3200; x_wconf 66' lang='grc' dir='ltr'><strong>παναγίςρ⁸</strong></span> <span class='ocrx_word' id='word_1_453' title='bbox 2496 3127 2765 3198; x_wconf 75' lang='grc' dir='ltr'><strong>Παρθένῳ</strong></span> <span class='ocrx_word' id='word_1_454' title='bbox 2807 3128 2905 3183; x_wconf 81' lang='grc' dir='ltr'><strong>καὶ</strong></span> <span class='ocrx_word' id='word_1_455' title='bbox 2953 3127 3226 3196; x_wconf 83' lang='grc' dir='ltr'><strong>Θεοτόκῳ,</strong></span> <span class='ocrx_word' id='word_1_456' title='bbox 3257 3125 3585 3200; x_wconf 75' lang='grc' dir='ltr'><strong>τελευταίαν</strong></span> <span class='ocrx_word' id='word_1_457' title='bbox 3613 3123 3780 3177; x_wconf 75' lang='grc' dir='ltr'><strong>οὖσαν</strong></span> 
     </span>
    </p>
   </div>
   <div class='ocr_carea' id='block_1_64' title="bbox 524 3214 2097 3284">
    <p class='ocr_par' dir='ltr' id='par_1_64' title="bbox 524 3214 2097 3284">
     <span class='ocr_line' id='line_1_64' title="bbox 524 3214 2097 3284; baseline 0.005 -18"><span class='ocrx_word' id='word_1_458' title='bbox 524 3215 651 3282; x_wconf 80' lang='lat' dir='ltr'><strong>quia</strong></span> <span class='ocrx_word' id='word_1_459' title='bbox 695 3216 794 3268; x_wconf 77' lang='lat' dir='ltr'><strong>alia</strong></span> <span class='ocrx_word' id='word_1_460' title='bbox 843 3214 1062 3283; x_wconf 75' lang='lat' dir='ltr'><strong>quidem</strong></span> <span class='ocrx_word' id='word_1_461' title='bbox 1103 3218 1444 3284; x_wconf 60' lang='lat' dir='ltr'><strong>praesentiam</strong></span> <span class='ocrx_word' id='word_1_462' title='bbox 1505 3217 1644 3273; x_wconf 90' lang='lat' dir='ltr'><strong>lucis</strong></span> <span class='ocrx_word' id='word_1_463' title='bbox 1687 3218 1994 3274; x_wconf 82' lang='lat' dir='ltr'><strong>acelamant</strong></span> <span class='ocrx_word' id='word_1_464' title='bbox 2045 3229 2097 3274; x_wconf 90' lang='lat' dir='ltr'><strong>ct</strong></span> 
     </span>
    </p>
   </div>
   <div class='ocr_carea' id='block_1_65' title="bbox 525 3308 2103 3381">
    <p class='ocr_par' dir='ltr' id='par_1_65' title="bbox 525 3308 2103 3381">
     <span class='ocr_line' id='line_1_65' title="bbox 525 3308 2103 3381; baseline 0.003 -21"><span class='ocrx_word' id='word_1_465' title='bbox 525 3316 828 3376; x_wconf 84' lang='lat' dir='ltr'><strong>provocant</strong></span> <span class='ocrx_word' id='word_1_466' title='bbox 896 3308 1076 3362; x_wconf 79' lang='lat' dir='ltr'><strong>lumen</strong></span> <span class='ocrx_word' id='word_1_467' title='bbox 1137 3309 1452 3377; x_wconf 86' lang='lat' dir='ltr'><strong>spiritualc;</strong></span> <span class='ocrx_word' id='word_1_468' title='bbox 1515 3309 1618 3364; x_wconf 87' lang='lat' dir='ltr'><strong>alia</strong></span> <span class='ocrx_word' id='word_1_469' title='bbox 1659 3325 1822 3375; x_wconf 79' lang='lat' dir='ltr'><strong>vero,</strong></span> <span class='ocrx_word' id='word_1_470' title='bbox 1863 3311 2103 3381; x_wconf 86' lang='lat' dir='ltr'><strong>discipu-</strong></span> 
     </span>
    </p>
   </div>
   <div class='ocr_carea' id='block_1_66' title="bbox 522 3399 2100 3468">
    <p class='ocr_par' dir='ltr' id='par_1_66' title="bbox 522 3399 2100 3468">
     <span class='ocr_line' id='line_1_66' title="bbox 522 3399 2100 3468; baseline 0.005 -18"><span class='ocrx_word' id='word_1_471' title='bbox 522 3400 699 3452; x_wconf 85' lang='lat' dir='ltr'><strong>lorum</strong></span> <span class='ocrx_word' id='word_1_472' title='bbox 735 3400 787 3452; x_wconf 93' lang='lat' dir='ltr'><strong>in</strong></span> <span class='ocrx_word' id='word_1_473' title='bbox 840 3407 1025 3468; x_wconf 83' lang='lat' dir='ltr'><strong>gentes</strong></span> <span class='ocrx_word' id='word_1_474' title='bbox 1057 3399 1144 3454; x_wconf 88' lang='lat' dir='ltr'><strong>die</strong></span> <span class='ocrx_word' id='word_1_475' title='bbox 1182 3402 1596 3458; x_wconf 89' lang='lat' dir='ltr'><strong>resurrectionis</strong></span> <span class='ocrx_word' id='word_1_476' title='bbox 1635 3403 1948 3458; x_wconf 86' lang='lat' dir='ltr'><strong>missionem</strong></span> <span class='ocrx_word' id='word_1_477' title='bbox 2012 3419 2100 3458; x_wconf 73' lang='lat' dir='ltr'><strong>ce-</strong></span> 
     </span>
    </p>
   </div>
   <div class='ocr_carea' id='block_1_67' title="bbox 523 3493 2100 3568">
    <p class='ocr_par' dir='ltr' id='par_1_67' title="bbox 523 3493 2100 3568">
     <span class='ocr_line' id='line_1_67' title="bbox 523 3493 2100 3568; baseline 0.005 -23"><span class='ocrx_word' id='word_1_478' title='bbox 523 3493 733 3546; x_wconf 84' lang='lat' dir='ltr'><strong>lebrant</strong></span> <span class='ocrx_word' id='word_1_479' title='bbox 769 3510 780 3544; x_wconf 90' lang='lat'><strong>:</strong></span> <span class='ocrx_word' id='word_1_480' title='bbox 808 3523 876 3532; x_wconf 91' lang='lat'><strong>—</strong></span> <span class='ocrx_word' id='word_1_481' title='bbox 913 3493 1146 3548; x_wconf 82' lang='lat' dir='ltr'><strong>Laudate</strong></span> <span class='ocrx_word' id='word_1_482' title='bbox 1181 3494 1481 3550; x_wconf 84' lang='lat' dir='ltr'><strong>Dominum.</strong></span> <span class='ocrx_word' id='word_1_483' title='bbox 1500 3527 1570 3537; x_wconf 95' lang='lat'><em>—</em></span> <span class='ocrx_word' id='word_1_484' title='bbox 1592 3496 1784 3553; x_wconf 82' lang='lat' dir='ltr'><strong>Postea</strong></span> <span class='ocrx_word' id='word_1_485' title='bbox 1809 3505 1921 3553; x_wconf 85' lang='lat' dir='ltr'><strong>tres</strong></span> <span class='ocrx_word' id='word_1_486' title='bbox 1939 3514 2100 3568; x_wconf 85' lang='lat' dir='ltr'><strong>quos-</strong></span> 
     </span>
    </p>
   </div>
   <div class='ocr_carea' id='block_1_68' title="bbox 523 3583 2098 3660">
    <p class='ocr_par' dir='ltr' id='par_1_68' title="bbox 523 3583 2098 3660">
     <span class='ocr_line' id='line_1_68' title="bbox 523 3583 2098 3660; baseline 0.009 -30"><span class='ocrx_word' id='word_1_487' title='bbox 523 3583 644 3634; x_wconf 85' lang='lat' dir='ltr'><strong>dam</strong></span> <span class='ocrx_word' id='word_1_488' title='bbox 669 3583 903 3646; x_wconf 85' lang='lat' dir='ltr'><strong>psalmos</strong></span> <span class='ocrx_word' id='word_1_489' title='bbox 921 3585 1212 3654; x_wconf 89' lang='lat' dir='ltr'><strong>incipimus</strong></span> <span class='ocrx_word' id='word_1_490' title='bbox 1235 3587 1378 3643; x_wconf 89' lang='lat' dir='ltr'><strong>inter</strong></span> <span class='ocrx_word' id='word_1_491' title='bbox 1394 3598 1617 3644; x_wconf 66' lang='lat' dir='ltr'><strong>caeteros</strong></span> <span class='ocrx_word' id='word_1_492' title='bbox 1643 3605 1656 3641; x_wconf 90' lang='lat'><strong>:</strong></span> <span class='ocrx_word' id='word_1_493' title='bbox 1678 3605 1815 3658; x_wconf 86' lang='lat' dir='ltr'><strong>quos</strong></span> <span class='ocrx_word' id='word_1_494' title='bbox 1849 3591 2098 3660; x_wconf 87' lang='lat' dir='ltr'><strong>equidem</strong></span> 
     </span>
    </p>
   </div>
   <div class='ocr_carea' id='block_1_69' title="bbox 528 3671 2098 3750">
    <p class='ocr_par' dir='ltr' id='par_1_69' title="bbox 528 3671 2098 3750">
     <span class='ocr_line' id='line_1_69' title="bbox 528 3671 2098 3750; baseline 0.01 -26"><span class='ocrx_word' id='word_1_495' title='bbox 528 3671 717 3726; x_wconf 85' lang='lat' dir='ltr'><strong>laudes</strong></span> <span class='ocrx_word' id='word_1_496' title='bbox 749 3674 1002 3740; x_wconf 85' lang='lat' dir='ltr'><strong>dicimus,</strong></span> <span class='ocrx_word' id='word_1_497' title='bbox 1029 3677 1155 3745; x_wconf 86' lang='lat' dir='ltr'><strong>quia</strong></span> <span class='ocrx_word' id='word_1_498' title='bbox 1192 3676 1245 3730; x_wconf 93' lang='lat' dir='ltr'><strong>in</strong></span> <span class='ocrx_word' id='word_1_499' title='bbox 1276 3677 1410 3746; x_wconf 90' lang='lat' dir='ltr'><strong>ipsis</strong></span> <span class='ocrx_word' id='word_1_500' title='bbox 1440 3678 1580 3734; x_wconf 89' lang='lat' dir='ltr'><strong>inest</strong></span> <span class='ocrx_word' id='word_1_501' title='bbox 1602 3679 1783 3750; x_wconf 79' lang='lat' dir='ltr'><strong>aliqua</strong></span> <span class='ocrx_word' id='word_1_502' title='bbox 1833 3680 2098 3740; x_wconf 81' lang='lat' dir='ltr'><strong>laudatio.</strong></span> 
     </span>
    </p>
   </div>
   <div class='ocr_carea' id='block_1_70' title="bbox 525 3766 2100 3838">
    <p class='ocr_par' dir='ltr' id='par_1_70' title="bbox 525 3766 2100 3838">
     <span class='ocr_line' id='line_1_70' title="bbox 525 3766 2100 3838; baseline 0.006 -22"><span class='ocrx_word' id='word_1_503' title='bbox 525 3766 701 3836; x_wconf 73' lang='lat' dir='ltr'><strong>aliqua</strong></span> <span class='ocrx_word' id='word_1_504' title='bbox 743 3767 862 3821; x_wconf 92' lang='lat' dir='ltr'><strong>laus</strong></span> <span class='ocrx_word' id='word_1_505' title='bbox 911 3767 1002 3823; x_wconf 89' lang='lat' dir='ltr'><strong>Dei</strong></span> <span class='ocrx_word' id='word_1_506' title='bbox 1062 3785 1156 3838; x_wconf 77' lang='lat' dir='ltr'><strong>per</strong></span> <span class='ocrx_word' id='word_1_507' title='bbox 1190 3785 1380 3826; x_wconf 82' lang='lat' dir='ltr'><strong>omnes</strong></span> <span class='ocrx_word' id='word_1_508' title='bbox 1434 3788 1498 3826; x_wconf 82' lang='lat' dir='ltr'><strong>ex</strong></span> <span class='ocrx_word' id='word_1_509' title='bbox 1555 3773 1746 3829; x_wconf 87' lang='lat' dir='ltr'><strong>ordine</strong></span> <span class='ocrx_word' id='word_1_510' title='bbox 1801 3782 2100 3828; x_wconf 88' lang='lat' dir='ltr'><strong>creaturas.</strong></span> 
     </span>
    </p>
   </div>
   <div class='ocr_carea' id='block_1_71' title="bbox 529 3855 2101 3936">
    <p class='ocr_par' dir='ltr' id='par_1_71' title="bbox 529 3855 2101 3936">
     <span class='ocr_line' id='line_1_71' title="bbox 529 3855 2101 3936; baseline 0.007 -28"><span class='ocrx_word' id='word_1_511' title='bbox 529 3855 763 3912; x_wconf 70' lang='lat' dir='ltr'><strong>Laudat:</strong></span> <span class='ocrx_word' id='word_1_512' title='bbox 785 3859 950 3924; x_wconf 66' lang='lat' dir='ltr'><strong>cutim,</strong></span> <span class='ocrx_word' id='word_1_513' title='bbox 977 3860 1074 3926; x_wconf 90' lang='lat' dir='ltr'><strong>ait,</strong></span> <span class='ocrx_word' id='word_1_514' title='bbox 1103 3859 1386 3916; x_wconf 84' lang='lat' dir='ltr'><strong>Dominum</strong></span> <span class='ocrx_word' id='word_1_515' title='bbox 1415 3864 1533 3917; x_wconf 71' lang='lat' dir='ltr'><strong>lucc</strong></span> <span class='ocrx_word' id='word_1_516' title='bbox 1561 3875 1613 3919; x_wconf 83' lang='lat' dir='ltr'><strong>et</strong></span> <span class='ocrx_word' id='word_1_517' title='bbox 1636 3864 1744 3920; x_wconf 87' lang='lat' dir='ltr'><strong>illa.</strong></span> <span class='ocrx_word' id='word_1_518' title='bbox 1775 3864 1855 3920; x_wconf 82' lang='lat' dir='ltr'><strong>Ad</strong></span> <span class='ocrx_word' id='word_1_519' title='bbox 1877 3880 2017 3936; x_wconf 77' lang='lat' dir='ltr'><strong>quos</strong></span> <span class='ocrx_word' id='word_1_520' title='bbox 2047 3866 2101 3920; x_wconf 92' lang='lat' dir='ltr'><strong>in</strong></span> 
     </span>
    </p>
   </div>
   <div class='ocr_carea' id='block_1_72' title="bbox 527 3949 2105 4026">
    <p class='ocr_par' dir='ltr' id='par_1_72' title="bbox 527 3949 2105 4026">
     <span class='ocr_line' id='line_1_72' title="bbox 527 3949 2105 4026; baseline 0.008 -26"><span class='ocrx_word' id='word_1_521' title='bbox 527 3949 630 4003; x_wconf 87' lang='lat' dir='ltr'><strong>line</strong></span> <span class='ocrx_word' id='word_1_522' title='bbox 657 3949 952 4007; x_wconf 76' lang='lat' dir='ltr'><strong>atteximus</strong></span> <span class='ocrx_word' id='word_1_523' title='bbox 986 3953 1274 4010; x_wconf 79' lang='lat' dir='ltr'><strong>nonnullos</strong></span> <span class='ocrx_word' id='word_1_524' title='bbox 1292 3969 1504 4022; x_wconf 88' lang='lat' dir='ltr'><strong>versus,</strong></span> <span class='ocrx_word' id='word_1_525' title='bbox 1537 3957 1894 4026; x_wconf 84' lang='lat' dir='ltr'><strong>adjungentes</strong></span> <span class='ocrx_word' id='word_1_526' title='bbox 1920 3973 1982 4011; x_wconf 83' lang='lat' dir='ltr'><strong>ex</strong></span> <span class='ocrx_word' id='word_1_527' title='bbox 2008 3973 2105 4012; x_wconf 85' lang='lat' dir='ltr'><strong>eo-</strong></span> 
     </span>
    </p>
   </div>
   <div class='ocr_carea' id='block_1_73' title="bbox 527 4043 2104 4118">
    <p class='ocr_par' dir='ltr' id='par_1_73' title="bbox 527 4043 2104 4118">
     <span class='ocr_line' id='line_1_73' title="bbox 527 4043 2104 4118; baseline 0.008 -28"><span class='ocrx_word' id='word_1_528' title='bbox 527 4055 644 4091; x_wconf 89' lang='lat' dir='ltr'><strong>rum</strong></span> <span class='ocrx_word' id='word_1_529' title='bbox 699 4051 850 4110; x_wconf 87' lang='lat' dir='ltr'><strong>parte</strong></span> <span class='ocrx_word' id='word_1_530' title='bbox 892 4043 994 4096; x_wconf 88' lang='lat' dir='ltr'><strong>alia</strong></span> <span class='ocrx_word' id='word_1_531' title='bbox 1045 4044 1292 4114; x_wconf 59' lang='lat' dir='ltr'><strong>qua‘dam</strong></span> <span class='ocrx_word' id='word_1_532' title='bbox 1325 4048 1588 4116; x_wconf 89' lang='lat' dir='ltr'><strong>troparia,</strong></span> <span class='ocrx_word' id='word_1_533' title='bbox 1629 4063 1749 4117; x_wconf 71' lang='lat' dir='ltr'><strong>quae</strong></span> <span class='ocrx_word' id='word_1_534' title='bbox 1787 4049 2104 4118; x_wconf 88' lang='lat' dir='ltr'><strong>plerumque</strong></span> 
     </span>
    </p>
   </div>
   <div class='ocr_carea' id='block_1_74' title="bbox 524 4133 2106 4194">
    <p class='ocr_par' dir='ltr' id='par_1_74' title="bbox 524 4133 2106 4194">
     <span class='ocr_line' id='line_1_74' title="bbox 524 4133 2106 4194; baseline 0.005 -10"><span class='ocrx_word' id='word_1_535' title='bbox 524 4133 832 4187; x_wconf 77' lang='lat' dir='ltr'><strong>catabasias</strong></span> <span class='ocrx_word' id='word_1_536' title='bbox 846 4136 1210 4190; x_wconf 88' lang='lat' dir='ltr'><strong>nominamus.</strong></span> <span class='ocrx_word' id='word_1_537' title='bbox 1237 4137 1500 4191; x_wconf 85' lang='lat' dir='ltr'><strong>—Cloria</strong></span> <span class='ocrx_word' id='word_1_538' title='bbox 1527 4141 1582 4192; x_wconf 83' lang='lat' dir='ltr'><strong>in</strong></span> <span class='ocrx_word' id='word_1_539' title='bbox 1599 4139 1878 4194; x_wconf 76' lang='lat' dir='ltr'><strong>altissimis</strong></span> <span class='ocrx_word' id='word_1_540' title='bbox 1906 4139 2106 4194; x_wconf 85' lang='lat' dir='ltr'><strong>Deo.—</strong></span> 
     </span>
    </p>
   </div>
   <div class='ocr_carea' id='block_1_75' title="bbox 527 4221 2104 4296">
    <p class='ocr_par' dir='ltr' id='par_1_75' title="bbox 527 4221 2104 4296">
     <span class='ocr_line' id='line_1_75' title="bbox 527 4221 2104 4296; baseline 0.005 -23"><span class='ocrx_word' id='word_1_541' title='bbox 527 4221 718 4276; x_wconf 78' lang='lat' dir='ltr'><strong>I’ostca</strong></span> <span class='ocrx_word' id='word_1_542' title='bbox 751 4221 1101 4292; x_wconf 69' lang='lat' dir='ltr'><strong>adiungimus</strong></span> <span class='ocrx_word' id='word_1_543' title='bbox 1131 4239 1294 4293; x_wconf 91' lang='lat' dir='ltr'><strong>quam</strong></span> <span class='ocrx_word' id='word_1_544' title='bbox 1351 4225 1592 4281; x_wconf 76' lang='lat' dir='ltr'><strong>diximus</strong></span> <span class='ocrx_word' id='word_1_545' title='bbox 1622 4227 1966 4296; x_wconf 78' lang='lat' dir='ltr'><strong>(loxulogiam</strong></span> <span class='ocrx_word' id='word_1_546' title='bbox 1987 4267 2001 4291; x_wconf 92' lang='lat'><strong>,</strong></span> <span class='ocrx_word' id='word_1_547' title='bbox 2044 4229 2104 4282; x_wconf 90' lang='lat' dir='ltr'><strong>li-</strong></span> 
     </span>
    </p>
   </div>
   <div class='ocr_carea' id='block_1_76' title="bbox 527 4304 2101 4392">
    <p class='ocr_par' dir='ltr' id='par_1_76' title="bbox 527 4304 2101 4392">
     <span class='ocr_line' id='line_1_76' title="bbox 527 4304 2101 4392; baseline 0.007 -26"><span class='ocrx_word' id='word_1_548' title='bbox 527 4315 710 4368; x_wconf 86' lang='lat' dir='ltr'><strong>niente</strong></span> <span class='ocrx_word' id='word_1_549' title='bbox 745 4324 903 4370; x_wconf 84' lang='lat' dir='ltr'><strong>nocte</strong></span> <span class='ocrx_word' id='word_1_550' title='bbox 937 4325 989 4370; x_wconf 89' lang='lat' dir='ltr'><strong>et</strong></span> <span class='ocrx_word' id='word_1_551' title='bbox 1025 4316 1318 4388; x_wconf 84' lang='lat' dir='ltr'><strong>incipiente</strong></span> <span class='ocrx_word' id='word_1_552' title='bbox 1353 4319 1460 4384; x_wconf 87' lang='lat' dir='ltr'><strong>die,</strong></span> <span class='ocrx_word' id='word_1_553' title='bbox 1502 4320 1554 4372; x_wconf 90' lang='lat' dir='ltr'><strong>id</strong></span> <span class='ocrx_word' id='word_1_554' title='bbox 1613 4329 1926 4390; x_wconf 77' lang='lat' dir='ltr'><strong>operantem</strong></span> <span class='ocrx_word' id='word_1_555' title='bbox 1959 4304 2101 4392; x_wconf 88' lang='lat' dir='ltr'><strong>quod</strong></span> 
     </span>
    </p>
   </div>
   <div class='ocr_carea' id='block_1_77' title="bbox 527 4405 2102 4478">
    <p class='ocr_par' dir='ltr' id='par_1_77' title="bbox 527 4405 2102 4478">
     <span class='ocr_line' id='line_1_77' title="bbox 527 4405 2102 4478; baseline 0.006 -21"><span class='ocrx_word' id='word_1_556' title='bbox 527 4414 767 4460; x_wconf 82' lang='lat' dir='ltr'><strong>vocatur.</strong></span> <span class='ocrx_word' id='word_1_557' title='bbox 789 4405 892 4462; x_wconf 88' lang='lat' dir='ltr'><strong>Sed</strong></span> <span class='ocrx_word' id='word_1_558' title='bbox 922 4407 1036 4478; x_wconf 88' lang='lat' dir='ltr'><strong>ipsa</strong></span> <span class='ocrx_word' id='word_1_559' title='bbox 1069 4409 1262 4464; x_wconf 86' lang='lat' dir='ltr'><strong>mirum</strong></span> <span class='ocrx_word' id='word_1_560' title='bbox 1295 4409 1347 4463; x_wconf 89' lang='lat' dir='ltr'><strong>in</strong></span> <span class='ocrx_word' id='word_1_561' title='bbox 1374 4411 1588 4471; x_wconf 85' lang='lat' dir='ltr'><strong>modum</strong></span> <span class='ocrx_word' id='word_1_562' title='bbox 1621 4411 1946 4478; x_wconf 84' lang='lat' dir='ltr'><strong>instituitur,</strong></span> <span class='ocrx_word' id='word_1_563' title='bbox 1984 4429 2102 4467; x_wconf 80' lang='lat' dir='ltr'><strong>ver-</strong></span> 
     </span>
    </p>
   </div>
   <div class='ocr_carea' id='block_1_78' title="bbox 2205 3199 3780 3290">
    <p class='ocr_par' dir='ltr' id='par_1_78' title="bbox 2205 3199 3780 3290">
     <span class='ocr_line' id='line_1_78' title="bbox 2205 3199 3780 3290; baseline -0.004 -18"><span class='ocrx_word' id='word_1_564' title='bbox 2205 3221 2346 3273; x_wconf 75' lang='grc' dir='ltr'><strong>κατὰ</strong></span> <span class='ocrx_word' id='word_1_565' title='bbox 2369 3199 2436 3272; x_wconf 80' lang='grc' dir='ltr'><strong>τὰ</strong></span> <span class='ocrx_word' id='word_1_566' title='bbox 2476 3220 2764 3290; x_wconf 72' lang='grc' dir='ltr'><strong>εἰρημένα,</strong></span> <span class='ocrx_word' id='word_1_567' title='bbox 2801 3218 2952 3289; x_wconf 70' lang='grc' dir='ltr'><strong>παρὰ</strong></span> <span class='ocrx_word' id='word_1_568' title='bbox 2989 3219 3083 3271; x_wconf 72' lang='grc' dir='ltr'><strong>τοῦ</strong></span> <span class='ocrx_word' id='word_1_569' title='bbox 3116 3218 3258 3272; x_wconf 70' lang='grc' dir='ltr'><strong>κατὰ</strong></span> <span class='ocrx_word' id='word_1_570' title='bbox 3290 3218 3503 3271; x_wconf 80' lang='grc' dir='ltr'><strong>Λουκᾶν</strong></span> <span class='ocrx_word' id='word_1_571' title='bbox 3537 3199 3780 3282; x_wconf 68' lang='grc' dir='ltr'><strong>Εὗαγγε-</strong></span> 
     </span>
    </p>
   </div>
   <div class='ocr_carea' id='block_1_79' title="bbox 2201 3309 3777 3382">
    <p class='ocr_par' dir='ltr' id='par_1_79' title="bbox 2201 3309 3777 3382">
     <span class='ocr_line' id='line_1_79' title="bbox 2201 3309 3777 3382; baseline -0.004 -15"><span class='ocrx_word' id='word_1_572' title='bbox 2201 3311 2318 3366; x_wconf 79' lang='grc' dir='ltr'><strong>λίου</strong></span> <span class='ocrx_word' id='word_1_573' title='bbox 2359 3312 2454 3380; x_wconf 80' lang='grc' dir='ltr'><strong>τὴν</strong></span> <span class='ocrx_word' id='word_1_574' title='bbox 2479 3312 2620 3382; x_wconf 75' lang='grc' dir='ltr'><strong>ᾠδὴν</strong></span> <span class='ocrx_word' id='word_1_575' title='bbox 2655 3312 2824 3380; x_wconf 77' lang='grc' dir='ltr'><strong>αὐτῆς</strong></span> <span class='ocrx_word' id='word_1_576' title='bbox 2863 3312 3167 3380; x_wconf 76' lang='grc' dir='ltr'><strong>εἰληφότες.</strong></span> <span class='ocrx_word' id='word_1_577' title='bbox 3205 3309 3636 3378; x_wconf 79' lang='grc' dir='ltr'><strong>-Εὑλογητὸς</strong></span> <span class='ocrx_word' id='word_1_578' title='bbox 3662 3309 3777 3363; x_wconf 66' lang='lat' dir='ltr'><strong>Kci-</strong></span> 
     </span>
    </p>
   </div>
   <div class='ocr_carea' id='block_1_80' title="bbox 2196 3400 3782 3472">
    <p class='ocr_par' dir='ltr' id='par_1_80' title="bbox 2196 3400 3782 3472">
     <span class='ocr_line' id='line_1_80' title="bbox 2196 3400 3782 3472; baseline -0.005 -16"><span class='ocrx_word' id='word_1_579' title='bbox 2196 3420 2329 3472; x_wconf 84' lang='grc' dir='ltr'><strong>ριος</strong></span> <span class='ocrx_word' id='word_1_580' title='bbox 2375 3407 2408 3457; x_wconf 85' lang='grc' dir='ltr'><strong>ό</strong></span> <span class='ocrx_word' id='word_1_581' title='bbox 2456 3403 2600 3468; x_wconf 83' lang='grc' dir='ltr'><strong>Θεὸς</strong></span> <span class='ocrx_word' id='word_1_582' title='bbox 2645 3405 2751 3457; x_wconf 80' lang='grc' dir='ltr'><strong>τοῦ</strong></span> <span class='ocrx_word' id='word_1_583' title='bbox 2775 3403 3049 3472; x_wconf 77' lang='grc' dir='ltr'><strong>Ἰσραήλ.</strong></span> <span class='ocrx_word' id='word_1_584' title='bbox 3083 3434 3152 3447; x_wconf 92' lang='grc'><strong><em>-</em></strong></span> <span class='ocrx_word' id='word_1_585' title='bbox 3173 3401 3283 3454; x_wconf 74' lang='grc' dir='ltr'><strong>Καὶ</strong></span> <span class='ocrx_word' id='word_1_586' title='bbox 3313 3402 3451 3468; x_wconf 67' lang='grc' dir='ltr'><strong>πρὸς</strong></span> <span class='ocrx_word' id='word_1_587' title='bbox 3475 3400 3652 3472; x_wconf 78' lang='grc' dir='ltr'><strong>ταύτῃ</strong></span> <span class='ocrx_word' id='word_1_588' title='bbox 3681 3401 3782 3468; x_wconf 64' lang='grc' dir='ltr'><strong>τὴν</strong></span> 
     </span>
    </p>
   </div>
   <div class='ocr_carea' id='block_1_81' title="bbox 2202 3491 3774 3564">
    <p class='ocr_par' dir='ltr' id='par_1_81' title="bbox 2202 3491 3774 3564">
     <span class='ocr_line' id='line_1_81' title="bbox 2202 3491 3774 3564; baseline -0.004 -15"><span class='ocrx_word' id='word_1_589' title='bbox 2202 3497 2476 3563; x_wconf 73' lang='grc' dir='ltr'><strong>Ζαχαρίου</strong></span> <span class='ocrx_word' id='word_1_590' title='bbox 2515 3494 2610 3548; x_wconf 82' lang='grc' dir='ltr'><strong>τοῦ</strong></span> <span class='ocrx_word' id='word_1_591' title='bbox 2643 3495 2852 3564; x_wconf 77' lang='grc' dir='ltr'><strong>πατρὸς</strong></span> <span class='ocrx_word' id='word_1_592' title='bbox 2883 3494 2978 3548; x_wconf 80' lang='grc' dir='ltr'><strong>τοῦ</strong></span> <span class='ocrx_word' id='word_1_593' title='bbox 3008 3493 3348 3564; x_wconf 86' lang='grc' dir='ltr'><strong>Προδρόμου.</strong></span> <span class='ocrx_word' id='word_1_594' title='bbox 3382 3491 3601 3544; x_wconf 78' lang='grc' dir='ltr'><strong>Τούτων</strong></span> <span class='ocrx_word' id='word_1_595' title='bbox 3635 3493 3774 3544; x_wconf 75' lang='lat' dir='ltr'><strong>ciru-</strong></span> 
     </span>
    </p>
   </div>
   <div class='ocr_carea' id='block_1_82' title="bbox 2206 3585 3783 3656">
    <p class='ocr_par' dir='ltr' id='par_1_82' title="bbox 2206 3585 3783 3656">
     <span class='ocr_line' id='line_1_82' title="bbox 2206 3585 3783 3656; baseline -0.004 -15"><span class='ocrx_word' id='word_1_596' title='bbox 2206 3589 2314 3641; x_wconf 85' lang='grc' dir='ltr'><strong>σῶν</strong></span> <span class='ocrx_word' id='word_1_597' title='bbox 2346 3587 2692 3655; x_wconf 77' lang='grc' dir='ltr'><strong>ἐκλεγόμενοι</strong></span> <span class='ocrx_word' id='word_1_598' title='bbox 2723 3590 2851 3649; x_wconf 75' lang='grc' dir='ltr'><strong>τοὺς</strong></span> <span class='ocrx_word' id='word_1_599' title='bbox 2887 3585 3371 3656; x_wconf 80' lang='grc' dir='ltr'><strong>ἁκροτελευταίους</strong></span> <span class='ocrx_word' id='word_1_600' title='bbox 3401 3586 3635 3653; x_wconf 80' lang='grc' dir='ltr'><strong>μάλιστα</strong></span> <span class='ocrx_word' id='word_1_601' title='bbox 3670 3587 3783 3637; x_wconf 81' lang='grc' dir='ltr'><strong>στί-</strong></span> 
     </span>
    </p>
   </div>
   <div class='ocr_carea' id='block_1_83' title="bbox 2204 3677 3784 3751">
    <p class='ocr_par' dir='ltr' id='par_1_83' title="bbox 2204 3677 3784 3751">
     <span class='ocr_line' id='line_1_83' title="bbox 2204 3677 3784 3751; baseline -0.004 -18"><span class='ocrx_word' id='word_1_602' title='bbox 2204 3697 2354 3751; x_wconf 90' lang='grc' dir='ltr'><strong>χους,</strong></span> <span class='ocrx_word' id='word_1_603' title='bbox 2387 3679 2760 3747; x_wconf 79' lang='grc' dir='ltr'><strong>ὲπιπλέκομεν</strong></span> <span class='ocrx_word' id='word_1_604' title='bbox 2791 3679 2980 3740; x_wconf 79' lang='grc' dir='ltr'><strong>αὐτοῖς</strong></span> <span class='ocrx_word' id='word_1_605' title='bbox 3001 3677 3355 3747; x_wconf 74' lang='grc' dir='ltr'><strong>καταλλήλως</strong></span> <span class='ocrx_word' id='word_1_606' title='bbox 3380 3678 3606 3748; x_wconf 77' lang='grc' dir='ltr'><strong>ᾄσματα</strong></span> <span class='ocrx_word' id='word_1_607' title='bbox 3629 3679 3784 3746; x_wconf 76' lang='grc' dir='ltr'><strong>παρᾶ</strong></span> 
     </span>
    </p>
   </div>
   <div class='ocr_carea' id='block_1_84' title="bbox 2203 3768 3784 3838">
    <p class='ocr_par' dir='ltr' id='par_1_84' title="bbox 2203 3768 3784 3838">
     <span class='ocr_line' id='line_1_84' title="bbox 2203 3768 3784 3838; baseline -0.001 -16"><span class='ocrx_word' id='word_1_608' title='bbox 2203 3769 2310 3822; x_wconf 89' lang='grc' dir='ltr'><strong>τῶν</strong></span> <span class='ocrx_word' id='word_1_609' title='bbox 2346 3768 2609 3838; x_wconf 85' lang='grc' dir='ltr'><strong>Πατέρων</strong></span> <span class='ocrx_word' id='word_1_610' title='bbox 2647 3769 3065 3836; x_wconf 82' lang='grc' dir='ltr'><strong>συντεθειμένα,</strong></span> <span class='ocrx_word' id='word_1_611' title='bbox 3115 3769 3348 3832; x_wconf 81' lang='grc' dir='ltr'><strong>κανόνας</strong></span> <span class='ocrx_word' id='word_1_612' title='bbox 3398 3769 3622 3830; x_wconf 85' lang='grc' dir='ltr'><strong>τούτους</strong></span> <span class='ocrx_word' id='word_1_613' title='bbox 3651 3770 3784 3821; x_wconf 83' lang='grc' dir='ltr'><strong>ἀπο-</strong></span> 
     </span>
    </p>
   </div>
   <div class='ocr_carea' id='block_1_85' title="bbox 2203 3857 3786 3930">
    <p class='ocr_par' dir='ltr' id='par_1_85' title="bbox 2203 3857 3786 3930">
     <span class='ocr_line' id='line_1_85' title="bbox 2203 3857 3786 3930; baseline -0.003 -16"><span class='ocrx_word' id='word_1_614' title='bbox 2203 3858 2500 3928; x_wconf 83' lang='grc' dir='ltr'><strong>καλούμεν,</strong></span> <span class='ocrx_word' id='word_1_615' title='bbox 2532 3857 2624 3920; x_wconf 80' lang='grc' dir='ltr'><strong>οὓς</strong></span> <span class='ocrx_word' id='word_1_616' title='bbox 2648 3859 2743 3910; x_wconf 76' lang='grc' dir='ltr'><strong>καὶ</strong></span> <span class='ocrx_word' id='word_1_617' title='bbox 2770 3859 2909 3926; x_wconf 79' lang='grc' dir='ltr'><strong>μετᾶ</strong></span> <span class='ocrx_word' id='word_1_618' title='bbox 2934 3859 3036 3930; x_wconf 73' lang='grc' dir='ltr'><strong>τὴν</strong></span> <span class='ocrx_word' id='word_1_619' title='bbox 3056 3860 3250 3930; x_wconf 88' lang='grc' dir='ltr'><strong>τρίτην</strong></span> <span class='ocrx_word' id='word_1_620' title='bbox 3271 3876 3330 3911; x_wconf 90' lang='grc' dir='ltr'><strong>τε</strong></span> <span class='ocrx_word' id='word_1_621' title='bbox 3363 3859 3457 3913; x_wconf 74' lang='grc' dir='ltr'><strong>καὶ</strong></span> <span class='ocrx_word' id='word_1_622' title='bbox 3490 3861 3588 3928; x_wconf 85' lang='grc' dir='ltr'><strong>τὴν</strong></span> <span class='ocrx_word' id='word_1_623' title='bbox 3615 3859 3786 3928; x_wconf 69' lang='grc' dir='ltr'><strong>ἕκτην</strong></span> 
     </span>
    </p>
   </div>
   <div class='ocr_carea' id='block_1_86' title="bbox 2202 3949 3786 4020">
    <p class='ocr_par' dir='ltr' id='par_1_86' title="bbox 2202 3949 3786 4020">
     <span class='ocr_line' id='line_1_86' title="bbox 2202 3949 3786 4020; baseline -0.002 -16"><span class='ocrx_word' id='word_1_624' title='bbox 2202 3950 2646 4020; x_wconf 78' lang='grc' dir='ltr'><strong>διαλαμϐάνομεν</strong></span> <span class='ocrx_word' id='word_1_625' title='bbox 2677 3949 2981 4018; x_wconf 83' lang='grc' dir='ltr'><strong>καθίσμασί</strong></span> <span class='ocrx_word' id='word_1_626' title='bbox 3032 3968 3112 4016; x_wconf 89' lang='grc' dir='ltr'><strong>τε,</strong></span> <span class='ocrx_word' id='word_1_627' title='bbox 3162 3951 3260 4003; x_wconf 75' lang='grc' dir='ltr'><strong>καὶ</strong></span> <span class='ocrx_word' id='word_1_628' title='bbox 3306 3952 3418 4012; x_wconf 86' lang='grc' dir='ltr'><strong>τοῖς</strong></span> <span class='ocrx_word' id='word_1_629' title='bbox 3470 3950 3786 4018; x_wconf 71' lang='grc' dir='ltr'><strong>λεγομένοις</strong></span> 
     </span>
    </p>
   </div>
   <div class='ocr_carea' id='block_1_87' title="bbox 2205 4041 3786 4112">
    <p class='ocr_par' dir='ltr' id='par_1_87' title="bbox 2205 4041 3786 4112">
     <span class='ocr_line' id='line_1_87' title="bbox 2205 4041 3786 4112; baseline -0.001 -16"><span class='ocrx_word' id='word_1_630' title='bbox 2205 4042 2530 4108; x_wconf 82' lang='grc' dir='ltr'><strong>κοντακίοις,</strong></span> <span class='ocrx_word' id='word_1_631' title='bbox 2589 4042 2684 4095; x_wconf 72' lang='grc' dir='ltr'><strong>καὶ</strong></span> <span class='ocrx_word' id='word_1_632' title='bbox 2731 4043 2922 4104; x_wconf 85' lang='grc' dir='ltr'><strong>οίκοις,</strong></span> <span class='ocrx_word' id='word_1_633' title='bbox 2957 4043 3399 4112; x_wconf 80' lang='grc' dir='ltr'><strong>προσευχομένου</strong></span> <span class='ocrx_word' id='word_1_634' title='bbox 3451 4041 3660 4096; x_wconf 86' lang='grc' dir='ltr'><strong>τούτων</strong></span> <span class='ocrx_word' id='word_1_635' title='bbox 3690 4041 3786 4094; x_wconf 81' lang='grc' dir='ltr'><strong>τοῦ</strong></span> 
     </span>
    </p>
   </div>
   <div class='ocr_carea' id='block_1_88' title="bbox 2204 4129 3789 4202">
    <p class='ocr_par' dir='ltr' id='par_1_88' title="bbox 2204 4129 3789 4202">
     <span class='ocr_line' id='line_1_88' title="bbox 2204 4129 3789 4202; baseline -0.001 -18"><span class='ocrx_word' id='word_1_636' title='bbox 2204 4131 2394 4202; x_wconf 73' lang='grc' dir='ltr'><strong>ἱερέως</strong></span> <span class='ocrx_word' id='word_1_637' title='bbox 2436 4161 2507 4173; x_wconf 90' lang='lat'><strong>--</strong></span> <span class='ocrx_word' id='word_1_638' title='bbox 2531 4129 2846 4184; x_wconf 81' lang='grc' dir='ltr'><strong>Φωτόδοτα</strong></span> <span class='ocrx_word' id='word_1_639' title='bbox 2865 4131 3062 4197; x_wconf 80' lang='grc' dir='ltr'><strong>Κύριε.</strong></span> <span class='ocrx_word' id='word_1_640' title='bbox 3085 4160 3155 4170; x_wconf 92' lang='grc'><strong><em>-</em></strong></span> <span class='ocrx_word' id='word_1_641' title='bbox 3185 4133 3296 4184; x_wconf 77' lang='grc' dir='ltr'><strong>Καὶ</strong></span> <span class='ocrx_word' id='word_1_642' title='bbox 3319 4132 3381 4202; x_wconf 77' lang='grc' dir='ltr'><strong>δὴ</strong></span> <span class='ocrx_word' id='word_1_643' title='bbox 3408 4133 3512 4184; x_wconf 59' lang='grc' dir='ltr'><strong>κᾶν</strong></span> <span class='ocrx_word' id='word_1_644' title='bbox 3544 4131 3620 4200; x_wconf 85' lang='grc' dir='ltr'><strong>τῷ</strong></span> <span class='ocrx_word' id='word_1_645' title='bbox 3643 4131 3789 4194; x_wconf 66' lang='grc' dir='ltr'><strong>τέλιι</strong></span> 
     </span>
    </p>
   </div>
   <div class='ocr_carea' id='block_1_89' title="bbox 2205 4222 3785 4295">
    <p class='ocr_par' dir='ltr' id='par_1_89' title="bbox 2205 4222 3785 4295">
     <span class='ocr_line' id='line_1_89' title="bbox 2205 4222 3785 4295; baseline -0.001 -19"><span class='ocrx_word' id='word_1_646' title='bbox 2205 4223 2649 4295; x_wconf 83' lang='grc' dir='ltr'><strong>προσυφαίνομεν</strong></span> <span class='ocrx_word' id='word_1_647' title='bbox 2679 4222 2826 4294; x_wconf 68' lang='grc' dir='ltr'><strong>ἕτερ’</strong></span> <span class='ocrx_word' id='word_1_648' title='bbox 2853 4223 2990 4277; x_wconf 75' lang='grc' dir='ltr'><strong>ἅττα</strong></span> <span class='ocrx_word' id='word_1_649' title='bbox 3043 4225 3344 4293; x_wconf 73' lang='grc' dir='ltr'><strong>τροπαρια.</strong></span> <span class='ocrx_word' id='word_1_650' title='bbox 3397 4223 3785 4290; x_wconf 81' lang='grc' dir='ltr'><strong>Φωταγωγικὰ</strong></span> 
     </span>
    </p>
   </div>
   <div class='ocr_carea' id='block_1_90' title="bbox 2202 4313 3788 4383">
    <p class='ocr_par' dir='ltr' id='par_1_90' title="bbox 2202 4313 3788 4383">
     <span class='ocr_line' id='line_1_90' title="bbox 2202 4313 3788 4383; baseline -0.003 -14"><span class='ocrx_word' id='word_1_651' title='bbox 2202 4317 2260 4369; x_wconf 78' lang='grc' dir='ltr'><strong>δὲ</strong></span> <span class='ocrx_word' id='word_1_652' title='bbox 2313 4317 2488 4368; x_wconf 81' lang='grc' dir='ltr'><strong>ταῦτα</strong></span> <span class='ocrx_word' id='word_1_653' title='bbox 2539 4315 2634 4368; x_wconf 80' lang='grc' dir='ltr'><strong>καὶ</strong></span> <span class='ocrx_word' id='word_1_654' title='bbox 2674 4314 3174 4383; x_wconf 81' lang='grc' dir='ltr'><strong>Ἐξαποστελλάρια</strong></span> <span class='ocrx_word' id='word_1_655' title='bbox 3232 4313 3386 4382; x_wconf 86' lang='grc' dir='ltr'><strong>φίλον</strong></span> <span class='ocrx_word' id='word_1_656' title='bbox 3442 4313 3648 4379; x_wconf 80' lang='grc' dir='ltr'><strong>καλεῖν,</strong></span> <span class='ocrx_word' id='word_1_657' title='bbox 3705 4313 3788 4366; x_wconf 87' lang='grc' dir='ltr'><strong>ὅτι</strong></span> 
     </span>
    </p>
   </div>
   <div class='ocr_carea' id='block_1_91' title="bbox 2206 4404 3790 4478">
    <p class='ocr_par' dir='ltr' id='par_1_91' title="bbox 2206 4404 3790 4478">
     <span class='ocr_line' id='line_1_91' title="bbox 2206 4404 3790 4478; baseline -0.002 -17"><span class='ocrx_word' id='word_1_658' title='bbox 2206 4407 2271 4478; x_wconf 81' lang='grc' dir='ltr'><strong>δὴ</strong></span> <span class='ocrx_word' id='word_1_659' title='bbox 2299 4407 2366 4460; x_wconf 77' lang='grc' dir='ltr'><strong>τὰ</strong></span> <span class='ocrx_word' id='word_1_660' title='bbox 2401 4407 2502 4476; x_wconf 81' lang='grc' dir='ltr'><strong>μὲν</strong></span> <span class='ocrx_word' id='word_1_661' title='bbox 2534 4405 2633 4476; x_wconf 80' lang='grc' dir='ltr'><strong>τὴν</strong></span> <span class='ocrx_word' id='word_1_662' title='bbox 2661 4404 2757 4460; x_wconf 84' lang='grc' dir='ltr'><strong>τοῦ</strong></span> <span class='ocrx_word' id='word_1_663' title='bbox 2786 4406 2964 4473; x_wconf 83' lang='grc' dir='ltr'><strong>φωτὸς</strong></span> <span class='ocrx_word' id='word_1_664' title='bbox 3001 4406 3306 4475; x_wconf 84' lang='grc' dir='ltr'><strong>παρουσίαν</strong></span> <span class='ocrx_word' id='word_1_665' title='bbox 3335 4407 3667 4475; x_wconf 81' lang='grc' dir='ltr'><strong>ἀνευφημεῖ,</strong></span> <span class='ocrx_word' id='word_1_666' title='bbox 3695 4408 3790 4458; x_wconf 81' lang='grc' dir='ltr'><strong>καὶ</strong></span> 
     </span>
    </p>
   </div>
   <div class='ocr_carea' id='block_1_92' title="bbox 527 4487 2093 4574">
    <p class='ocr_par' dir='ltr' id='par_1_92' title="bbox 527 4499 2093 4574">
     <span class='ocr_line' id='line_1_92' title="bbox 527 4499 2093 4574; baseline 0.005 -25"><span class='ocrx_word' id='word_1_667' title='bbox 527 4499 608 4551; x_wconf 85' lang='lat' dir='ltr'><strong>bis</strong></span> <span class='ocrx_word' id='word_1_668' title='bbox 627 4507 739 4552; x_wconf 90' lang='lat' dir='ltr'><strong>tum</strong></span> <span class='ocrx_word' id='word_1_669' title='bbox 765 4515 794 4553; x_wconf 92' lang='lat' dir='ltr'><strong>e</strong></span> <span class='ocrx_word' id='word_1_670' title='bbox 817 4502 982 4554; x_wconf 83' lang='lat' dir='ltr'><strong>veteri</strong></span> <span class='ocrx_word' id='word_1_671' title='bbox 1008 4510 1118 4554; x_wconf 91' lang='lat' dir='ltr'><strong>tum</strong></span> <span class='ocrx_word' id='word_1_672' title='bbox 1146 4517 1176 4556; x_wconf 90' lang='lat' dir='ltr'><strong>e</strong></span> <span class='ocrx_word' id='word_1_673' title='bbox 1206 4517 1346 4556; x_wconf 85' lang='lat' dir='ltr'><strong>novo</strong></span> <span class='ocrx_word' id='word_1_674' title='bbox 1368 4501 1734 4566; x_wconf 81' lang='lat' dir='ltr'><strong>Testamcn&#39;o.</strong></span> <span class='ocrx_word' id='word_1_675' title='bbox 1755 4512 1808 4556; x_wconf 86' lang='lat' dir='ltr'><strong>et</strong></span> <span class='ocrx_word' id='word_1_676' title='bbox 1837 4513 1958 4574; x_wconf 82' lang='lat' dir='ltr'><strong>post</strong></span> <span class='ocrx_word' id='word_1_677' title='bbox 1980 4519 2093 4559; x_wconf 87' lang='lat' dir='ltr'><strong>eam</strong></span> 
     </span>
    </p>
   </div>
   <div class='ocr_carea' id='block_1_93' title="bbox 2195 4487 3790 4574">
    <p class='ocr_par' dir='ltr' id='par_1_93' title="bbox 2205 4498 3790 4568">
     <span class='ocr_line' id='line_1_93' title="bbox 2205 4498 3790 4568; baseline -0.001 -17"><span class='ocrx_word' id='word_1_678' title='bbox 2205 4500 2264 4551; x_wconf 79' lang='grc' dir='ltr'><strong>τὸ</strong></span> <span class='ocrx_word' id='word_1_679' title='bbox 2293 4499 2482 4568; x_wconf 75' lang='grc' dir='ltr'><strong>νοητὸν</strong></span> <span class='ocrx_word' id='word_1_680' title='bbox 2531 4498 2646 4568; x_wconf 85' lang='grc' dir='ltr'><strong>φῶς</strong></span> <span class='ocrx_word' id='word_1_681' title='bbox 2695 4498 3003 4567; x_wconf 67' lang='grc' dir='ltr'><strong>ἐπιλάμψαι</strong></span> <span class='ocrx_word' id='word_1_682' title='bbox 3039 4500 3300 4562; x_wconf 79' lang='grc' dir='ltr'><strong>αἰτεῖται,</strong></span> <span class='ocrx_word' id='word_1_683' title='bbox 3337 4499 3406 4551; x_wconf 73' lang='grc' dir='ltr'><strong>τὰ</strong></span> <span class='ocrx_word' id='word_1_684' title='bbox 3449 4498 3510 4551; x_wconf 83' lang='grc' dir='ltr'><strong>δὲ</strong></span> <span class='ocrx_word' id='word_1_685' title='bbox 3540 4499 3640 4565; x_wconf 82' lang='grc' dir='ltr'><strong>τὴν</strong></span> <span class='ocrx_word' id='word_1_686' title='bbox 3683 4498 3790 4551; x_wconf 88' lang='grc' dir='ltr'><strong>τῶν</strong></span> 
     </span>
    </p>
   </div>
   <div class='ocr_carea' id='block_1_94' title="bbox 529 4590 2093 4664">
    <p class='ocr_par' dir='ltr' id='par_1_94' title="bbox 529 4590 2092 4664">
     <span class='ocr_line' id='line_1_94' title="bbox 529 4590 2092 4664; baseline 0.004 -22"><span class='ocrx_word' id='word_1_687' title='bbox 529 4590 762 4659; x_wconf 84' lang='lat' dir='ltr'><strong>hymnus</strong></span> <span class='ocrx_word' id='word_1_688' title='bbox 806 4591 1090 4661; x_wconf 80' lang='lat' dir='ltr'><strong>Trisagion</strong></span> <span class='ocrx_word' id='word_1_689' title='bbox 1144 4603 1197 4647; x_wconf 89' lang='lat' dir='ltr'><strong>et</strong></span> <span class='ocrx_word' id='word_1_690' title='bbox 1249 4594 1466 4664; x_wconf 86' lang='lat' dir='ltr'><strong>aliquod</strong></span> <span class='ocrx_word' id='word_1_691' title='bbox 1541 4609 1570 4647; x_wconf 71' lang='grc' dir='ltr'><strong>τι</strong></span> <span class='ocrx_word' id='word_1_692' title='bbox 1623 4605 1868 4664; x_wconf 87' lang='lat' dir='ltr'><strong>tempore</strong></span> <span class='ocrx_word' id='word_1_693' title='bbox 1911 4605 2092 4664; x_wconf 87' lang='lat' dir='ltr'><strong>tropa-</strong></span> 
     </span>
    </p>
   </div>
   <div class='ocr_carea' id='block_1_95' title="bbox 2195 4590 3790 4664">
    <p class='ocr_par' dir='ltr' id='par_1_95' title="bbox 2206 4591 3790 4662">
     <span class='ocr_line' id='line_1_95' title="bbox 2206 4591 3790 4662; baseline -0.001 -18"><span class='ocrx_word' id='word_1_694' title='bbox 2206 4592 2468 4662; x_wconf 82' lang='grc' dir='ltr'><strong>μαθητῶν</strong></span> <span class='ocrx_word' id='word_1_695' title='bbox 2501 4591 2815 4660; x_wconf 79' lang='grc' dir='ltr'><strong>ἀποστολὴν</strong></span> <span class='ocrx_word' id='word_1_696' title='bbox 2849 4593 2931 4655; x_wconf 85' lang='grc' dir='ltr'><strong>είς</strong></span> <span class='ocrx_word' id='word_1_697' title='bbox 2971 4591 3040 4644; x_wconf 75' lang='grc' dir='ltr'><strong>τὰ</strong></span> <span class='ocrx_word' id='word_1_698' title='bbox 3076 4591 3203 4661; x_wconf 73' lang='grc' dir='ltr'><strong>ἔθνη</strong></span> <span class='ocrx_word' id='word_1_699' title='bbox 3243 4591 3383 4644; x_wconf 77' lang='grc' dir='ltr'><strong>κατὰ</strong></span> <span class='ocrx_word' id='word_1_700' title='bbox 3416 4591 3516 4660; x_wconf 84' lang='grc' dir='ltr'><strong>τὴν</strong></span> <span class='ocrx_word' id='word_1_701' title='bbox 3551 4591 3790 4644; x_wconf 79' lang='grc' dir='ltr'><strong>ἀναστά-</strong></span> 
     </span>
    </p>
   </div>
   <div class='ocr_carea' id='block_1_96' title="bbox 528 4681 2093 4755">
    <p class='ocr_par' dir='ltr' id='par_1_96' title="bbox 528 4681 2093 4750">
     <span class='ocr_line' id='line_1_96' title="bbox 528 4681 2093 4750; baseline 0.006 -18"><span class='ocrx_word' id='word_1_702' title='bbox 528 4681 687 4742; x_wconf 86' lang='lat' dir='ltr'><strong>rinm,</strong></span> <span class='ocrx_word' id='word_1_703' title='bbox 739 4692 793 4736; x_wconf 85' lang='lat' dir='ltr'><strong>et</strong></span> <span class='ocrx_word' id='word_1_704' title='bbox 817 4685 894 4736; x_wconf 87' lang='lat' dir='ltr'><strong>sic</strong></span> <span class='ocrx_word' id='word_1_705' title='bbox 929 4694 1212 4750; x_wconf 79' lang='lat' dir='ltr'><strong>postquam</strong></span> <span class='ocrx_word' id='word_1_706' title='bbox 1259 4683 1438 4738; x_wconf 81' lang='lat' dir='ltr'><strong>oravit</strong></span> <span class='ocrx_word' id='word_1_707' title='bbox 1481 4684 1736 4739; x_wconf 87' lang='lat' dir='ltr'><strong>sacerdos</strong></span> <span class='ocrx_word' id='word_1_708' title='bbox 1773 4684 2093 4742; x_wconf 74' lang='lat' dir='ltr'><strong>liberarunt.</strong></span> 
     </span>
    </p>
   </div>
   <div class='ocr_carea' id='block_1_97' title="bbox 2195 4681 3786 4755">
    <p class='ocr_par' dir='ltr' id='par_1_97' title="bbox 2205 4683 3786 4755">
     <span class='ocr_line' id='line_1_97' title="bbox 2205 4683 3786 4755; baseline 0.002 -19"><span class='ocrx_word' id='word_1_709' title='bbox 2205 4701 2365 4752; x_wconf 89' lang='grc' dir='ltr'><strong>σιμον</strong></span> <span class='ocrx_word' id='word_1_710' title='bbox 2387 4683 2602 4754; x_wconf 76' lang='grc' dir='ltr'><strong>ἡμέραν</strong></span> <span class='ocrx_word' id='word_1_711' title='bbox 2627 4684 2772 4755; x_wconf 82' lang='grc' dir='ltr'><strong>ᾠδὴν</strong></span> <span class='ocrx_word' id='word_1_712' title='bbox 2800 4684 3370 4737; x_wconf 79' lang='grc' dir='ltr'><strong>ποιεῖται.--Αινεῖτε</strong></span> <span class='ocrx_word' id='word_1_713' title='bbox 3409 4684 3520 4737; x_wconf 79' lang='grc' dir='ltr'><strong>τὸν</strong></span> <span class='ocrx_word' id='word_1_714' title='bbox 3545 4684 3786 4750; x_wconf 81' lang='grc' dir='ltr'><strong>Κύριον.</strong></span> 
     </span>
    </p>
   </div>
   <div class='ocr_carea' id='block_1_98' title="bbox 523 4773 3793 4847">
    <p class='ocr_par' dir='ltr' id='par_1_98' title="bbox 523 4773 3793 4847">
     <span class='ocr_line' id='line_1_98' title="bbox 523 4773 3793 4847; baseline 0.001 -24"><span class='ocrx_word' id='word_1_715' title='bbox 523 4802 592 4811; x_wconf 88' lang='grc'><strong><em>-</em></strong></span> <span class='ocrx_word' id='word_1_716' title='bbox 622 4773 774 4824; x_wconf 81' lang='grc' dir='ltr'><strong>Μετὰ</strong></span> <span class='ocrx_word' id='word_1_717' title='bbox 806 4773 980 4826; x_wconf 84' lang='grc' dir='ltr'><strong>ταῦτα</strong></span> <span class='ocrx_word' id='word_1_718' title='bbox 1033 4776 1180 4844; x_wconf 85' lang='grc' dir='ltr'><strong>τρεῖς</strong></span> <span class='ocrx_word' id='word_1_719' title='bbox 1214 4793 1366 4839; x_wconf 86' lang='grc' dir='ltr'><strong>τινας</strong></span> <span class='ocrx_word' id='word_1_720' title='bbox 1420 4775 1578 4838; x_wconf 78' lang='grc' dir='ltr'><strong>αὖθις</strong></span> <span class='ocrx_word' id='word_1_721' title='bbox 1623 4777 1873 4845; x_wconf 76' lang='grc' dir='ltr'><strong>ψαλμοὺς</strong></span> <span class='ocrx_word' id='word_1_722' title='bbox 1933 4774 2299 4838; x_wconf 77' lang='grc' dir='ltr'><strong>ἀπολαϐόντες</strong></span> <span class='ocrx_word' id='word_1_723' title='bbox 2351 4776 2458 4831; x_wconf 90' lang='grc' dir='ltr'><strong>τῶν</strong></span> <span class='ocrx_word' id='word_1_724' title='bbox 2528 4776 2734 4831; x_wconf 77' lang='grc' dir='ltr'><strong>λοιπῶν</strong></span> <span class='ocrx_word' id='word_1_725' title='bbox 2769 4776 3000 4846; x_wconf 70' lang='grc' dir='ltr'><strong>ᾄδομεν*</strong></span> <span class='ocrx_word' id='word_1_726' title='bbox 3063 4777 3156 4840; x_wconf 81' lang='grc' dir='ltr'><strong>οὓς</strong></span> <span class='ocrx_word' id='word_1_727' title='bbox 3207 4779 3382 4847; x_wconf 79' lang='grc' dir='ltr'><strong>δήπου</strong></span> <span class='ocrx_word' id='word_1_728' title='bbox 3437 4779 3534 4831; x_wconf 75' lang='grc' dir='ltr'><strong>καὶ</strong></span> <span class='ocrx_word' id='word_1_729' title='bbox 3609 4778 3793 4838; x_wconf 81' lang='grc' dir='ltr'><strong>αἴνονς</strong></span> 
     </span>
    </p>
   </div>
   <div class='ocr_carea' id='block_1_99' title="bbox 525 4864 3787 4943">
    <p class='ocr_par' dir='ltr' id='par_1_99' title="bbox 525 4864 3787 4943">
     <span class='ocr_line' id='line_1_99' title="bbox 525 4864 3787 4943; baseline 0.001 -25"><span class='ocrx_word' id='word_1_730' title='bbox 525 4868 818 4936; x_wconf 74' lang='grc' dir='ltr'><strong>καλοῦμεν,</strong></span> <span class='ocrx_word' id='word_1_731' title='bbox 852 4869 940 4921; x_wconf 81' lang='grc' dir='ltr'><strong>διὰ</strong></span> <span class='ocrx_word' id='word_1_732' title='bbox 986 4869 1044 4922; x_wconf 78' lang='grc' dir='ltr'><strong>τὸ</strong></span> <span class='ocrx_word' id='word_1_733' title='bbox 1076 4870 1170 4923; x_wconf 71' lang='grc' dir='ltr'><strong>καὶ</strong></span> <span class='ocrx_word' id='word_1_734' title='bbox 1203 4872 1264 4924; x_wconf 82' lang='grc' dir='ltr'><strong>ὲν</strong></span> <span class='ocrx_word' id='word_1_735' title='bbox 1299 4871 1484 4934; x_wconf 82' lang='grc' dir='ltr'><strong>αὐτοῖς</strong></span> <span class='ocrx_word' id='word_1_736' title='bbox 1529 4871 1808 4939; x_wconf 76' lang='grc' dir='ltr'><strong>εὐφημίαν</strong></span> <span class='ocrx_word' id='word_1_737' title='bbox 1848 4871 1971 4924; x_wconf 65' lang='grc' dir='ltr'><strong>τινα</strong></span> <span class='ocrx_word' id='word_1_738' title='bbox 2001 4871 2096 4924; x_wconf 79' lang='grc' dir='ltr'><strong>καὶ</strong></span> <span class='ocrx_word' id='word_1_739' title='bbox 2133 4864 2285 4925; x_wconf 81' lang='grc' dir='ltr'><strong>αἶνον</strong></span> <span class='ocrx_word' id='word_1_740' title='bbox 2311 4871 2742 4943; x_wconf 81' lang='grc' dir='ltr'><strong>ὲμπεριέχεσθαι</strong></span> <span class='ocrx_word' id='word_1_741' title='bbox 2773 4869 2867 4924; x_wconf 77' lang='grc' dir='ltr'><strong>τοῦ</strong></span> <span class='ocrx_word' id='word_1_742' title='bbox 2897 4870 3034 4924; x_wconf 79' lang='grc' dir='ltr'><strong>Θεοῦ</strong></span> <span class='ocrx_word' id='word_1_743' title='bbox 3070 4871 3162 4924; x_wconf 84' lang='grc' dir='ltr'><strong>διὰ</strong></span> <span class='ocrx_word' id='word_1_744' title='bbox 3191 4873 3414 4926; x_wconf 86' lang='grc' dir='ltr'><strong>πάντων</strong></span> <span class='ocrx_word' id='word_1_745' title='bbox 3481 4871 3608 4937; x_wconf 79' lang='grc' dir='ltr'><strong>ἑξῆς</strong></span> <span class='ocrx_word' id='word_1_746' title='bbox 3673 4871 3787 4923; x_wconf 88' lang='grc' dir='ltr'><strong>τῶν</strong></span> 
     </span>
    </p>
   </div>
   <div class='ocr_carea' id='block_1_100' title="bbox 524 4961 3793 5036">
    <p class='ocr_par' dir='ltr' id='par_1_100' title="bbox 524 4961 3793 5036">
     <span class='ocr_line' id='line_1_100' title="bbox 524 4961 3793 5036; baseline 0 -23"><span class='ocrx_word' id='word_1_747' title='bbox 524 4961 860 5029; x_wconf 85' lang='grc' dir='ltr'><strong>κτισμάτων.</strong></span> <span class='ocrx_word' id='word_1_748' title='bbox 914 4963 1142 5018; x_wconf 75' lang='grc' dir='ltr'><strong>Αἰνεῖτε</strong></span> <span class='ocrx_word' id='word_1_749' title='bbox 1176 4965 1312 5036; x_wconf 79' lang='grc' dir='ltr'><strong>γὰρ,</strong></span> <span class='ocrx_word' id='word_1_750' title='bbox 1355 4967 1510 5033; x_wconf 83' lang='grc' dir='ltr'><strong>φησὶ,</strong></span> <span class='ocrx_word' id='word_1_751' title='bbox 1559 4964 1666 5017; x_wconf 80' lang='grc' dir='ltr'><strong>τὸν</strong></span> <span class='ocrx_word' id='word_1_752' title='bbox 1715 4964 1933 5031; x_wconf 85' lang='grc' dir='ltr'><strong>Κύριον</strong></span> <span class='ocrx_word' id='word_1_753' title='bbox 1972 4963 2096 5016; x_wconf 81' lang='grc' dir='ltr'><strong>τάδε</strong></span> <span class='ocrx_word' id='word_1_754' title='bbox 2131 4965 2278 5028; x_wconf 68' lang='grc' dir='ltr'><strong>τινὰ,</strong></span> <span class='ocrx_word' id='word_1_755' title='bbox 2326 4967 2420 5018; x_wconf 70' lang='grc' dir='ltr'><strong>καὶ</strong></span> <span class='ocrx_word' id='word_1_756' title='bbox 2497 4965 2645 5023; x_wconf 78' lang='grc' dir='ltr'><strong>τάδε.</strong></span> <span class='ocrx_word' id='word_1_757' title='bbox 2694 4966 2802 5019; x_wconf 76' lang='grc' dir='ltr'><strong>Καὶ</strong></span> <span class='ocrx_word' id='word_1_758' title='bbox 2854 4966 3069 5027; x_wconf 80' lang='grc' dir='ltr'><strong>τούτοις</strong></span> <span class='ocrx_word' id='word_1_759' title='bbox 3118 4966 3573 5035; x_wconf 82' lang='grc' dir='ltr'><strong>προσυφαίνομεν</strong></span> <span class='ocrx_word' id='word_1_760' title='bbox 3625 4967 3680 5016; x_wconf 83' lang='grc' dir='ltr'><strong>ἐν</strong></span> <span class='ocrx_word' id='word_1_761' title='bbox 3714 4963 3793 5033; x_wconf 85' lang='grc' dir='ltr'><strong>τῷ</strong></span> 
     </span>
    </p>
   </div>
   <div class='ocr_carea' id='block_1_101' title="bbox 523 5056 3793 5130">
    <p class='ocr_par' dir='ltr' id='par_1_101' title="bbox 523 5056 3793 5130">
     <span class='ocr_line' id='line_1_101' title="bbox 523 5056 3793 5130; baseline 0 -22"><span class='ocrx_word' id='word_1_762' title='bbox 523 5057 663 5108; x_wconf 71' lang='grc' dir='ltr'><strong>τέλει</strong></span> <span class='ocrx_word' id='word_1_763' title='bbox 696 5058 907 5126; x_wconf 82' lang='grc' dir='ltr'><strong>στίχους</strong></span> <span class='ocrx_word' id='word_1_764' title='bbox 932 5059 1083 5120; x_wconf 82' lang='grc' dir='ltr'><strong>τινὰς</strong></span> <span class='ocrx_word' id='word_1_765' title='bbox 1128 5059 1530 5129; x_wconf 76' lang='grc' dir='ltr'><strong>ἐφαρμόζοντες</strong></span> <span class='ocrx_word' id='word_1_766' title='bbox 1561 5060 1689 5129; x_wconf 87' lang='grc' dir='ltr'><strong>παρ’</strong></span> <span class='ocrx_word' id='word_1_767' title='bbox 1718 5061 1898 5113; x_wconf 74' lang='grc' dir='ltr'><strong>αὐτῶν</strong></span> <span class='ocrx_word' id='word_1_768' title='bbox 1941 5060 2084 5130; x_wconf 74' lang='grc' dir='ltr'><strong>ἕτερ’</strong></span> <span class='ocrx_word' id='word_1_769' title='bbox 2125 5059 2260 5114; x_wconf 81' lang='grc' dir='ltr'><strong>ἄττα</strong></span> <span class='ocrx_word' id='word_1_770' title='bbox 2291 5058 2591 5130; x_wconf 72' lang='grc' dir='ltr'><strong>τροπᾶρια.</strong></span> <span class='ocrx_word' id='word_1_771' title='bbox 2626 5058 2982 5122; x_wconf 82' lang='grc' dir='ltr'><strong>Καταὸασίας</strong></span> <span class='ocrx_word' id='word_1_772' title='bbox 3015 5059 3091 5122; x_wconf 86' lang='grc' dir='ltr'><strong>ὡς</strong></span> <span class='ocrx_word' id='word_1_773' title='bbox 3123 5062 3185 5112; x_wconf 79' lang='grc' dir='ltr'><strong>τὸ</strong></span> <span class='ocrx_word' id='word_1_774' title='bbox 3223 5059 3358 5112; x_wconf 83' lang='grc' dir='ltr'><strong>πολὺ</strong></span> <span class='ocrx_word' id='word_1_775' title='bbox 3426 5058 3496 5109; x_wconf 67' lang='grc' dir='ltr'><strong>τὰ</strong></span> <span class='ocrx_word' id='word_1_776' title='bbox 3563 5056 3793 5110; x_wconf 69' lang='grc' dir='ltr'><strong>τοιαῦτα</strong></span> 
     </span>
    </p>
   </div>
   <div class='ocr_carea' id='block_1_102' title="bbox 527 5131 3791 5218">
    <p class='ocr_par' dir='ltr' id='par_1_102' title="bbox 527 5131 3791 5218">
     <span class='ocr_line' id='line_1_102' title="bbox 527 5131 3791 5218; baseline -0.001 -20"><span class='ocrx_word' id='word_1_777' title='bbox 527 5147 819 5218; x_wconf 73' lang='grc' dir='ltr'><strong>καλοῦμεν.</strong></span> <span class='ocrx_word' id='word_1_778' title='bbox 844 5179 913 5190; x_wconf 92' lang='grc'><strong><em>-</em></strong></span> <span class='ocrx_word' id='word_1_779' title='bbox 937 5150 1091 5213; x_wconf 77' lang='grc' dir='ltr'><strong>Δόξα</strong></span> <span class='ocrx_word' id='word_1_780' title='bbox 1117 5149 1188 5203; x_wconf 78' lang='grc' dir='ltr'><strong>ἐν</strong></span> <span class='ocrx_word' id='word_1_781' title='bbox 1221 5150 1507 5217; x_wconf 77' lang='grc' dir='ltr'><strong>ὑψίστοις</strong></span> <span class='ocrx_word' id='word_1_782' title='bbox 1532 5149 1677 5216; x_wconf 84' lang='grc' dir='ltr'><strong>Θεῷ.</strong></span> <span class='ocrx_word' id='word_1_783' title='bbox 1696 5179 1764 5191; x_wconf 92' lang='grc'><strong>-</strong></span> <span class='ocrx_word' id='word_1_784' title='bbox 1793 5131 1931 5204; x_wconf 67' lang='grc' dir='ltr'><strong>Μεθ’</strong></span> <span class='ocrx_word' id='word_1_785' title='bbox 1993 5149 2022 5203; x_wconf 82' lang='grc' dir='ltr'><strong>ὃ</strong></span> <span class='ocrx_word' id='word_1_786' title='bbox 2059 5151 2162 5218; x_wconf 78' lang='grc' dir='ltr'><strong>τὴν</strong></span> <span class='ocrx_word' id='word_1_787' title='bbox 2201 5149 2548 5218; x_wconf 75' lang='grc' dir='ltr'><strong>καλουμένην</strong></span> <span class='ocrx_word' id='word_1_788' title='bbox 2579 5144 2890 5214; x_wconf 81' lang='grc' dir='ltr'><strong>δοξολογίαν</strong></span> <span class='ocrx_word' id='word_1_789' title='bbox 2917 5146 3369 5215; x_wconf 77' lang='grc' dir='ltr'><strong>ὲπισυνάπτομεν</strong></span> <span class='ocrx_word' id='word_1_790' title='bbox 3402 5144 3497 5196; x_wconf 74' lang='grc' dir='ltr'><strong>ἐπὶ</strong></span> <span class='ocrx_word' id='word_1_791' title='bbox 3519 5146 3584 5215; x_wconf 78' lang='grc' dir='ltr'><strong>τῇ</strong></span> <span class='ocrx_word' id='word_1_792' title='bbox 3613 5159 3791 5214; x_wconf 82' lang='grc' dir='ltr'><strong>παρε-</strong></span> 
     </span>
    </p>
   </div>
   <div class='ocr_carea' id='block_1_103' title="bbox 525 5238 3796 5318">
    <p class='ocr_par' dir='ltr' id='par_1_103' title="bbox 525 5238 3796 5318">
     <span class='ocr_line' id='line_1_103' title="bbox 525 5238 3796 5318; baseline -0.003 -17"><span class='ocrx_word' id='word_1_793' title='bbox 525 5248 704 5302; x_wconf 78' lang='grc' dir='ltr'><strong>λεύσει</strong></span> <span class='ocrx_word' id='word_1_794' title='bbox 738 5248 837 5317; x_wconf 84' lang='grc' dir='ltr'><strong>τῆς</strong></span> <span class='ocrx_word' id='word_1_795' title='bbox 866 5247 1080 5309; x_wconf 77' lang='grc' dir='ltr'><strong>νυκτὸς,</strong></span> <span class='ocrx_word' id='word_1_796' title='bbox 1113 5248 1206 5299; x_wconf 78' lang='grc' dir='ltr'><strong>καὶ</strong></span> <span class='ocrx_word' id='word_1_797' title='bbox 1233 5250 1300 5316; x_wconf 77' lang='grc' dir='ltr'><strong>τῇ</strong></span> <span class='ocrx_word' id='word_1_798' title='bbox 1335 5246 1478 5318; x_wconf 82' lang='grc' dir='ltr'><strong>ἀρχῇ</strong></span> <span class='ocrx_word' id='word_1_799' title='bbox 1527 5248 1627 5316; x_wconf 82' lang='grc' dir='ltr'><strong>τῆς</strong></span> <span class='ocrx_word' id='word_1_800' title='bbox 1678 5248 1911 5318; x_wconf 75' lang='grc' dir='ltr'><strong>ἡμέρας,</strong></span> <span class='ocrx_word' id='word_1_801' title='bbox 1943 5244 2092 5298; x_wconf 79' lang='grc' dir='ltr'><strong>τοῦθ’</strong></span> <span class='ocrx_word' id='word_1_802' title='bbox 2133 5244 2161 5304; x_wconf 78' lang='grc' dir='ltr'><strong>δ</strong></span> <span class='ocrx_word' id='word_1_803' title='bbox 2196 5246 2444 5298; x_wconf 83' lang='grc' dir='ltr'><strong>καλεῖται</strong></span> <span class='ocrx_word' id='word_1_804' title='bbox 2477 5242 2760 5298; x_wconf 82' lang='grc' dir='ltr'><strong>ποιοῦσαν.</strong></span> <span class='ocrx_word' id='word_1_805' title='bbox 2808 5241 3104 5308; x_wconf 83' lang='grc' dir='ltr'><strong>Σύγκειται</strong></span> <span class='ocrx_word' id='word_1_806' title='bbox 3166 5240 3224 5293; x_wconf 84' lang='grc' dir='ltr'><strong>δὲ</strong></span> <span class='ocrx_word' id='word_1_807' title='bbox 3261 5238 3400 5310; x_wconf 77' lang='grc' dir='ltr'><strong>αὕτη</strong></span> <span class='ocrx_word' id='word_1_808' title='bbox 3471 5239 3796 5308; x_wconf 82' lang='grc' dir='ltr'><strong>θαυμασίως</strong></span> 
     </span>
    </p>
   </div>
   <div class='ocr_carea' id='block_1_104' title="bbox 526 5334 3794 5413">
    <p class='ocr_par' dir='ltr' id='par_1_104' title="bbox 526 5334 3794 5413">
     <span class='ocr_line' id='line_1_104' title="bbox 526 5334 3794 5413; baseline -0.002 -16"><span class='ocrx_word' id='word_1_809' title='bbox 526 5345 584 5399; x_wconf 82' lang='grc' dir='ltr'><strong>εὖ</strong></span> <span class='ocrx_word' id='word_1_810' title='bbox 625 5345 772 5412; x_wconf 82' lang='grc' dir='ltr'><strong>μάλα</strong></span> <span class='ocrx_word' id='word_1_811' title='bbox 815 5340 904 5396; x_wconf 77' lang='grc' dir='ltr'><strong>διὰ</strong></span> <span class='ocrx_word' id='word_1_812' title='bbox 937 5357 996 5392; x_wconf 91' lang='grc' dir='ltr'><strong>τε</strong></span> <span class='ocrx_word' id='word_1_813' title='bbox 1042 5341 1144 5409; x_wconf 80' lang='grc' dir='ltr'><strong>τῆς</strong></span> <span class='ocrx_word' id='word_1_814' title='bbox 1203 5341 1448 5404; x_wconf 78' lang='grc' dir='ltr'><strong>Παλαιᾶς</strong></span> <span class='ocrx_word' id='word_1_815' title='bbox 1501 5343 1595 5395; x_wconf 73' lang='grc' dir='ltr'><strong>καὶ</strong></span> <span class='ocrx_word' id='word_1_816' title='bbox 1627 5341 1771 5405; x_wconf 79' lang='grc' dir='ltr'><strong>Νέας</strong></span> <span class='ocrx_word' id='word_1_817' title='bbox 1823 5343 2099 5412; x_wconf 86' lang='grc' dir='ltr'><strong>Διαθήκης</strong></span> <span class='ocrx_word' id='word_1_818' title='bbox 2143 5341 2328 5413; x_wconf 80' lang='grc' dir='ltr'><strong>ῥητῶν</strong></span> <span class='ocrx_word' id='word_1_819' title='bbox 2359 5340 2737 5411; x_wconf 73' lang='grc' dir='ltr'><strong>ἠθροισμένων</strong></span> <span class='ocrx_word' id='word_1_820' title='bbox 2765 5339 3026 5408; x_wconf 75' lang='grc' dir='ltr'><strong>λογάδην,</strong></span> <span class='ocrx_word' id='word_1_821' title='bbox 3063 5338 3160 5390; x_wconf 84' lang='grc' dir='ltr'><strong>καὶ</strong></span> <span class='ocrx_word' id='word_1_822' title='bbox 3215 5339 3245 5390; x_wconf 90' lang='grc' dir='ltr'><strong>ό</strong></span> <span class='ocrx_word' id='word_1_823' title='bbox 3278 5337 3566 5408; x_wconf 83' lang='grc' dir='ltr'><strong>τρισάγιος</strong></span> <span class='ocrx_word' id='word_1_824' title='bbox 3623 5334 3794 5406; x_wconf 78' lang='grc' dir='ltr'><strong>ὕμνος</strong></span> 
     </span>
    </p>
   </div>
   <div class='ocr_carea' id='block_1_105' title="bbox 528 5429 3291 5507">
    <p class='ocr_par' dir='ltr' id='par_1_105' title="bbox 528 5429 3291 5507">
     <span class='ocr_line' id='line_1_105' title="bbox 528 5429 3291 5507; baseline -0.002 -15"><span class='ocrx_word' id='word_1_825' title='bbox 528 5441 614 5492; x_wconf 76' lang='grc' dir='ltr'><strong>ἐπ’</strong></span> <span class='ocrx_word' id='word_1_826' title='bbox 641 5438 798 5507; x_wconf 81' lang='grc' dir='ltr'><strong>αὐτῇ,</strong></span> <span class='ocrx_word' id='word_1_827' title='bbox 830 5435 924 5489; x_wconf 78' lang='grc' dir='ltr'><strong>καὶ</strong></span> <span class='ocrx_word' id='word_1_828' title='bbox 961 5435 1259 5506; x_wconf 76' lang='grc' dir='ltr'><strong>τροπάριόν</strong></span> <span class='ocrx_word' id='word_1_829' title='bbox 1287 5453 1338 5488; x_wconf 88' lang='grc' dir='ltr'><strong>τι</strong></span> <span class='ocrx_word' id='word_1_830' title='bbox 1370 5435 1480 5487; x_wconf 88' lang='grc' dir='ltr'><strong>τῶν</strong></span> <span class='ocrx_word' id='word_1_831' title='bbox 1512 5438 1765 5506; x_wconf 82' lang='grc' dir='ltr'><strong>καιρίων,</strong></span> <span class='ocrx_word' id='word_1_832' title='bbox 1795 5437 1888 5490; x_wconf 75' lang='grc' dir='ltr'><strong>καὶ</strong></span> <span class='ocrx_word' id='word_1_833' title='bbox 1919 5436 2094 5500; x_wconf 79' lang='grc' dir='ltr'><strong>οὕτως</strong></span> <span class='ocrx_word' id='word_1_834' title='bbox 2136 5435 2516 5504; x_wconf 76' lang='grc' dir='ltr'><strong>ὲπευξαμένου</strong></span> <span class='ocrx_word' id='word_1_835' title='bbox 2556 5431 2652 5487; x_wconf 73' lang='grc' dir='ltr'><strong>τοῦ</strong></span> <span class='ocrx_word' id='word_1_836' title='bbox 2687 5433 2880 5503; x_wconf 73' lang='grc' dir='ltr'><strong>ἱερέως</strong></span> <span class='ocrx_word' id='word_1_837' title='bbox 2918 5429 3291 5499; x_wconf 69' lang='grc' dir='ltr'><strong>ἀπολούμεθα.</strong></span> 
     </span>
    </p>
   </div>
   <div class='ocr_carea' id='block_1_106' title="bbox 1065 5527 1516 5597">
    <p class='ocr_par' dir='ltr' id='par_1_106' title="bbox 1065 5527 1516 5597">
     <span class='ocr_line' id='line_1_106' title="bbox 1065 5527 1516 5597; baseline -0.004 -14"><span class='ocrx_word' id='word_1_838' title='bbox 1065 5527 1137 5583; x_wconf 87' lang='lat' dir='ltr'><strong>De</strong></span> <span class='ocrx_word' id='word_1_839' title='bbox 1168 5530 1342 5597; x_wconf 84' lang='lat' dir='ltr'><strong>prima</strong></span> <span class='ocrx_word' id='word_1_840' title='bbox 1363 5527 1516 5581; x_wconf 87' lang='lat' dir='ltr'><strong>hora.</strong></span> 
     </span>
    </p>
   </div>
   <div class='ocr_carea' id='block_1_107' title="bbox 599 5619 2105 5689">
    <p class='ocr_par' dir='ltr' id='par_1_107' title="bbox 599 5619 2105 5689">
     <span class='ocr_line' id='line_1_107' title="bbox 599 5619 2105 5689; baseline -0.002 -13"><span class='ocrx_word' id='word_1_841' title='bbox 599 5624 920 5678; x_wconf 54' lang='lat' dir='ltr'><strong>celebratur</strong></span> <span class='ocrx_word' id='word_1_842' title='bbox 956 5624 1061 5677; x_wconf 90' lang='lat' dir='ltr'><strong>hoc</strong></span> <span class='ocrx_word' id='word_1_843' title='bbox 1096 5621 1166 5675; x_wconf 89' lang='lat' dir='ltr'><strong>ob</strong></span> <span class='ocrx_word' id='word_1_844' title='bbox 1207 5620 1423 5689; x_wconf 89' lang='lat' dir='ltr'><strong>aliquod</strong></span> <span class='ocrx_word' id='word_1_845' title='bbox 1460 5619 1652 5675; x_wconf 77' lang='lat' dir='ltr'><strong>festum</strong></span> <span class='ocrx_word' id='word_1_846' title='bbox 1695 5619 1779 5674; x_wconf 76' lang='lat' dir='ltr'><strong>vel</strong></span> <span class='ocrx_word' id='word_1_847' title='bbox 1813 5621 1954 5675; x_wconf 91' lang='lat' dir='ltr'><strong>inter</strong></span> <span class='ocrx_word' id='word_1_848' title='bbox 1987 5619 2105 5674; x_wconf 78' lang='lat' dir='ltr'><strong>dies</strong></span> 
     </span>
    </p>
   </div>
   <div class='ocr_carea' id='block_1_108' title="bbox 534 5711 2108 5781">
    <p class='ocr_par' dir='ltr' id='par_1_108' title="bbox 534 5711 2108 5781">
     <span class='ocr_line' id='line_1_108' title="bbox 534 5711 2108 5781; baseline 0 -17"><span class='ocrx_word' id='word_1_849' title='bbox 534 5712 892 5767; x_wconf 85' lang='lat' dir='ltr'><strong>Dominicam.</strong></span> <span class='ocrx_word' id='word_1_850' title='bbox 945 5715 1002 5767; x_wconf 87' lang='lat' dir='ltr'><strong>1n</strong></span> <span class='ocrx_word' id='word_1_851' title='bbox 1057 5713 1439 5766; x_wconf 90' lang='lat' dir='ltr'><strong>communibus</strong></span> <span class='ocrx_word' id='word_1_852' title='bbox 1502 5712 1644 5765; x_wconf 88' lang='lat' dir='ltr'><strong>enim</strong></span> <span class='ocrx_word' id='word_1_853' title='bbox 1697 5711 1969 5781; x_wconf 86' lang='lat' dir='ltr'><strong>plerisque</strong></span> <span class='ocrx_word' id='word_1_854' title='bbox 2025 5713 2108 5766; x_wconf 87' lang='lat' dir='ltr'><strong>in-</strong></span> 
     </span>
    </p>
   </div>
   <div class='ocr_carea' id='block_1_109' title="bbox 533 5802 2105 5873">
    <p class='ocr_par' dir='ltr' id='par_1_109' title="bbox 533 5802 2105 5873">
     <span class='ocr_line' id='line_1_109' title="bbox 533 5802 2105 5873; baseline -0.002 -12"><span class='ocrx_word' id='word_1_855' title='bbox 533 5802 786 5861; x_wconf 64' lang='lat' dir='ltr'><strong>diluimus</strong></span> <span class='ocrx_word' id='word_1_856' title='bbox 820 5807 934 5860; x_wconf 82' lang='lat' dir='ltr'><strong>sine</strong></span> <span class='ocrx_word' id='word_1_857' title='bbox 968 5806 1373 5860; x_wconf 74' lang='lat' dir='ltr'><strong>intermissione</strong></span> <span class='ocrx_word' id='word_1_858' title='bbox 1439 5804 1673 5873; x_wconf 80' lang='lat' dir='ltr'><strong>psalmos</strong></span> <span class='ocrx_word' id='word_1_859' title='bbox 1722 5805 1907 5873; x_wconf 67' lang='lat' dir='ltr'><strong>prium</strong></span> <span class='ocrx_word' id='word_1_860' title='bbox 1961 5806 2105 5858; x_wconf 73' lang='lat' dir='ltr'><strong>bone</strong></span> 
     </span>
    </p>
   </div>
   <div class='ocr_carea' id='block_1_110' title="bbox 2625 5518 3381 5592">
    <p class='ocr_par' dir='ltr' id='par_1_110' title="bbox 2625 5518 3381 5592">
     <span class='ocr_line' id='line_1_110' title="bbox 2625 5518 3381 5592; baseline -0.005 -14"><span class='ocrx_word' id='word_1_861' title='bbox 2625 5523 2762 5592; x_wconf 80' lang='grc' dir='ltr'><strong>Περὶ</strong></span> <span class='ocrx_word' id='word_1_862' title='bbox 2793 5522 2904 5590; x_wconf 83' lang='grc' dir='ltr'><strong>τῆς</strong></span> <span class='ocrx_word' id='word_1_863' title='bbox 2937 5520 3171 5588; x_wconf 82' lang='grc' dir='ltr'><strong>πρώτης</strong></span> <span class='ocrx_word' id='word_1_864' title='bbox 3204 5518 3381 5587; x_wconf 82' lang='grc' dir='ltr'><strong>ὥρας.</strong></span> 
     </span>
    </p>
   </div>
   <div class='ocr_carea' id='block_1_111' title="bbox 2285 5610 3793 5684">
    <p class='ocr_par' dir='ltr' id='par_1_111' title="bbox 2285 5610 3793 5684">
     <span class='ocr_line' id='line_1_111' title="bbox 2285 5610 3793 5684; baseline -0.001 -14"><span class='ocrx_word' id='word_1_865' title='bbox 2285 5618 2394 5670; x_wconf 80' lang='grc' dir='ltr'><strong>Καὶ</strong></span> <span class='ocrx_word' id='word_1_866' title='bbox 2425 5615 2585 5669; x_wconf 74' lang='grc' dir='ltr'><strong>τοῦτό</strong></span> <span class='ocrx_word' id='word_1_867' title='bbox 2630 5631 2695 5684; x_wconf 85' lang='grc' dir='ltr'><strong>γε</strong></span> <span class='ocrx_word' id='word_1_868' title='bbox 2752 5613 2943 5684; x_wconf 80' lang='grc' dir='ltr'><strong>ἑορτῆς</strong></span> <span class='ocrx_word' id='word_1_869' title='bbox 2982 5629 3126 5675; x_wconf 86' lang='grc' dir='ltr'><strong>τινος</strong></span> <span class='ocrx_word' id='word_1_870' title='bbox 3166 5610 3356 5680; x_wconf 78' lang='grc' dir='ltr'><strong>οὔσης,</strong></span> <span class='ocrx_word' id='word_1_871' title='bbox 3389 5613 3421 5683; x_wconf 83' lang='grc' dir='ltr'>ἢ</span> <span class='ocrx_word' id='word_1_872' title='bbox 3454 5616 3552 5680; x_wconf 82' lang='grc' dir='ltr'><strong>τῆς</strong></span> <span class='ocrx_word' id='word_1_873' title='bbox 3579 5614 3793 5684; x_wconf 80' lang='grc' dir='ltr'><strong>Κυρίας</strong></span> 
     </span>
    </p>
   </div>
   <div class='ocr_carea' id='block_1_112' title="bbox 2215 5705 3794 5779">
    <p class='ocr_par' dir='ltr' id='par_1_112' title="bbox 2215 5705 3794 5779">
     <span class='ocr_line' id='line_1_112' title="bbox 2215 5705 3794 5779; baseline -0.004 -14"><span class='ocrx_word' id='word_1_874' title='bbox 2215 5712 2323 5764; x_wconf 87' lang='grc' dir='ltr'><strong>τῶν</strong></span> <span class='ocrx_word' id='word_1_875' title='bbox 2355 5709 2602 5779; x_wconf 70' lang='grc' dir='ltr'><strong>ἡμερῶν.</strong></span> <span class='ocrx_word' id='word_1_876' title='bbox 2640 5709 2730 5760; x_wconf 78' lang='grc' dir='ltr'><strong>Ἐν</strong></span> <span class='ocrx_word' id='word_1_877' title='bbox 2777 5708 2833 5761; x_wconf 84' lang='grc' dir='ltr'><strong>δὲ</strong></span> <span class='ocrx_word' id='word_1_878' title='bbox 2888 5709 3005 5769; x_wconf 79' lang='grc' dir='ltr'><strong>ταῖς</strong></span> <span class='ocrx_word' id='word_1_879' title='bbox 3056 5707 3261 5767; x_wconf 81' lang='grc' dir='ltr'><strong>κοιναῖς</strong></span> <span class='ocrx_word' id='word_1_880' title='bbox 3307 5723 3368 5758; x_wconf 88' lang='grc' dir='ltr'><strong>τε</strong></span> <span class='ocrx_word' id='word_1_881' title='bbox 3423 5707 3513 5758; x_wconf 69' lang='grc' dir='ltr'><strong>καὶ</strong></span> <span class='ocrx_word' id='word_1_882' title='bbox 3553 5705 3794 5760; x_wconf 81' lang='grc' dir='ltr'><strong>πλείοσιν</strong></span> 
     </span>
    </p>
   </div>
   <div class='ocr_carea' id='block_1_113' title="bbox 2217 5796 3787 5873">
    <p class='ocr_par' dir='ltr' id='par_1_113' title="bbox 2217 5796 3787 5873">
     <span class='ocr_line' id='line_1_113' title="bbox 2217 5796 3787 5873; baseline -0.003 -17"><span class='ocrx_word' id='word_1_883' title='bbox 2217 5804 2551 5873; x_wconf 71' lang='grc' dir='ltr'><strong>ίπιφέρομεν</strong></span> <span class='ocrx_word' id='word_1_884' title='bbox 2586 5799 2783 5871; x_wconf 74' lang='grc' dir='ltr'><strong>ἑφεξῆς</strong></span> <span class='ocrx_word' id='word_1_885' title='bbox 2812 5799 2936 5862; x_wconf 74' lang='grc' dir='ltr'><strong>τοὺς</strong></span> <span class='ocrx_word' id='word_1_886' title='bbox 2969 5798 3067 5868; x_wconf 80' lang='grc' dir='ltr'><strong>τῆς</strong></span> <span class='ocrx_word' id='word_1_887' title='bbox 3091 5796 3313 5865; x_wconf 79' lang='grc' dir='ltr'><strong>ποώτης</strong></span> <span class='ocrx_word' id='word_1_888' title='bbox 3345 5797 3492 5861; x_wconf 82' lang='grc' dir='ltr'><strong>ὥρας</strong></span> <span class='ocrx_word' id='word_1_889' title='bbox 3515 5797 3787 5867; x_wconf 76' lang='grc' dir='ltr'><strong>ψαλμοὺς,</strong></span> 
     </span>
    </p>
   </div>
  </div>
