4152 6280
310 366 459 435 1181

1229 379 1467 441 MARCI
1510 379 1889 441 EUGENlCl
1944 381 2042 443 DE
2084 383 2330 447 OFFlC.
2361 386 2672 448 ECCLES.

3468 390 3608 456 1182

305 495 537 558 οξιιείως
599 497 776 566 δήπου
824 501 917 553 uel.
948 500 1149 563 αὐτοὺς
1205 500 1449 570 ἔχοντας.
1477 533 1545 544 ——
1584 501 1659 555 Τὰ
1683 501 1922 571 ῥήματά

2031 509 2080 557 et
2118 502 2264 572 ipsos
2289 505 2498 561 scilicet
2524 506 2686 574 vulgo
2705 520 2763 560 sc
2791 506 3073 562 habentes.
3103 538 3168 550 -—
3185 507 3352 563 Verba
3380 525 3514 562 mea.
3537 541 3608 551 —-

307 603 454 649 μου.
490 617 566 628 —
605 590 663 643 Ὀ
704 591 802 660 μὲν
830 593 938 662 γάρ
962 610 1120 662 φησι,
1159 592 1230 646 Τὸ
1264 593 1417 660 πρωῒ
1434 593 1773 662 εὶσακούσῃ
1810 594 1920 662 τῆς

307 680 534 748 φωνῆς
594 699 733 750 μου,
788 685 853 736 τὸ
908 686 1061 754 πρωϊ
1111 685 1586 753 παραστήσομαι
1635 698 1765 750 σοι,
1820 685 1918 739 καὶ

307 771 531 842 meum
580 793 658 844 με
694 805 762 816 -—-
793 775 970 844 Κύριε
1015 777 1357 846 καταφυγὴ,
1387 805 1457 818 —~
1487 778 1514 827 ὁ
1552 776 1629 841 δὲ,
1668 777 1739 830 Τὸ
1769 777 1922 842 πρωῒ

307 863 465 919 ὡσεὶ
522 869 682 934 χλόη
737 869 1058 937 παρέλθοι,
1101 869 1200 923 καὶ
1249 871 1320 922 τὰ
1374 869 1519 938 ἔργα
1549 868 1670 922 τῶν
1708 870 1920 938 χειρῶν

307 959 494 1027 ἡμῶν
534 963 914 1016 κατεύθυνον
951 963 1046 1031 ἐφ’
1081 962 1272 1031 ἡμᾶς,
1324 962 1424 1016 καὶ
1479 963 1544 1016 τὸ
1587 960 1770 1031 ἔργον
1801 961 1920 1014 τῶν

306 1051 540 1119 χειρῶν
576 1051 746 1121 ἡμῶν
768 1055 1165 1109 κατεύθυνον.
1187 1084 1256 1094 -—
1291 1055 1514 1108 Ἔλεον
1537 1054 1634 1107 καὶ
1668 1055 1872 1120 κρίσιν
1903 1070 1917 1084 ο

305 1172 378 1182 --
399 1145 426 1194 ὁ
454 1144 514 1195 δέ
540 1161 604 1210 γε
634 1143 842 1205 λοιπὸς,
874 1143 978 1206 Εἰς
1001 1141 1108 1208 τὰς
1135 1143 1362 1210 πρωΐας
1385 1142 1748 1197 ἀπέκτεινον
1765 1141 1919 1195 πάν-

306 1251 422 1299 τας
459 1234 612 1300 τοὺς
640 1234 1032 1303 ἁμαρτωλοὺς
1061 1233 1170 1302 τῆς
1198 1233 1335 1302 τῆς.
1357 1262 1419 1274 -—
1450 1233 1604 1298 Δόξα
1645 1233 1920 1301 (hirpi.—

307 1326 562 1388 Τούτους
595 1327 1096 1395 ἑπισφραγίζοντες
1131 1327 1218 1380 διὰ
1250 1326 1348 1395 τῆς
1400 1326 1668 1393 συνήθους
1706 1325 1917 1391 605015—

308 1423 445 1486 γξας
480 1436 544 1471 τε
579 1421 673 1472 καὶ
702 1419 798 1470 τοῦ
832 1418 952 1470 Ἀλλ
966 1417 1182 1488 ηλούῖα.
1217 1447 1285 1460 --
1347 1419 1409 1472 Τί
1435 1434 1509 1472 σε
1546 1417 1919 1486 καλέσωμεν.

309 1544 386 1554 -
425 1513 748 1581 Τροπάριόν
773 1528 825 1564 τι
867 1512 1164 1582 ἐπᾴδομεν,
1205 1512 1302 1566 καὶ
1337 1511 1614 1565 θεοτὸκιιον
1651 1511 1827 1574 αὖθις.
1854 1541 1923 1550 —-

315 1607 397 1660 Τὰ
429 1603 776 1673 διαδήματά
796 1621 936 1673 μου.
965 1631 1031 1643 -
1060 1605 1170 1660 Καὶ
1198 1605 1526 1674 διορίζοντες
1557 1604 1731 1657 ταῦτα
1766 1605 1922 1675 μέρει

309 1697 428 1748 τινὶ
483 1695 641 1765 παρὰ
695 1693 806 1748 τῶν
859 1694 1093 1764 ψαλμῶν
1143 1697 1505 1766 εἰλημμένω,
1571 1695 1923 1766 καταλλήλως

311 1787 506 1855 ἔχοντι
539 1787 678 1857 πρδς
703 1789 804 1857 τὴν
835 1786 1007 1857 ὥραν,
1066 1786 1367 1857 ἀρξάμενοι
1406 1787 1587 1850 πάλιν,
1622 1789 1924 1856 Τρισάγιόν

2027 592 2176 648 Unus
2206 595 2346 645 enim
2375 596 2540 651 dicit:
2573 596 2732 650 Mane
2755 600 3002 651 exaudies
3033 615 3199 652 rore."
3233 616 3424 664 meam,
3451 616 3608 654 mane

2022 687 2210 739 astabo
2251 689 2346 741 tibi
2372 697 2422 742 et
2469 690 2668 743 ridebo.
2697 720 2765 729 —
2796 690 3017 744 Damine
3051 692 3343 760 refugium;
3375 721 3442 734 -—
3471 694 3607 746 alter

2023 793 2153 832 vero
2182 794 2198 828 :
2232 778 2388 834 Mane
2404 781 2537 834 sicut
2557 781 2719 836 herba
2747 791 3017 844 transeat;
3040 796 3115 849 ct,
3150 783 3323 854 Opera
3350 800 3604 837 manuum
3656 781 3661 820 ῖ

2024 878 2329 924 nostrarum
2357 873 2522 943 dirige
2551 891 2712 944 super
2735 893 2850 938 nos,
2884 888 2932 930 et
2958 893 3088 945 opus
3120 895 3374 931 manuum
3400 889 3604 932 nostra-

2024 977 2142 1014 rum
2163 963 2354 1032 dirige.
2381 995 2450 1004 —
2482 963 2914 1022 Misericordiam
2975 980 3023 1022 el
3055 969 3341 1038 judicium.
3379 970 3478 1037 Qui
3513 988 3609 1024 au-

2025 1061 2130 1105 tem
2162 1065 2435 1124 superest,
2475 1055 2536 1110 In
2571 1060 2836 1112 matutino
2871 1061 3253 1130 inter/Sciebam
3278 1078 3454 1116 omnes
3492 1079 3608 1129 rec-

2023 1157 2232 1200 catores
2265 1157 2438 1201 terr-te.
2469 1179 2540 1189 —
2567 1150 2753 1204 Gloria
2787 1150 2941 1204 Patri
2969 1168 3072 1218 ;—-
3101 1151 3201 1207 hos
3223 1153 3608 1206 concludentes

2024 1237 2184 1294 solita
2237 1239 2522 1310 doxologia
2562 1249 2616 1296 et
2652 1242 2912 1297 Alleluia.
2937 1272 3006 1282 —
3036 1243 3179 1307 Quid
3205 1255 3254 1297 te
3286 1245 3607 1298 invocaveri-

2025 1346 2165 1389 mus.
2193 1360 2265 1369 —
2291 1335 2590 1400 troparium
2619 1334 2894 1404 quoddam
2927 1335 3183 1391 addimus
3215 1346 3520 1398 cantantes.
3556 1347 3608 1390 et

2024 1420 2092 1474 de
2135 1420 2301 1476 Matre
2336 1424 2426 1478 Dei
2475 1441 2689 1482 rursus.
2724 1458 2792 1468 —
2825 1429 3044 1486 Cressus
3079 1448 3241 1486 meos.
3277 1463 3343 1472 ———
3375 1431 3513 1486 Tum
3545 1448 3606 1486 ea

2027 1512 2476 1571 interscindimus
2495 1518 2678 1588 aliqua
2703 1530 2854 1588 parte
2885 1537 2946 1576 ex
2983 1525 3205 1594 psalmis
3237 1532 3451 1593 sumpta
3485 1535 3609 1593 apte

2028 1620 2087 1660 se
2124 1605 2356 1661 habente
2386 1610 2450 1662 ad
2483 1611 2694 1674 horam,
2733 1629 2927 1669 rursus
2975 1617 3295 1673 inchoantes
3341 1628 3393 1672 et
3423 1616 3610 1670 Trisa-

2028 1696 2153 1766 gion
2179 1708 2234 1752 et
2256 1715 2377 1768 quae
2406 1713 2716 1770 sequuntur
2751 1709 3024 1772 canimus,
3048 1717 3101 1763 et
3153 1710 3383 1770 alterum
3424 1719 3606 1780 tropa-

2032 1789 2171 1842 riutn
2205 1788 2402 1846 iterum
2440 1797 2668 1860 tempori
2692 1798 2902 1853 seilicet
2941 1814 3271 1871 congruens,
3306 1803 3606 1873 statimque

311 1896 375 1931 τε
410 1879 512 1932 καὶ
542 1879 608 1931 τὰ
633 1880 761 1950 ἑξῆς
789 1880 1013 1951 ᾄδομεν,
1061 1881 1155 1933 καὶ
1191 1883 1495 1950 τροπάριον
1535 1879 1723 1949 ἕτερον
1762 1879 1917 1944 αὖθις

2031 1893 2231 1946 preces,
2263 1913 2332 1924 —
2372 1883 2475 1949 Qui
2507 1888 2562 1938 in
2593 1890 2737 1941 omni
2775 1899 3027 1954 tenzpore,
3073 1923 3144 1933 —-
3173 1905 3224 1947 et
3256 1910 3601 1949 communem

312 1973 397 2040 τῷ
437 1971 626 2042 καιρῷ
659 1972 832 2040 δήπου
866 1973 1170 2042 προσῆκον,
1206 1973 1300 2024 καὶ
1349 1971 1549 2040 ἑφεξῆς
1585 1971 1686 2033 τὰς
1720 1971 1911 2040 εὐχᾶς,

311 2063 472 2115 -Ὀ
505 2063 580 2115 ἐν
622 2063 801 2116 παντὶ
853 2063 1039 2129 καιρῷ
1079 2093 1146 2102 -
1179 2063 1278 2130 τήν
1326 2079 1388 2114 τε
1421 2062 1631 2132 κοινὴν,
1683 2063 1776 2116 καὶ
1817 2062 1916 2126 τὰς

313 2153 462 2217 ἰδίας
488 2154 591 2223 τῆς
621 2152 868 2223 πρώτης,
900 2149 974 2208 ὧν
1003 2155 1095 2208 καὶ
1121 2153 1204 2218 τὸ,
1237 2155 1436 2222 Κύριε,
1468 2155 1750 2222 ἐλέησον,
1781 2173 1914 2226 προ·

310 2249 588 2301 τέτακται
640 2248 1187 2317 τεσσαρακοντάκις·
1221 2249 1317 2300 καὶ
1375 2247 1806 2318 μεσολαϐοὖντςιι
1858 2247 1916 2301 δὲ

309 2333 487 2394 αὗται
531 2340 626 2393 τὸν
657 2342 952 2410 εἰρημένον
1005 2342 1228 2410 τρόπον,
1278 2342 1373 2394 καὶ
1425 2339 1570 2394 οὕτω
1615 2341 1920 2410 ποιούμεθα

309 2436 416 2503 τὴν
449 2433 744 2488 ἀπόλυσιν.
783 2433 849 2487 Ἦ
875 2433 930 2486 δὲ
965 2433 1196 2488 καθόλου
1231 2433 1380 2487 αἰτία
1409 2433 1508 2502 τῆς
1535 2435 1594 2486 ὲν
1621 2436 1689 2504 τῇ
1721 2433 1917 2504 πρώτῃ

311 2525 440 2596 ὥρᾳ
492 2526 703 2598 ταύτης
737 2525 1066 2598 ύμνολογίας
1105 2529 1165 2581 τὸ
1209 2528 1321 2582 δεῖν
1366 2529 1514 2598 ἡμᾶς
1566 2526 1916 2596 ἀπάρχεσθαι

2022 1979 2076 2025 ct
2110 1975 2361 2043 proprias
2416 1978 2563 2033 horse
2599 1979 2825 2048 primae;
2861 1992 3043 2048 postea
3079 1993 3128 2038 et
3185 1987 3364 2053 Kyrie,
3409 1986 3606 2039 eleison

2025 2065 2454 2136 praedisponitur
2485 2072 2834 2142 quadragies.
2883 2073 2972 2127 lla:
3003 2092 3131 2128 vero
3165 2076 3608 2131 intermittuntur

2022 2155 2178 2224 juxta
2201 2159 2519 2224 praedictum
2557 2164 2803 2229 modum,
2831 2175 2884 2218 et
2919 2170 2999 2218 sic
3027 2167 3385 2222 absolvimus.
3426 2166 3606 2221 Causa

2027 2257 2213 2304 autem
2253 2252 2478 2306 omnino
2510 2261 2593 2308 est
2649 2255 2811 2324 hujus
2858 2256 3189 2313 laudationis
3223 2258 3396 2328 prima
3445 2259 3602 2321 hora,

2025 2341 2169 2410 quod
2211 2354 2460 2411 oporteat
2493 2361 2592 2400 nos
2641 2361 2670 2400 a
2699 2347 2808 2402 Deo
2863 2349 3120 2404 inchoare
3153 2352 3206 2404 in
3241 2352 3346 2405 vita
3398 2352 3604 2420 primos

2025 2439 2210 2486 motus
2227 2441 2277 2488 et
2307 2434 2480 2504 prima
2505 2451 2691 2506 opera,
2716 2447 2769 2492 et
2793 2454 2888 2508 pro
2916 2448 3024 2494 tota
3061 2441 3147 2496 die
3171 2442 3351 2496 statim
3378 2457 3408 2496 a
3431 2456 3607 2511 prooe-

2025 2539 2152 2578 mus
2179 2540 2361 2582 orare.

311 2616 394 2684 τῷ
422 2615 554 2687 Θεῷ
573 2617 660 2670 διὰ
695 2618 810 2687 βίου
833 2619 942 2673 τῶν
964 2619 1200 2692 πρώτων
1223 2619 1547 2692 κινημάτων
1579 2619 1673 2672 καὶ
1706 2618 1903 2689 ἔργων,
1949 2618 2043 2672 καὶ
2080 2619 2214 2688 περὶ
2244 2619 2338 2673 τοῦ
2388 2620 2515 2674 ὅλου
2549 2620 2651 2691 τῆς
2687 2623 2904 2693 ἡμέρας
2969 2627 3031 2677 ἐκ
3081 2627 3384 2695 προοιμίων
3443 2625 3607 2687 εὐθὺς

315 2714 608 2786 εὕχεσθαι.

757 2813 894 2876 Περὶ
928 2809 1038 2877 τῆς
1070 2809 1277 2879 τρίτης
1311 2811 1488 2879 ὥρας.

393 2901 562 2954 Κατὰ
601 2900 701 2970 τὴν
736 2902 928 2971 τρίτην
969 2902 1026 2954 δὲ
1075 2902 1225 2972 ὥραν
1266 2905 1363 2972 τῆς
1399 2903 1694 2972 ὁμωνύμου
1747 2902 1922 2973 ταύτῃ

316 2991 675 3060 λειτουργίας
713 2991 1016 3062 ἀρχόμεθα·
1055 2993 1197 3044 κατὰ
1226 2992 1431 3063 ταύτην
1462 2994 1571 3062 γὰρ
1604 2991 1924 3061 ἐπεδήμησε

317 3085 383 3137 τὸ
412 3083 693 3151 πανάγιον
727 3083 952 3150 Πνεῦμα
986 3086 1100 3146 τοῖς
1128 3085 1451 3148 ἀποστόλοις
1478 3086 1534 3136 ἐν
1557 3085 1690 3137 efﬁat
1724 3085 1922 3153 πυρός.

2598 2807 2674 2861 De
2705 2809 2862 2862 tertia
2890 2809 3042 2862 liora.

2098 2898 2282 2954 Tertia
2307 2913 2442 2954 vero
2469 2899 2603 2955 hora
2623 2899 2788 2968 hujus
2819 2901 3054 2955 nominis
3085 2901 3359 2970 liturgiam
3383 2903 3608 2957 inrhoa-
3699 2964 3702 2966 _

2027 3005 2172 3046 mus.
2209 2991 2321 3045 llac
2349 2991 2491 3046 enim
2534 2990 2776 3062 Spiritus
2826 3003 3049 3048 sanctus
3081 2996 3133 3046 in
3177 2995 3455 3061 apostolos
3488 3011 3609 3066 spe-

2026 3081 2109 3136 cie
2138 3081 2279 3149 ignis
2299 3082 2469 3136 venit.
2504 3082 2653 3137 Ordo
2682 3083 2900 3151 quidem
2927 3085 3240 3138 communis
3258 3083 3324 3137 ad
3357 3101 3606 3140 normam

329 3177 399 3228 'll
440 3176 546 3244 μὲν
581 3170 676 3226 οὖν
723 3173 878 3239 τάξις
910 3174 1064 3243 κοινὴ
1102 3174 1239 3244 πρὸς
1281 3177 1380 3245 τὴν
1416 3175 1666 3245 πρώτην,
1709 3176 1819 3228 ἴδια
1869 3176 1923 3228 δὲ

2031 3171 2221 3240 prima:
2260 3181 2338 3226 est
2362 3189 2380 3240 ;
2423 3173 2711 3240 peculiaris
2745 3187 2873 3228 vero
2921 3174 3082 3228 habet
3134 3185 3186 3229 et
3227 3177 3465 3244 psalmos
3514 3180 3606 3246 qui

317 3270 376 3321 oi
409 3284 467 3320 τε
503 3265 712 3335 ψαλμοὶ
743 3265 1199 3337 κάνταῦθατιρεῖς
1235 3266 1406 3329 ὄντες,
1441 3267 1508 3318 τὰ
1533 3267 1812 3338 τρο-πάριά
1836 3284 1920 3334 τε,

321 3362 420 3412 καὶ
453 3360 513 3411 αἱ
556 3357 650 3410 ἐπὶ
681 3357 895 3420 τούτοις
923 3359 1102 3428 εὐχαὶ,
1134 3359 1233 3428 τῆς
1278 3357 1370 3412 τοῦ
1406 3359 1564 3426 ἁγίου
1602 3358 1924 3430 Πνεύματος

322 3452 644 3520 παρουσίας
668 3450 744 3512 ὡς
776 3453 837 3503 τὸ
868 3451 1016 3513 εἰκὸς
1051 3452 1401 3522 μεμνημένα,
1436 3453 1526 3506 καὶ
1563 3452 1793 3522 δεόμενα
1824 3454 1925 3525 τὴν

322 3545 494 3598 αὑτοῦ
538 3546 697 3614 χάριν
751 3544 1156 3610 εἰσοικισθῆναι
1209 3547 1304 3599 καὶ
1358 3547 1416 3598 ἐν
1467 3547 1623 3615 ἡμῖν,
1666 3540 1699 3621 ᾖ
1749 3547 1923 3618 δήπου

322 3639 422 3690 καὶ
465 3638 516 3689 ol
561 3635 769 3707 ψαλμοὶ
823 3637 1162 3706 κατάλληλον
1217 3637 1434 3708 ἔχουσιν
1495 3639 1576 3702 εις
1613 3640 1924 3709 προσευχὴν

321 3728 563 3798 ἀρίστην
597 3728 971 3798 ἐξειλεγμένοι
1026 3759 1096 3768 -
1128 3729 1525 3784 Εῑσάκουσον
1546 3769 1560 3792 ,
1607 3731 1785 3798 Κύριε
1809 3771 1825 3795 ,
1858 3761 1924 3771 -

321 3824 350 3874 ὁ
380 3822 483 3890 μὲν
510 3821 732 3890 πρῶτος
770 3821 853 3886 τὸ,
885 3823 1395 3891 Χορτασθήσομαι
1435 3822 1504 3875 ἐν
1539 3821 1616 3887 τῷ
1659 3821 1925 3891 ὀφθῆναί

319 3931 424 3983 μοι
471 3912 593 3980 τὴν
635 3896 830 3977 δόξαν
870 3929 1010 3968 σου.
1035 3943 1104 3952 -
1137 3913 1294 3980 Πρὸς
1325 3913 1419 3976 σὲ,
1467 3914 1666 3981 Κύριε,
1695 3910 1831 3982 ἦρα·
1856 3936 1934 3956 -·

322 4009 351 4059 ὁ
385 4005 643 4075 δεύτερος
667 4005 725 4059 δὲ
756 4006 840 4070 τι,
874 4004 1282 4074 Νομοθετήσει
1308 4004 1470 4070 αὐτῷ
1493 4005 1564 4057 ἐν
1589 4004 1706 4070 ὀδῷ
1728 3999 1768 4076 ᾗ
1799 4007 1926 4074 ᾑρε-

329 4104 566 4156 τίσατο.
599 4130 669 4142 -
704 4100 1010 4166 Ἐλέησόν
1053 4115 1150 4168 με,
1183 4103 1216 4152 ὀ
1243 4099 1390 4164 Θεὸς
1415 4140 1431 4165 ,
1461 4128 1531 4140 —
1565 4101 1657 4153 καὶ
1683 4099 1712 4150 ὁ
1741 4099 1926 4167 τρίτος

326 4198 409 4258 τὸ,
446 4194 720 4262 Καρδίαν
771 4192 1044 4261 καθαρὰν
1097 4192 1317 4246 κτίσον
1363 4192 1434 4245 ἐν
1467 4192 1621 4261 ἐμοὶ,
1663 4196 1698 4247 ὁ
1754 4193 1922 4259 Θεὸς,

241 4293 246 4296 ’
329 4289 429 4343 καὶ
471 4289 714 4357 πνεῦμα
748 4285 924 4352 εὐθὲς
976 4285 1330 4356 ἐγκαίνισον
1361 4287 1432 4340 ἐν
1476 4285 1603 4353 τοῖς
1649 4285 1925 4360 ἐγκάτοις

324 4399 470 4450 μου,
502 4379 597 4434 καὶ
628 4381 728 4432 ὅσα
761 4378 913 4446 ἑξῆς.
1756 4370 1760 4375 ”

778 4470 920 4541 Περὶ
953 4468 1060 4538 τῆς
1083 4469 1266 4538 ἕκτης
1291 4470 1469 4539 ὥρας.

2035 3263 2123 3318 hic
2147 3278 2366 3334 quoque
2397 3272 2507 3320 tres
2528 3274 2677 3329 stmt,
2709 3275 2763 3320 et
2789 3266 3054 3335 tropon-ia,
3091 3275 3144 3320 et
3176 3276 3361 3334 postea
3402 3283 3609 3337 preces.

2033 3356 2163 3421 Quae
2195 3364 2252 3409 ut
2284 3357 2439 3411 decet
2461 3358 2832 3411 meminerunt
2860 3359 3127 3411 adventus
3161 3357 3404 3426 Spiritus
3435 3362 3610 3414 sancti
3638 3378 3642 3381 ’

2032 3456 2085 3502 et
2114 3457 2307 3518 rogant
2331 3458 2389 3502 nt
2417 3449 2592 3518 gratia
2623 3449 2744 3518 ejus
2784 3449 2837 3502 in
2869 3448 3028 3504 nobis
3062 3464 3280 3518 quoque
3318 3449 3610 3517 inhabitet,

2032 3541 2097 3594 ad
2127 3543 2270 3610 quod
2301 3556 2432 3598 sane
2465 3552 2520 3597 et
2552 3541 2744 3610 psalmi
2777 3542 3165 3597 convenienter
3193 3557 3252 3597 se
3289 3542 3513 3608 habent,
3541 3544 3609 3598 ad

2035 3634 2295 3704 optimam
2322 3649 2534 3703 precem
2566 3634 2777 3690 selecti.
2797 3664 2865 3675 —
2887 3634 3119 3698 Exaudi,
3141 3633 3380 3688 Domine.
3402 3665 3470 3674 —
3488 3633 3611 3688 Pri-

2033 3742 2156 3782 mus
2191 3727 2410 3796 quidem
2455 3728 2551 3782 id:
2597 3727 2854 3782 Satiabor
2885 3743 3004 3780 cum
3065 3727 3373 3796 apparuerit
3434 3727 3610 3797 gloria

2034 3828 2146 3872 tua.
2180 3846 2258 3858 -ο
2304 3818 2384 3872 Ad
2429 3827 2498 3882 te,
2533 3819 2777 3881 Domine,
2809 3819 3010 3882 levavi;
3033 3845 3100 3856 —
3131 3817 3401 3872 secundus
3426 3827 3609 3873 autem

2033 3913 2138 3966 hoc
2164 3929 2177 3965 :
2213 3911 2398 3982 Legem
2422 3921 2621 3966 statuet
2648 3915 2696 3966 ei
2718 3913 2772 3966 in
2789 3913 2873 3966 via
2903 3928 3061 3980 quam
3089 3910 3337 3980 elegit.——
3362 3909 3614 3965 Miserere

2031 4009 2155 4070 mei,
2181 4006 2322 4060 Deus
2366 4022 2385 4060 :
2413 4036 2487 4050 -
2523 4016 2578 4061 et
2620 4007 2816 4061 tertius
2856 4005 2984 4059 illud
3014 4021 3029 4058 :
3071 4003 3177 4058 Cor
3202 4003 3454 4056 mundum
3489 4019 3614 4056 crea

2034 4102 2086 4154 in
2117 4116 2221 4164 me,
2253 4100 2414 4164 Deus,
2444 4109 2495 4154 et
2514 4102 2764 4168 spiritum
2797 4108 2996 4153 rectum
3022 4097 3215 4151 innova
3243 4098 3297 4151 in
3330 4096 3610 4153 visceribus

2033 4194 2187 4260 meis,
2220 4203 2274 4250 et
2302 4207 2424 4264 quae
2459 4203 2790 4265 sequuntur.

2597 4458 2672 4512 De
2709 4467 2859 4512 sexta
2891 4458 3044 4513 hora.

407 4565 472 4619 Τί
505 4564 714 4617 ἐστιτὰ
742 4563 840 4632 τῆς
884 4563 1053 4632 ἕκτης
1088 4561 1276 4634 ὧρας;
1322 4563 1599 4625 Ὡσαύτως
1641 4564 1734 4615 καὶ
1784 4563 1923 4616 αὐτὰ

2103 4554 2256 4622 Quod
2276 4554 2341 4608 ad
2362 4560 2567 4607 sextam
2594 4549 2807 4617 horam,
2824 4551 3016 4606 eodem
3040 4549 3204 4605 modo
3222 4558 3274 4606 et
3299 4551 3414 4618 ipsa
3431 4548 3613 4616 dispo-

332 4657 671 4725 τεταγμένα,
699 4656 862 4723 λόγον
897 4658 994 4726 μὲν
1022 4654 1207 4727 ἔχουσι
1235 4658 1337 4725 τὴν
1359 4655 1455 4709 τοῦ
1483 4655 1740 4724 Σωτῆρος
1769 4656 1926 4725 ἡμῶν

335 4754 390 4803 ἐν
437 4751 612 4820 ταύτῃ
646 4751 711 4818 τῇ
753 4749 876 4819 ὥρᾳ
909 4750 1290 4819 γεγενημένην
1319 4748 1671 4819 προσήλωσιν
1705 4745 1802 4799 ἐπὶ
1832 4745 1928 4799 τοῦ

339 4841 604 4913 σταυροῦ,
641 4842 731 4895 ναὶ
761 4841 826 4909 δὴ
859 4842 954 4894 καὶ
986 4842 1082 4904 τὰς
1117 4845 1174 4893 ὲν
1213 4840 1534 4912 μεσημϐρίᾳ
1558 4838 1653 4892 τοῦ
1688 4837 1928 4906 πονηροῦ

339 4939 436 4988 καὶ
472 4934 764 4989 ἐπιϐούλου
794 4935 894 5002 τῆς
923 4933 1068 5003 ζωῆς
1125 4933 1282 5004 ἡμῶν
1329 4933 1624 4996 ἐπιθέσεις,
1660 4932 1801 5000 τάχα
1841 4929 1932 4987 διὰ

341 5027 402 5079 τὸ
444 5027 744 5096 ἡσυχάζειν
771 5026 846 5089 ὡς
879 5027 947 5078 τὰ
1006 5026 1176 5079 πολλὰ
1223 5027 1348 5088 τοὺς
1401 5024 1724 5095 ἀνθρώπους
1755 5025 1810 5076 ἐν
1854 5021 1931 5092 τῷ

341 5121 518 5190 καιρῷ
544 5119 741 5188 τούτῳ,
790 5117 938 5173 καθὰ
967 5117 1105 5186 δῆτα
1157 5117 1252 5170 καὶ
1289 5117 1386 5182 τῆς
1424 5116 1617 5176 νυκτὸς
1643 5115 1744 5184 τῆς
1774 5115 1930 5167 ἀντι-

340 5215 602 5282 κειμένης
633 5211 920 5282 δυνάμεως
949 5209 1306 5281 ἐνεργούσης.
1333 5208 1474 5278 “po;
1499 5207 1590 5260 οὖν
1620 5209 1719 5271 τὰς
1749 5205 1931 5260 τοιαύ-

341 5322 438 5366 τας
460 5303 751 5366 ὑποθέσεις
777 5303 998 5357 ἅπαντα
1027 5302 1202 5368 νεύει,
1230 5301 1324 5354 καὶ
1354 5302 1402 5353 οἱ
1430 5299 1640 5368 ψαλμοὶ
1661 5298 1729 5353 τὰ
1753 5300 1931 5352 οἰκεῖα

343 5395 623 5464 φέρουσιν
658 5425 730 5436 -
769 5396 823 5448 Ὀ
859 5395 1028 5461 Θεὸς,
1077 5395 1146 5448 ἐν
1191 5393 1274 5458 τῷ
1317 5392 1572 5462 ὀνόματί
1617 5408 1735 5445 σου
1760 5407 1773 5420 ·
1813 5421 1875 5434 -ο
1903 5393 1932 5446 ὁ

342 5488 556 5556 πρῶτος
584 5491 683 5560 μὲν
711 5490 792 5554 τὸ,
822 5489 1164 5556 Ἀλλότριοι
1189 5485 1635 5552 ἐπανέστησαν
1665 5483 1760 5536 ἐπ’
1797 5483 1926 5552 ἐμὲ,

341 5580 439 5633 ual
467 5581 740 5650 xpatatol
771 5579 1075 5646 ἐζήτησαν
1100 5581 1218 5648 τὴν
1244 5577 1460 5648 ψυχήν
1483 5593 1627 5644 μου.
1656 5605 1728 5616 -
1757 5576 1931 5629 Ἐνώς

344 5689 522 5740 τισαι,
567 5677 600 5728 ὁ
648 5675 817 5740 Θεός·
845 5701 915 5712 ——
953 5676 980 5726 ὁ
1017 5671 1270 5742 δεύτερος
1321 5675 1402 5735 τὸ,
1471 5668 1770 5737 Ἐσπέρας
1833 5667 1933 5720 καὶ

341 5761 510 5828 πρωϊ,
536 5765 631 5817 καὶ
655 5765 1036 5832 μεσημϐρίας
1057 5761 1444 5829 διηγήσομαι,
1469 5759 1568 5814 καὶ
1589 5755 1927 5827 ἀπαγγελῶ,

344 5853 442 5906 καὶ
475 5857 901 5910 εὶσακούσεται
934 5853 1042 5923 τῆς
1070 5852 1279 5923 φωνῆς
1303 5871 1447 5924 μετὐ,
1486 5853 1577 5906 καὶ
1620 5850 1704 5922 τὸ,
1730 5851 1929 5917 Ἐπιβ-

2032 4649 2138 4703 sita
2191 4648 2460 4702 rationem
2503 4645 2708 4698 habent
2766 4652 2822 4698 et
2879 4642 3218 4698 Salvatorem
3255 4649 3507 4695 nostrum
3555 4642 3610 4694 in

2035 4755 2198 4794 cruce
2229 4740 2331 4794 hac
2372 4739 2502 4792 hora
2529 4737 2695 4790 lixum
2721 4745 2778 4792 et
2797 4746 2954 4792 certe
2988 4735 3316 4790 tentationes
3343 4734 3492 4799 mali,
3527 4734 3610 4787 in-

2033 4831 2423 4900 sidiatorisque
2464 4830 2588 4884 vita:
2620 4837 2822 4884 nostra:
2853 4827 3207 4892 meridianas,
3236 4826 3464 4882 fortasse
3484 4826 3610 4894 quia

2035 4938 2166 4983 tunc
2226 4926 2491 4996 temporis
2543 4925 2864 4996 plerumque
2913 4925 3205 4995 quiescunt
3254 4924 3500 4978 homines
3531 4923 3608 4976 u'i

2035 5029 2181 5075 certe
2214 5019 2325 5090 agit
2363 5018 2582 5075 inimica
2627 5019 2805 5070 noctis
2842 5025 3102 5085 potestas.
3135 5017 3216 5070 Ad
3262 5016 3402 5068 hanc
3445 5014 3612 5080 igitur

2037 5110 2197 5165 talem
2242 5107 2523 5162 materiam
2555 5106 2739 5159 omnia
2796 5114 3046 5175 vergunt,
3075 5114 3124 5159 et
3153 5103 3348 5174 psalmi
3393 5103 3614 5173 propria

2033 5201 2236 5255 ferunt.
2265 5227 2334 5237 —
2357 5196 2522 5261 Deus,
2548 5197 2604 5248 iu
2627 5196 2838 5248 nomine
2886 5204 2999 5248 tuo.
3031 5224 3101 5234 —
3139 5194 3355 5248 Primus
3387 5193 3608 5261 quidem

2035 5293 2178 5348 hoc:
2217 5291 2390 5346 Alieni
2421 5291 2820 5343 insurrexerunt
2867 5287 3146 5342 adversum
3194 5303 3297 5353 me,
3347 5295 3397 5340 et
3447 5287 3611 5352 fortes

2034 5385 2360 5457 quwsierunt
2385 5383 2618 5435 animam
2640 5397 2831 5436 meam.
2861 5409 2929 5419 —
2957 5378 3194 5443 Exaudi,
3228 5377 3390 5431 Deus.
3411 5407 3480 5416 —
3512 5377 3610 5430 Se-

2035 5479 2248 5532 cundus
2275 5475 2404 5530 illud
2433 5489 2447 5528 :
2490 5474 2713 5541 Vespere
2734 5483 2782 5527 et
2815 5488 2969 5526 mane
2996 5482 3042 5526 et
3064 5471 3279 5524 meridie
3301 5467 3533 5520 narrabo
3562 5477 3609 5520 et

2036 5567 2384 5633 aununtiabo,
2402 5576 2451 5620 et
2480 5566 2726 5620 exaudiet
2749 5580 2924 5618 vocem
2945 5579 3136 5622 nteant,
3162 5571 3216 5615 et
3240 5563 3406 5613 hocce
3431 5574 3441 5610 ε
3471 5557 3612 5612 Siste

2036 5678 2193 5731 super
2212 5660 2494 5714 Dominum
2519 5674 2705 5712 curam
2741 5666 2978 5720 tuam,et
3007 5657 3115 5723 ipse
3139 5663 3185 5706 te
3212 5652 3463 5717 enutriet,
3487 5667 3608 5703 nam

2036 5766 2160 5810 ante
2189 5754 2394 5807 cihunr.
2428 5782 2494 5798 σ-
2542 5750 2648 5816 Qui
2704 5749 2911 5802 habitat
2979 5747 3034 5799 in
3085 5743 3376 5811 adjutorio.
3411 5772 3476 5780 -—
3505 5742 3609 5808 ραι

2036 5859 2164 5908 vero
2189 5858 2438 5916 superem
2482 5849 2536 5899 et
2568 5840 2614 5898 is
2643 5839 2837 5896 tertius
2865 5838 2993 5898 illul
3029 5859 3038 5891 ;
3078 5834 3189 5888 Non
3230 5832 3436 5886 timebis
3474 5848 3506 5886 a
3543 5833 3611 5883 ti-
