4152 6280
541 397 676 463 1137

1968 387 2357 450 ΑΒΟΕΝΟΛ.

3666 367 3804 430 1188

538 518 724 572 carnis
781 517 889 574 Deo
949 517 1312 572 celebramus.
1368 512 1437 567 Et
1483 510 1575 565 hic
1619 509 1839 580 quidem
1894 507 2110 576 longior

2235 522 2302 559 ιιν
2332 503 2424 556 τοῦ
2464 502 2716 572 capulos),
2741 502 2817 569 τῷ
2861 501 2980 570 θεῷ
3012 491 3459 563 λῃτουργοῦμεν.
3503 488 3613 541 Καὶ
3647 480 3800 545 οὗτος

542 609 868 678 brmiorqtte
891 611 1140 678 estjuxta
1169 606 1285 660 dies
1323 621 1337 657 :
1373 605 1426 658 in
1453 577 1857 672 diebusjejunii
1896 608 2115 668 proten-

2235 600 2268 652 ἰὲ
2304 597 2638 670 μακρότερος
2664 612 2722 648 τε
2752 595 2847 648 κά
2882 593 3120 646 ἐλάττων
3147 587 3221 649 ὡς
3252 584 3386 652 πρὸς
3427 580 3527 642 τας
3567 577 3798 678 ἡμέρας

539 701 740 765 dimus,
775 701 827 754 in
861 701 1072 756 caneris
1100 698 1503 753 contrahimus.
1533 693 1598 749 Et
1629 693 1823 763 psalmi
1857 691 1999 746 terni
2033 691 2108 743 ibi

542 809 783 867 quoque,
819 803 874 845 ut
905 793 1114 846 dictum
1160 801 1264 852 est,
1324 789 1748 858 interponuntur
1789 795 1845 840 et
1895 784 2115 839 doxolo-

544 885 647 952 giis
691 896 744 940 et
790 885 1047 954 ll‘opuriis
1114 897 1216 938 suo
1256 883 1395 944 loco.
1455 881 1596 935 sicut
1639 889 1690 933 et
1749 878 2006 947 precibus
2061 885 2116 931 et

542 977 864 1043 quibusdam
905 977 1047 1028 aliis.
1084 1004 1152 1014 —
1209 973 1343 1028 Cum
1389 974 1712 1026 invocarem.
1757 1000 1824 1012 —
1875 969 2114 1023 Primum

543 1069 711 1132 igitur
735 1067 916 1121 videre
947 1077 1029 1122 est
1063 1066 1207 1134 quod
1245 1066 1480 1120 maxime
1541 1065 1777 1132 tempori
1832 1071 1991 1130 aptus
2023 1061 2116 1126 sit,

545 1162 852 1215 secundum
895 1161 947 1214 id
981 1176 994 1212 :
1031 1163 1096 1214 In
1126 1174 1255 1228 pace
1287 1160 1339 1212 in
1371 1159 1602 1227 idipsum
1638 1158 1900 1211 dormiam
1948 1162 1997 1207 et
2038 1171 2118 1208 reo

543 1253 834 1319 quiescam,
867 1251 1116 1320 quoniam
1178 1260 1257 1314 tu,
1295 1249 1535 1311 Domine,
1567 1249 1910 1318 singulariter
1941 1248 1994 1300 in
2032 1262 2121 1314 sp:

545 1343 869 1396 constituisti
903 1359 1001 1396 me.
1030 1375 1096 1385 —--
1131 1333 1375 1407 Domine,
1407 1357 1468 1395 ne
1501 1343 1552 1394 in
1585 1342 1762 1405 furore
1799 1355 1910 1395 tuo.
1941 1369 2004 1380 —
2027 1339 2122 1393 Se-

544 1435 785 1488 cundum
821 1451 969 1495 vero.
998 1434 1057 1504 in
1087 1434 1174 1487 his
1202 1451 1321 1502 quur
1347 1433 1477 1486 dicit
1502 1450 1516 1486 :
1540 1432 1748 1486 Lavabo
1769 1449 1858 1501 per
1880 1430 2121 1501 singulas

547 1530 931 1580 uocteslectum
968 1542 1160 1592 meum,
1188 1526 1438 1596 lacrymis
1495 1526 1624 1579 meis
1669 1535 1900 1578 stratum
1952 1540 2121 1578 meum

550 1617 754 1686 rigabo.
779 1647 836 1656 -
887 1615 1194 1685 Usquequo,
1231 1616 1450 1668 Domine
1473 1631 1490 1679 ;
1511 1642 1578 1654 -
1611 1615 1829 1668 tertium
1859 1626 2038 1668 autem
2069 1616 2122 1668 in

550 1725 614 1762 co
651 1725 665 1762 :
698 1705 951 1759 lllumina
990 1707 1168 1760 oculos
1202 1721 1362 1769 meos,
1385 1722 1446 1758 ne
1464 1721 1695 1775 unquam
1723 1706 2047 1758 obdormiam
2071 1706 2123 1757 in

551 1810 738 1852 morte.
777 1828 830 1838 —
875 1799 957 1850 Ad
991 1809 1038 1851 te
1088 1799 1276 1852 lerari.
1308 1826 1375 1838 —
1407 1797 1464 1850 In
1507 1796 1744 1852 secunda
1777 1797 1918 1850 serie
1957 1796 2122 1850 trium

551 1889 606 1943 in
636 1904 700 1943 co
738 1907 749 1941 :
784 1888 922 1941 Doce
960 1904 1062 1952 me,
1098 1891 1222 1957 quia
1273 1898 1327 1940 tu
1379 1903 1432 1941 es
1485 1886 1733 1941 Salvator
1770 1903 1935 1952 meus,
1965 1897 2014 1940 et
2074 1899 2123 1941 te

549 1981 776 2035 sustinui
805 1991 912 2032 tota
951 1981 1052 2034 die.
1076 2009 1145 2018 —
1169 1982 1232 2034 In
1259 1990 1325 2045 te,
1365 1980 1605 2045 Domine,
1655 1982 1861 2047 speravi
1887 1998 1899 2033 :
1933 2010 2000 2020 -—
2043 1992 2121 2047 et,

547 2075 602 2124 lu
659 2088 846 2124 manus
884 2083 1005 2124 tuas
1063 2072 1368 2124 commendo
1421 2072 1665 2139 spiritum
1706 2087 1896 2123 meum.
1945 2069 2124 2141 Imago

550 2164 693 2216 enim
729 2163 972 2231 quaedam
1012 2162 1203 2216 mortis
1231 2172 1574 2216 estsomnus.
1607 2192 1676 2203 —
1701 2160 1801 2223 Qui
1821 2162 2126 2213 habitat.—

553 2253 619 2309 Et
651 2270 842 2307 tunsus
875 2253 930 2307 in
964 2253 1067 2308 hoc
1103 2272 1116 2306 :
1153 2250 1280 2306 Non
1323 2253 1515 2306 timebo
1559 2268 1590 2304 a
1627 2253 1814 2305 timore
1842 2262 2122 2318 nocturno,

554 2365 586 2400 a
619 2348 827 2415 negotio
858 2345 1262 2414 perambulante
1311 2344 1363 2398 in
1407 2345 1656 2407 tenebris,
1696 2357 1748 2398 et
1798 2345 1851 2398 in
1889 2346 2121 2399 ueteris.

557 2440 759 2494 Deinde
792 2449 976 2508 partes
1008 2437 1274 2508 quasdam
1307 2438 1610 2507 prophetia:
1658 2437 1808 2491 Isaiae
1851 2438 2127 2506 excipien—

559 2541 639 2586 tes
664 2542 953 2586 cantamus
989 2546 1110 2600 qua:
1135 2531 1294 2585 nobis
1328 2538 1526 2585 contra
1560 2538 1886 2599 potestatem
1920 2529 2130 2584 da’mo-

556 2641 686 2679 num
739 2625 1066 2688 inserviunt,
1105 2638 1258 2678 suam
1311 2631 1474 2677 noctu
1537 2623 1768 2675 iunxime
1807 2632 2124 2691 potestatem

555 2719 950 2770 exercentium.
1006 2713 1297 2768 Nobiscum
1355 2714 1522 2778 enim,
1560 2715 1655 2779 ait,
1698 2711 1861 2778 Deus,
1918 2713 2126 2777 scitote,

553 2821 752 2878 gentes,
788 2819 836 2863 et
868 2810 1158 2863 vincimini.
1181 2806 1417 2876 Populus
1453 2807 1634 2860 sedens
1666 2805 1719 2859 in
1752 2806 1973 2860 tenebris
1997 2807 2127 2859 vidit

554 2905 724 2955 lucem
771 2917 1041 2968 magnam,
1085 2901 1210 2967 quia
1256 2899 1523 2952 nobiscum
1574 2896 1734 2960 Deus,
1787 2907 1842 2952 et
1893 2912 2015 2966 quae
2062 2914 2128 2952 ex

555 2995 769 3048 ordine.
805 3021 874 3031 —
907 2989 1222 3044 lllmninare
1248 2990 1428 3043 oculos
1465 3005 1628 3042 meos.
1654 3016 1724 3028 --
1755 2989 1964 3043 Interea
2002 3005 2129 3044 vero

556 3087 825 3142 addentes
861 3085 1100 3154 troparia
1125 3083 1372 3154 quaedam
1407 3092 1460 3138 et
1507 3097 1722 3151 preces,
1753 3110 1823 3120 —
1863 3080 2033 3136 Credo
2077 3082 2130 3135 in

556 3195 718 3232 unum
776 3176 967 3241 Deum,
1013 3205 1084 3214 —
1130 3185 1185 3229 et
1245 3174 1424 3229 adhuc
1488 3173 1556 3227 ad
1617 3172 1924 3244 symbolum
1997 3174 2121 3229 ﬁdei

2235 3176 2328 3233 καὶ
2358 3172 2642 3241 ἡττᾶσθε.
2695 3169 2759 3225 '0
2813 3171 2961 3235 λαὸς
3013 3173 3044 3223 ό
3103 3172 3441 3239 καθήμενος
3493 3170 3563 3221 ἐν
3611 3172 3817 3226 σκότει
3909 3241 3915 3248 ,

555 3301 624 3313 --
645 3271 896 3324 Miserere
928 3267 1048 3334 mei,
1079 3267 1256 3332 Deus;
1283 3296 1352 3307 —
1384 3279 1578 3322 rursus
1612 3265 1934 3335 incipientes
1969 3268 2128 3336 quiu-

557 3360 932 3434 quagesimum
987 3367 1277 3414 cantamus
1325 3373 1490 3427 quem
1549 3365 1723 3426 certe,
1781 3357 1882 3412 etsi
1947 3358 2130 3428 parvis

557 3472 678 3524 qua!
709 3467 829 3524 post
859 3467 1101 3516 orenam,
1150 3451 1204 3504 in
1263 3449 1537 3520 principio
1577 3449 1862 3519 ponimus.
1896 3458 1953 3501 ut
1988 3465 2130 3504 nun-

558 3563 723 3617 (quam
765 3547 812 3600 is
852 3546 1140 3600 onaittatur
1197 3544 1289 3613 qni
1346 3542 1721 3611 paenitentiam
1749 3540 1912 3597 docet
1954 3557 2120 3611 quam

562 3639 670 3692 Deo
693 3654 785 3706 per
807 3645 974 3693 totam
1005 3635 1170 3689 vitam
1204 3643 1463 3703 prmstare
1489 3631 1772 3687 debemus.
1796 3660 1866 3673 —-
1891 3630 2130 3698 Domine,

557 3730 793 3792 exaudi;
828 3739 961 3783 —et
990 3735 1112 3796 post
1139 3726 1282 3780 hunc
1306 3725 1532 3778 alterum
1569 3724 1798 3792 tempori
1824 3738 2134 3793 congruen-

561 3834 694 3885 tem,
721 3822 772 3876 in
807 3821 891 3875 his
921 3835 1040 3889 qua:
1067 3819 1200 3873 dicit
1227 3835 1242 3873 :
1273 3815 1470 3870 Factus
1499 3833 1614 3870 sum
1655 3818 1790 3870 sicut
1820 3817 2133 3886 nycticorax

560 3916 617 3967 in
654 3913 944 3967 domicilio.
991 3910 1240 3980 Vigilaei,
1267 3919 1315 3963 et
1365 3910 1538 3977 [actus
1587 3925 1703 3962 sum
1772 3911 1910 3962 sicut
1951 3925 2136 3978 passer

558 4005 834 4058 solitarius
871 4005 922 4056 in
955 4012 1108 4061 tecto.
1141 4032 1208 4042 —
1235 4001 1480 4067 Domine,
1508 4001 1864 4068 omnipotens.
1895 4029 1954 4040 --
1992 4001 2136 4056 Loco

559 4110 743 4153 autem
777 4099 920 4153 tertii
968 4098 1182 4166 psalmi,
1233 4112 1355 4164 quae
1403 4097 1606 4152 dicitur
1669 4096 1954 4163 Mauassis,
2014 4113 2138 4152 ora-

561 4193 792 4255 tionem,
822 4189 1157 4258 pasnitentia:
1185 4198 1240 4242 et
1271 4187 1707 4258 compunctionis
1740 4203 1866 4242 vere
1908 4188 2136 4244 fontem.

565 4281 730 4344 Deus,
764 4281 817 4330 in
839 4279 1169 4348 adjutorium
1201 4295 1396 4343 meum,
1436 4309 1504 4319 —
1538 4288 1591 4333 et
1623 4295 1639 4333 :
1672 4279 1912 4343 Domine,
1942 4282 2138 4335 exaudi

561 4387 679 4427 nos.
732 4370 924 4428 (λεῖοι-ἰ
997 4384 1128 4423 vero
1184 4370 1381 4424 iterum
1429 4370 1624 4436 psalmi
1692 4386 1981 4440 parvorum
2019 4357 2140 4441 post

565 4465 852 4536 prandium
906 4461 1208 4517 ciliciorum
1246 4469 1301 4515 et
1351 4461 1454 4532 ipsi
1490 4476 1710 4532 precem
1769 4461 2052 4527 habentes,
2088 4471 2140 4515 et

2217 667 2386 740 ἐστίν*
2421 686 2478 736 ἐν
2520 683 2622 752 μὲν
2668 683 2775 750 γὰρ
2832 683 2954 744 ταῖς
3013 676 3302 746 νησιίμοις
3335 671 3526 724 τοῦτον
3558 667 3794 719 ἐκτείνο-

2224 795 2346 848 μεν,
2379 778 2436 829 ἐν
2470 777 2526 829 δὲ
2561 777 2682 837 ταῖς
2717 775 2907 836 ἄλλαις
2943 770 3327 838 συστέλλομεν.
3367 763 3479 817 Καὶ
3509 763 3559 814 οἱ
3593 759 3696 828 diu)
3712 759 3804 826 μοὶ

2219 870 2363 923 κατὰ
2399 872 2571 938 τρεῖς,
2607 868 2682 930 ὼς
2716 869 2957 936 εἴρηται,
2990 861 3426 936 μεσολαϐοὖιιται
3482 851 3790 911 κάνταῦθα,

2219 960 2550 1026 δοξολογίαις
2619 975 2678 1010 τε
2722 958 2816 1011 καὶ
2862 955 3182 1026 τροπαρίοις
3232 951 3343 1003 ἐσθ’
3394 950 3528 1001 ὅπου
3555 985 3570 1010 ,
3601 944 3698 996 καὶ
3740 941 3805 1010 δὴ

2223 1054 2316 1107 καὶ
2350 1055 2558 1122 εὐχαῖς,
2591 1052 2684 1105 καὶ
2725 1051 2933 1119 ἑτέροις
2967 1048 3128 1100 τισίν.
3167 1074 3234 1085 —-
3269 1042 3373 1094 Ἑν
3391 1039 3469 1104 τῷ
3499 1032 3802 1090 ἐπικαλεῖ-

2222 1144 2366 1198 σθαί
2389 1160 2484 1212 με.
2515 1173 2581 1184 -——
2611 1142 2800 1194 Ἔστιν
2836 1135 2930 1193 οὖν
2965 1140 3094 1191 ἰδεῖν
3132 1137 3226 1188 τον
3257 1135 3355 1203 μὲν
3385 1130 3604 1198 προῖ›τον
3638 1141 3806 1194 προσ-

2225 1240 2427 1306 ήκοντα
2478 1236 2556 1305 τῷ
2612 1234 2793 1302 καιρῷ
2833 1233 3103 1300 μάλιστα,
3135 1229 3279 1281 κατὰ
3327 1226 3406 1283 τ⁵ι,
3459 1223 3563 1275 Ἔν
3594 1217 3806 1286 ειρήνιι

2223 1328 2322 1382 ἐπὶ
2356 1328 2421 1380 τὸ
2452 1325 2602 1378 αὐτὸ
2660 1322 3122 1390 κοιμηθήσομαι,
3150 1317 3246 1370 καὶ
3275 1314 3561 1373 ὑπνώσω,
3585 1310 3674 1362 ὅτι
3700 1306 3802 1368 σὺ,

2226 1422 2421 1487 Κύριε,
2452 1418 2601 1472 κατὰ
2649 1419 2842 1483 μόνας
2874 1415 2966 1467 ἐπ’
3001 1411 3206 1465 ἐλπίδι
3241 1403 3585 1470 κατῴκισάς
3615 1418 3711 1469 με.
3738 1427 3804 1438 —-

2227 1513 2425 1580 Κύριε,
2459 1510 2546 1578 μὴ
2577 1511 2651 1564 ἐν
2677 1508 2755 1573 τῷ
2791 1505 2954 1574 θυμῷ
2981 1519 3120 1558 σου·
3143 1531 3212 1542 --
3235 1499 3324 1551 τὸν
3353 1497 3411 1550 δὲ
3449 1495 3724 1561 δεύτερον,
3754 1492 3807 1540 ὲν

2226 1600 2306 1668 οἷς
2335 1621 2490 1672 φησι,
2525 1604 2740 1656 Λούσω
2770 1599 2899 1653 καθ’
2934 1596 3205 1660 ἑκάστην
3235 1593 3424 1645 νύκτα
3447 1588 3563 1654 τὴν
3591 1583 3810 1648 κλίνην

2223 1714 2365 1766 μου,
2399 1696 2471 1750 ἐν
2510 1691 2773 1761 δάκρυσι
2796 1707 2915 1759 μου
2957 1686 3073 1754 τὴν
3099 1679 3429 1752 στρωμνήν
3455 1694 3576 1747 μου
3609 1674 3809 1742 ,ϐρέξω

2226 1789 2320 1830 -”
2333 1791 2458 1852 Εως
2489 1788 2656 1848 πότε,
2691 1786 2886 1852 Κύριε·
2917 1812 2980 1823 -
3003 1781 3092 1832 τὸν
3119 1777 3174 1830 δὲ
3203 1777 3385 1846 τρίτον
3423 1775 3478 1824 ὲν
3509 1768 3609 1839 τῷ,
3635 1768 3809 1821 didm-

2229 1895 2347 1936 σον
2374 1880 2517 1945 τοὺς
2547 1876 2897 1947 ὀφθαλμούς
2925 1891 3070 1941 μου,
3111 1871 3195 1940 μή
3251 1883 3396 1921 ποτε
3425 1862 3688 1920 ὑπνώσω
3720 1863 3806 1926 εἰς

2231 1973 2514 2029 θάνατον.
2547 2001 2610 2010 -
2639 1969 2794 2038 Πρὸς
2822 1969 2918 2032 σὲ,
2952 1967 3150 2032 Κύριε,
3179 1959 3292 2030 ἦρα
3318 1974 3332 1988 ⁸
3375 1989 3444 1999 —-
3474 1961 3574 2026 τῆς
3608 1956 3661 2008 δὲ
3693 1954 3812 2005 δευ-

2230 2066 2392 2134 τέρας
2423 2061 2644 2132 τριάδος
2683 2064 2741 2112 ἑν
2767 2058 2866 2128 τῷ,
2902 2055 3161 2117 Δίδαξὸν
3181 2070 3279 2122 με,
3306 2050 3395 2104 ὅτι
3417 2048 3498 2103 σὺ
3519 2043 3578 2100 εἶ
3598 2049 3628 2100 ὁ
3666 2044 3813 2108 Θεὸς

2233 2160 2265 2212 ό
2300 2154 2502 2224 Σωτήρ
2527 2171 2668 2224 μου,
2704 2151 2804 2206 καὶ
2849 2149 2923 2204 σὲ
2965 2149 3258 2216 ὑπέμεινα
3315 2143 3471 2209 ὅλην
3512 2141 3628 2207 τὴν
3675 2139 3814 2207 ὴμέ-

2225 2265 2366 2317 ραν.
2399 2278 2462 2288 -
2485 2247 2614 2299 Ἐπὶ
2651 2245 2750 2300 σοί
2781 2284 2795 2308 ,
2832 2244 3031 2310 Κύριε,
3063 2240 3323 2307 ἤλπισα.
3345 2258 3417 2278 δ-
3455 2237 3562 2287 Καὶ
3592 2235 3675 2296 τὸ,
3713 2235 3816 2297 Εις

2233 2340 2438 2409 χεῖράς
2470 2354 2589 2392 σου
2618 2335 3042 2405 παραθήσομαι
3069 2333 3134 2386 τὸ
3157 2329 3397 2398 πνεῦμά
3437 2344 3583 2398 μου.
3630 2327 3816 2394 Mign-,-

2238 2450 2314 2502 μα
2351 2435 2458 2503 γάρ
2484 2449 2536 2484 τι
2562 2430 2656 2483 τοῦ
2683 2430 2916 2484 θανάτου
2942 2430 2970 2480 ὁ
3001 2427 3189 2487 ὕπνος.
3228 2449 3289 2466 σι-
3317 2423 3382 2477 Ὄ
3407 2420 3724 2508 κατοικιξτν
3749 2448 3818 2458 -

2235 2526 2333 2579 καὶ
2395 2523 2552 2586 αὖθις
2589 2526 2644 2577 ὲν
2705 2522 2818 2592 τῷ,
2857 2523 2939 2574 Οὐ
2994 2505 3416 2589 φοϐηθήσομαι
3466 2515 3588 2569 ἀπὸ
3627 2505 3818 2581 eccm

2235 2599 2612 2685 νυκτερινοῦ,
2646 2616 2763 2668 ἀπὸ
2785 2613 3128 2681 πράγματος
3149 2611 3219 2662 ἐν
3235 2611 3440 2663 σκότει
3469 2607 3818 2673 διαπορευο-

2232 2711 2443 2780 μένου,
2491 2712 2586 2763 καὶ
2638 2711 2748 2770 cui;
2796 2707 3028 2766 λοιποῖς.
3069 2703 3226 2756 Μετὰ
3282 2700 3445 2753 τοῦτο
3501 2699 3644 2770 μέρη
3693 2698 3816 2750 τινὰ

2251 2803 2475 2858 Ἠσαῒου
2513 2801 2856 2872 προφητείας
2887 2797 3254 2856 ἀπολαϐόντες
3287 2795 3505 2864 ᾄδομεν,
3539 2792 3686 2844 κατὰ
3719 2792 3817 2859 τῆς

2238 2900 2346 2952 τῶν
2379 2896 2654 2966 δαιμόνων
2684 2893 2965 2963 ἐνεργείας
2991 2893 3126 2961 ἡμῖν
3153 2889 3596 2959 συμϐαλλόμενα,
3622 2887 3732 2941 τῶν
3761 2887 3819 2936 ὲν

2241 2990 2398 3044 νυκτὶ
2438 2988 2681 3057 μάλιστα
2733 2986 2834 3054 τὴν
2870 2986 3117 3053 πονηρὰν
3162 2983 3396 3051 δύναμιν
3429 2982 3820 3051 ὲπιδεικνυμὲο

2240 3099 2368 3137 νων.
2405 3079 2542 3136 Μεθ’
2568 3079 2737 3148 ἡμῶν
2758 3078 2888 3146 γὰρ,
2915 3078 3106 3147 φηιὶν,
3141 3080 3172 3130 ὁ
3205 3077 3370 3140 Θεὸς.
3405 3074 3611 3144 γνῶτε,
3644 3076 3817 3140 50m,

2234 3265 2358 3322 εἶδε
2438 3265 2563 3335 φῶς
2610 3262 2764 3332 μέγα
2796 3301 2809 3325 ,
2862 3261 2952 3314 ὅτι
3011 3263 3142 3330 μεθ’
3203 3262 3372 3331 ἡμῶν
3420 3267 3456 3314 ό
3509 3263 3678 3325 Θεὸς,
3723 3263 3820 3315 καὶ

2232 3360 2332 3412 ὅσα
2384 3357 2533 3425 ἑξῆς.
2587 3383 2657 3394 -
2710 3352 2978 3407 Φώτισον
3037 3353 3177 3418 τοὺς
3253 3356 3604 3422 ὀφθαῖμοὺς
3671 3373 3810 3424 μου·

2233 3483 2301 3494 ...
2356 3450 2559 3520 μεταξὺ
2586 3451 2640 3503 δὲ
2684 3448 2963 3518 τροπάριά
2989 3465 3111 3500 τινα
3138 3454 3233 3500 καὶ
3274 3449 3441 3518 εὐχὰς
3475 3451 3816 3512 ὲπειπόντες.
3851 3510 3862 3516 ,

2235 3575 2305 3586 -
2341 3543 2609 3597 Πιστεύω
2643 3545 2730 3605 εἰς
2761 3541 2870 3593 ἕνα
2899 3542 3070 3603 Θεξν,
3099 3562 3168 3581 -ι
3204 3543 3296 3595 καὶ
3352 3543 3489 3612 πρός
3537 3560 3600 3610 γε
3633 3545 3712 3596 ἔτι
3760 3544 3820 3594 τι,

2235 3637 2336 3705 τῆς
2366 3637 2600 3698 πίστεως
2633 3634 2908 3704 Σύμϐολον
2948 3663 3018 3674 —-
3075 3634 3377 3702 Ἐλέησόν
3410 3651 3507 3704 με.
3569 3642 3601 3691 ό
3649 3638 3818 3703 Θεὸς.

2237 3727 2392 3790 αὖθις
2419 3727 2716 3797 ἀρξάμενοι
2746 3727 2838 3778 τόν
2865 3743 2922 3778 τε
2981 3727 3347 3795 πεντηκοστὸν
3387 3725 3610 3797 ᾄδομεν,
3650 3727 3821 3792 ὅνπερ

2237 3823 2299 3891 δὴ
2329 3821 2432 3873 κάν
2459 3821 2570 3882 τοῖς
2596 3821 2814 3889 μικροῖς
2837 3818 3184 3881 ἀποδειπνοις
3211 3820 3268 3870 ἐν
3298 3819 3438 3889 ἀρχῇ
3467 3819 3711 3887 τίθεμεν,
3745 3821 3820 3882 ὡς

2241 3913 2514 3983 μηδέποτε
2583 3911 2770 3964 τοῦτον
2829 3909 3282 3978 παραλελεῖςιθαι,
3344 3910 3633 3977 μετανοίας
3693 3911 3819 3963 ὄντα

2239 4005 2572 4066 διδακτικὸν,
2602 4007 2666 4075 ἢν
2705 4004 2997 4074 ὀφείλομεν
3019 4003 3423 4056 ἐπιδείκνυσθαι
3455 4004 3532 4072 τῷ
3585 4005 3706 4075 Θεῷ
3735 4005 3823 4058 διὰ

2243 4099 2357 4167 βίου
2380 4098 2602 4161 παντός.
2638 4127 2704 4137 -
2743 4097 2940 4164 Κύριε,
2975 4097 3368 4159 εἰσάκουσον,
3391 4126 3458 4136 -
3490 4098 3584 4148 καὶ
3637 4097 3824 4166 ἕτερον

2241 4191 2333 4243 ἐπὶ
2365 4190 2541 4260 τούτῳ
2593 4189 2671 4257 τῷ
2702 4189 2879 4257 καιρῷ
2915 4187 3383 4256 συμϐαλλόμενον,
3427 4189 3484 4239 ὲν
3516 4183 3596 4250 οἷς
3635 4205 3822 4258 φησιν,

2252 4283 2587 4351 Ἐγενήθην
2621 4281 2766 4334 ὡσεὶ
2802 4280 3171 4348 νυκτικόραξ
3197 4281 3266 4332 ἐν
3289 4280 3598 4347 οἰκοπέὸῳ,
3642 4283 3824 4350 ἡχοῦ·

2241 4389 2473 4441 πνησα,
2514 4374 2614 4428 καὶ
2638 4374 2937 4443 ἐγενόμην
2965 4374 3044 4438 ὡς
3084 4373 3410 4441 στρουθίον
3434 4375 3698 4444 μονάζον
3725 4377 3824 4430 ἐπὶ

2247 4464 2533 4534 δώματος.
2561 4495 2628 4505 -
2657 4466 2836 4532 Κύριε
2869 4463 3310 4532 παντοκράτορ,
3337 4488 3407 4506 ιι-
3452 4467 3572 4518 ὰντὶ
3619 4466 3677 4519 δὲ
3729 4465 3824 4518 τοῦ

560 4570 780 4628 tctnpns
808 4555 1200 4628 signiﬁcantes.
1225 4584 1294 4596 -—
1319 4553 1506 4609 Gloria
1534 4557 1590 4609 in
1610 4554 1893 4609 altissimis
1919 4553 2049 4609 Deo.
2071 4583 2128 4593 —

2241 4556 2426 4627 τρίτου
2479 4555 2695 4626 ψαλμοῦ
2749 4555 2850 4624 τὴν
2900 4555 3169 4624 Μανασσῆ
3212 4555 3473 4625 βασιλέως
3520 4548 3826 4627 προσευχὴν

566 4652 632 4706 Et
668 4659 791 4720 post
832 4666 894 4705 ea
936 4648 1222 4719 doxolugia
1252 4657 1309 4704 ct
1336 4663 1458 4718 mue
1505 4658 1627 4718 post
1654 4664 1799 4714 eam,
1823 4647 2005 4702 onmia
2036 4663 2138 4703 eo-

563 4745 688 4799 dem
723 4742 883 4796 modo
914 4756 979 4796 ac
1008 4739 1276 4810 principio
1313 4741 1444 4806 diei,
1471 4748 1525 4796 et
1553 4744 1812 4810 troparia,
1841 4750 1894 4796 et
1924 4755 2138 4809 preces,

564 4842 623 4888 et
643 4832 801 4888 solita
829 4831 1098 4886 dimissio.

2247 4648 2572 4719 λεγομένην,
2611 4648 2900 4717 μετανοίας
2938 4665 2995 4701 τε
3029 4650 3122 4700 καὶ
3166 4647 3515 4711 κατανύξεως
3571 4648 3826 4718 ἀφορμίν

2249 4741 2412 4794 οὖσαν
2445 4772 2512 4782 —
2544 4741 2599 4792 Ὀ
2630 4739 2774 4804 Θεὸς
2800 4741 2888 4803 εις
2930 4738 3045 4805 τὴν
3071 4736 3366 4803 ,ϐοήθειάν
3384 4755 3524 4806 μου,
3552 4739 3667 4804 καὶ,
3707 4742 3826 4792 Κύ-

2255 4849 2364 4901 ριε,
2387 4831 2782 4886 εἰσάκουσον.
2814 4858 2884 4871 ——-
2923 4830 3140 4899 Ἕτεροι
3191 4832 3247 4884 δὲ
3278 4833 3440 4885 πάλιν
3470 4834 3516 4883 oi
3569 4831 3678 4882 τῶν
3739 4849 3828 4900 μι-

569 4925 718 4997 κρῶν
751 4925 1090 4978 ἁποδείπνων
1107 4923 1331 4993 ψαλμοὶ,
1357 4924 1450 4977 καὶ
1483 4923 1637 4977 αὐτοὶ
1679 4924 1987 4994 προσευχῆς
2019 4925 2292 4995 ἐχόμενοι,
2323 4929 2416 4980 καὶ
2481 4927 2810 4996 σημαντικοὶ
2857 4923 2952 4977 τοῦ
2987 4922 3206 4994 καιροῦ.
3245 4953 3318 4963 —-
3345 4925 3502 4986 Δόξα
3565 4923 3637 4976 ἐν
3682 4926 3826 4993 ὑψί-

565 5035 741 5084 στοις
773 5018 894 5084 Θεῷ
923 5047 992 5059 —-
1023 5021 1117 5072 uol
1149 5018 1234 5070 ἐπ’
1282 5017 1463 5080 αὐτοῖς
1494 5018 1528 5086 ἡ
1576 5017 1874 5086 δοξολογία,
1943 5020 2035 5072 καὶ
2093 5024 2160 5076 τὰ
2201 5019 2320 5093 μετ’
2371 5019 2542 5088 αὐτὴν
2584 5020 2800 5073 ἅπαντα
2837 5018 2929 5072 τὸν
2999 5016 3164 5072 αὐτὸν
3225 5017 3446 5086 τρόπον,
3502 5019 3562 5070 ὃν
3626 5020 3719 5070 καὶ
3772 5021 3830 5070 ἐν

569 5121 714 5189 ἀρχῇ
737 5116 837 5185 τῆς
865 5114 1097 5186 ἡμέρας,
1128 5113 1402 5183 τροπὰριά
1441 5129 1521 5177 τε,
1573 5120 1668 5168 καὶ
1733 5115 1910 5187 εὐχαὶ,
1969 5119 2064 5169 καὶ
2123 5119 2155 5187 ἠ
2199 5116 2438 5188 συνήθης
2467 5114 2750 5177 ἀπόλυσις.

906 5209 981 5265 De
1012 5211 1299 5264 sacerdotis
1323 5211 1823 5266 acclamationibus.

644 5298 951 5354 Sacerdotis
972 5315 1154 5366 voces,
1179 5312 1234 5356 et
1263 5302 1315 5354 in
1349 5304 1598 5356 oratione
1621 5317 1649 5354 ιι
1671 5303 1778 5358 Deo
1802 5304 1927 5358 data
1945 5315 1998 5358 et
2024 5303 2147 5357 aliis

570 5392 624 5446 iu
652 5391 906 5460 precibus
956 5407 1094 5460 quas
1133 5407 1233 5446 suo
1283 5394 1502 5447 nomine
1559 5395 1706 5456 facit.
1750 5396 1889 5450 hanc
1943 5397 2144 5451 habent

571 5484 860 5538 rationem.
896 5483 1368 5548 Quemadmodum
1393 5485 1460 5538 de
1493 5485 1618 5544 aliis
1649 5486 1812 5539 rebus
1833 5501 1994 5555 agere
2023 5488 2144 5556 qui-

569 5578 690 5630 dem
732 5589 853 5644 qure
901 5591 1040 5645 opus
1085 5585 1190 5640 est,
1223 5574 1516 5644 cujuslibet
1550 5584 1633 5630 est
1668 5577 1922 5641 volentis,
1982 5577 2146 5630 ratio-

573 5681 696 5719 nem
723 5681 851 5720 vero
882 5664 1006 5720 lacti
1039 5666 1329 5721 enuntiare
1357 5682 1412 5721 et.
1443 5681 1686 5733 causam,
1745 5668 1891 5723 illius
1917 5678 2002 5722 est
2050 5669 2144 5736 qui

575 5757 883 5817 dominatur
918 5758 973 5810 in
1001 5766 1231 5820 rem,'et
1259 5759 1535 5827 opusscit,
1577 5761 1652 5813 ita
1677 5759 1750 5814 ibi
1796 5775 2015 5830 quoque
2049 5776 2142 5816 uc-

571 5848 808 5902 cessaria
860 5865 891 5903 a
925 5851 1033 5905 Deo
1067 5858 1252 5920 petere
1310 5859 1395 5904 est
1448 5865 1737 5909 commune
1801 5863 1854 5908 ct
1887 5864 2134 5910 nostrum

2470 5209 2613 5276 Περὶ
2647 5209 2767 5261 τῶν
2793 5208 2899 5261 τοῦ
2940 5208 3139 5275 ἱερέως
3181 5207 3607 5277 ἐκφωνήσεων.

2323 5303 2386 5354 Δί
2428 5302 2521 5354 τοῦ
2564 5301 2753 5371 ἱερέως
2778 5301 3112 5370 ἐκφωνήσεις
3142 5301 3284 5352 ἔντε
3330 5303 3396 5371 τῇ
3456 5301 3832 5370 Θεοπαραδότῳ

2253 5397 2552 5465 προσευχῇ,
2613 5398 2706 5446 καὶ
2767 5395 2883 5454 ταῖς
2931 5393 3119 5455 ἄλλαις
3186 5387 3274 5454 αἷς
3338 5394 3494 5456 αὐτὸς
3529 5393 3652 5447 κατ’
3698 5394 3834 5447 ἰδίαν

2255 5490 2510 5552 ποιεῖται,
2537 5487 2778 5539 τοιοῦτον
2811 5485 2991 5554 ἔχουσι
3023 5484 3200 5552 λόγον.
3229 5485 3441 5554 ’Ὠσπερ
3469 5488 3558 5537 ἐπὶ
3589 5485 3698 5539 τῶν
3738 5488 3831 5539 ἆλ-

2252 5579 2357 5629 λων
2393 5580 2734 5646 πραγμάτων
2761 5578 2819 5630 τὸ
2863 5577 2961 5646 μὲν
2996 5581 3166 5630 ποιεῖν
3194 5577 3221 5629 ὃ
3253 5594 3305 5630 τι
3341 5577 3401 5645 δή
3446 5595 3576 5630 ποτε
3633 5582 3834 5642 παντός

2252 5671 2481 5722 ἐστικαὶ
2520 5671 2613 5722 τοῦ
2658 5671 3004 5740 βουλομένου,
3041 5671 3100 5720 τὸ
3128 5669 3183 5721 δὲ
3227 5672 3318 5722 καὶ
3352 5670 3506 5738 λόγον
3538 5671 3834 5741 ἐπιφράξει-ι

2248 5762 2341 5814 τοῦ
2369 5762 2683 5831 γενομένου,
2737 5765 2831 5814 καὶ
2899 5762 2997 5828 τὴν
3052 5760 3250 5826 αἰτίαν,
3315 5762 3667 5831 ὑπερέχοντος
3731 5764 3830 5834 ἤδη

2242 5851 2440 5919 τοῦτο,
2502 5855 2595 5906 καὶ
2652 5855 3018 5922 ἐπιστήμονος
3084 5852 3283 5922 ἔργον⁸
3349 5855 3491 5908 οὕτω
3549 5854 3830 5908 κάνταῦθα
