4152 6280
431 354 567 419 1189
1306 355 1545 415 MARCI
1589 350 1961 412 EUGENUZI
2008 348 2103 407 DE
2144 346 2363 406 OFFlC
2426 345 2727 405 ECCLES‘.
3545 327 3683 393 1190

428 474 486 523 τ),
522 472 619 540 μὲν
645 470 912 524 αἰτεῖσθαι
945 471 1092 538 παρὰ
1132 468 1265 522 Θεοῦ
1295 470 1360 522 τὰ
1403 468 1590 522 δέοντα
1647 468 1822 519 κοινόν
1870 465 2005 526 ἐστι,

2124 459 2306 520 Petite,
2340 458 2483 512 enim
2523 458 2617 523 ait,
2649 466 2696 510 et
2725 456 2937 508 dabitur
2974 452 3143 513 vobis;
3171 451 3262 505 sed
3286 462 3482 503 causas
3514 461 3683 515 expo-

427 565 521 615 καὶ
579 562 871 631 ἡμέτερον,
911 561 1131 616 Αἰτεῖτε
1171 562 1300 631 γὰρ,
1357 562 1510 629 φησί,
1541 558 1640 611 καί
1681 554 2004 623 δοθήσεται

2129 566 2256 605 iere.
2290 550 2407 604 Non
2457 550 2525 602 ad
2568 566 2682 606 nos.
2716 548 2860 603 enim
2924 545 3020 609 ait,
3058 560 3159 597 non
3193 552 3407 610 prapter
3447 549 3683 594 ncstram

427 653 587 722 ὑμῖν,
632 655 692 706 τὸ
718 653 773 705 δὲ
801 653 1121 719 αἰτιολογεῖν
1149 654 1246 715 τὰς
1274 652 1536 721 αἰτήσεις,
1570 650 1652 702 Οὐ
1690 647 1826 715 παρ’
1850 644 2007 715 ἡμᾶς

2124 646 2355 698 limitem
2425 653 2474 696 et
2506 642 2850 712 diligentiam,
2882 641 2972 692 sed
3006 637 3129 708 quia
3160 644 3328 705 potes.
3364 633 3504 686 Nam
3539 643 3685 685 tuum

428 746 557 813 γὰρ,
592 745 775 813 φησὶν,
810 743 955 796 οὐδὲ
1007 741 1105 795 διὰ
1147 742 1262 809 τὴν
1313 740 1606 810 ἡμετέραν
1654 736 1879 808 ἀρετὴν
1905 736 2005 790 καὶ

2124 746 2185 791 est
2251 753 2467 808 regnum
2524 737 2752 806 potentia
2816 743 2866 786 et
2927 733 3121 804 gloria,
3149 730 3275 799 quia
3319 726 3453 781 Deus
3499 742 3551 780 es
3593 725 3687 778 bo-

432 836 737 904 σπουδὴν,
772 836 912 890 ἀλλ’
933 834 1022 889 ὅτι
1039 834 1320 888 δύνασαι.
1350 833 1467 887 Σοῦ
1491 832 1600 901 γάρ
1624 831 1796 884 ἐστιν
1834 831 1870 899 ὴ
1895 828 2009 893 ,ϐα-

2124 845 2209 883 mus
2270 838 2319 882 et
2387 828 2621 882 homines
2659 842 2862 890 amans,
2890 834 2944 881 et
2988 826 3089 878 alia
3129 821 3374 893 proferre
3429 821 3498 876 de
3531 820 3688 873 laude

434 928 636 988 στιλεία
665 926 819 993 καὶὴ
854 926 1108 992 δύναμις
1152 926 1248 978 καί
1312 925 1348 991 ἠ
1406 923 1575 987 δόξα.
1612 924 1739 976 Ὀτι
1791 922 2009 991 ἁγαθός

2124 926 2167 974 in
2227 921 2419 985 Deum,
2452 918 2856 988 aliquandoque
2878 933 2977 988 pro
3015 917 3141 972 aliis
3194 914 3302 968 alta
3330 927 3463 968 voce
3494 911 3685 964 laudes

433 1020 527 1074 καὶ
558 1020 976 1087 φιλάνθρωπος
1008 1022 1150 1084 Θε³ς
1179 1016 1492 1085 ὑπάρχεις,
1547 1016 1615 1069 τά
1650 1034 1706 1069 τε
1756 1014 1889 1068 ἄλλα
1945 1012 2012 1066 τὰ

2124 1012 2413 1074 celebrare.
2465 1010 2762 1067 sacerdotis
2782 1025 2902 1065 esse
2931 1009 3089 1063 debet
3110 1007 3333 1077 justitize
3359 1004 3558 1058 divina:
3590 1003 3676 1054 in-

435 1113 559 1181 περί
585 1111 719 1165 Θεοῦ
756 1112 1075 1180 ὑμνούμενα
1110 1109 1475 1178 ἐξαγγέλλειν,
1517 1106 1686 1160 ἐνίοτε
1719 1106 1774 1159 δὲ
1804 1106 1896 1157 καί
1924 1103 2009 1157 δο-

2124 1103 2406 1173 terpretis,
2442 1103 2574 1156 dicit
2626 1100 2914 1171 Dionysius
2974 1101 3065 1167 qui
3128 1098 3301 1152 multa
3368 1096 3434 1150 de
3467 1093 3688 1149 divinis.

433 1205 671 1269 ξοὶογεῖν
698 1202 781 1255 ἐπ’
819 1204 972 1255 αύτοῖ
985 1221 1000 1263 ;
1030 1201 1258 1271 λαμπρᾷ
1288 1201 1351 1268 τῇ
1394 1200 1567 1267 φωνῇ,
1601 1195 1694 1251 τοῦ
1729 1196 1916 1266 ἱερέως
1948 1196 2014 1249 ἂν

2124 1193 2234 1249 Mos
2266 1194 2431 1264 igitur
2461 1202 2544 1248 est
2584 1194 2733 1248 illum
2761 1192 3050 1261 petitiones
3075 1189 3339 1259 perlicere
3395 1202 3501 1240 una
3562 1199 3686 1236 eum

433 1298 541 1365 εἴη,
570 1295 664 1347 τοῦ
687 1295 783 1364 τῆς
816 1295 1108 1363 θεαργικῆς
1130 1290 1465 1354 δικαιώσεως
1509 1290 1815 1359 ὑποφήτου,
1877 1286 2014 1355 φησί

2124 1287 2258 1352 aliis,
2310 1287 2396 1341 vel
2443 1286 2620 1341 solum
2676 1301 2772 1355 pro
2830 1285 3043 1339 caeteris
3089 1283 3173 1336 his
3225 1280 3593 1341 cantantibus,
3635 1277 3688 1328 in

436 1386 710 1447 Διονύσιος
761 1386 787 1436 ό
819 1385 982 1448 πολὺς
1033 1387 1102 1439 τὰ
1150 1383 1287 1437 θεῖα.
1340 1383 1421 1434 Τὰ
1479 1381 1578 1449 μὲν
1603 1376 1696 1434 οὖν
1736 1379 2015 1448 αἰτήματα

2124 1379 2385 1435 clausulis
2424 1394 2552 1435 vero
2577 1379 2693 1448 ipse
2752 1378 2902 1433 solus
2938 1391 3131 1440 magna
3170 1387 3305 1427 voce
3366 1371 3598 1432 intonat,
3626 1370 3691 1419 ad

437 1481 591 1548 κοινῇ
624 1479 718 1531 σὺν
760 1480 872 1541 τοῖς
906 1477 1083 1539 ἄλλοις
1112 1477 1148 1549 ἢ
1184 1476 1340 1547 μόνος
1374 1475 1512 1545 ὑπὲρ
1546 1473 1652 1527 τῶν
1684 1472 1858 1527 ἄλλων
1879 1469 2019 1523 ἐκεί-

2124 1468 2289 1521 Deum
2324 1467 2548 1538 quidem
2597 1468 2885 1522 intendens
2916 1466 2978 1519 ad
3038 1479 3198 1533 quem
3241 1461 3414 1516 tendit
3472 1473 3602 1513 sane
3642 1468 3695 1510 et

435 1588 540 1624 νων
567 1571 802 1641 ᾀδόντων
832 1568 1022 1622 είωθεν
1055 1568 1320 1633 ἐκτελεῖν,
1345 1569 1438 1621 ἐπὶ
1467 1567 1524 1619 δὲ
1552 1567 1666 1627 τοῖς
1692 1560 2020 1634 ἀκροτελευ-

2124 1560 2324 1627 oratio,
2357 1568 2411 1615 et
2461 1575 2563 1614 nos
2582 1559 2786 1614 docens
2807 1573 3001 1612 causas
3032 1572 3126 1623 per
3159 1570 3293 1623 quas
3326 1551 3576 1607 audiendi
3606 1565 3697 1602 su-

441 1659 576 1721 τίοις
607 1658 764 1721 αὐτὸς
793 1655 1154 1724 ἀνακρούεται
1215 1655 1375 1725 μόνος
1416 1652 1625 1724 μεγάλῃ
1673 1650 1846 1718 φωνῇ,
1885 1646 2020 1715 πρὸς

2125 1668 2269 1718 mus,
2333 1661 2395 1707 ut
2431 1652 2589 1706 nobis
2648 1651 2916 1705 subdatur
2973 1647 3253 1701 humilitas
3285 1645 3447 1699 simul
3484 1652 3536 1696 et
3571 1657 3695 1709 spes

439 1750 575 1803 Θεὸν
612 1749 713 1819 μὲν
751 1749 1194 1817 ἀποτεινόμενος,
1230 1747 1309 1808 εἰς
1335 1744 1394 1797 ὃν
1422 1745 1591 1813 δήπου
1630 1740 1724 1795 καὶ
1766 1741 1799 1809 ἠ
1862 1736 2038 1809 εὐχὴ.-

434 1842 700 1896 διδάσκων
760 1843 818 1897 δὲ
874 1842 1021 1911 ἡμᾶς
1074 1840 1171 1904 τὰς
1229 1838 1429 1903 αἰτίας,
1479 1837 1539 1900 ἐξ
1583 1830 1657 1891 ὧν
1686 1832 2019 1903 ἀκουσθῆναι

394 2001 399 2005 ρ
443 1935 727 2005 μέλλομεν,
754 1934 831 1995 εἰς
854 1932 1111 1987 ὑπόθεσιν
1137 1928 1635 1999 ταπεινοφροσύνης
1662 1926 1779 1995 ἅμα
1807 1925 1900 1978 καὶ
1932 1924 2018 1976 έλ-

443 2027 593 2090 πίδος
623 2024 865 2096 βεϐαίας.
886 2024 946 2077 Εἰ
978 2023 1076 2091 μὲν
1092 2022 1198 2092 γὰρ
1232 2016 1325 2091 ἦν,
1358 2020 1513 2088 φησί,
1552 2018 1702 2086 παρᾶ
1734 2016 1832 2085 τὴν
1880 2017 2017 2085 ἠμε-

440 2119 604 2188 τέραν
638 2115 795 2180 ἀξίαν
820 2113 1262 2182 εἰσαωυσθῆναι,
1292 2112 1433 2180 τάχα
1458 2108 1524 2164 ἂν
1556 2107 1774 2179 εἴχομεν
1814 2105 2016 2160 ἐνδοιά-

445 2208 591 2273 ζειν,
635 2208 797 2262 ὁπότε
868 2207 960 2258 καὶ
1009 2204 1071 2257 τὸ
1128 2202 1292 2258 καλὸν
1354 2198 1747 2272 εἰργαζόμεθα,
1802 2197 2025 2267 τρεπτοὶ

439 2300 803 2366 καθεστῶτες,
826 2298 918 2351 καὶ
946 2297 1196 2350 οὐδέποτε
1228 2294 1319 2348 ἐπὶ
1352 2291 1547 2346 ταυτοῦ
1592 2291 1839 2361 μένοντες
1866 2304 1879 2319 ⁸
1929 2289 2024 2342 νῦν

439 2393 496 2446 δὲ
530 2391 774 2461 παρὰτὰ
824 2390 903 2457 τῷ
953 2388 1071 2459 Θεῷ
1115 2385 1403 2455 προσόντα,
1458 2386 1524 2439 τὰ
1587 2383 1631 2438 δ’
1681 2383 1827 2438 ἔστιν
1878 2381 2026 2435 ἀΐδια

442 2486 531 2538 καὶ
558 2484 771 2554 ἀγήρω,
803 2482 911 2535 τῶν
929 2479 1261 2550 αἰτουμένων
1278 2478 1483 2544 ἔξεστιν
1510 2476 1807 2531 ἀπολαύειν
1831 2491 1844 2507 ·
1878 2473 2021 2527 ὥστε

444 2577 543 2628 οὐκ
572 2575 637 2628 ἂν
660 2574 744 2643 εἴη
780 2574 983 2626 δίκαιον
1013 2569 1397 2641 aumatium.
1426 2568 1744 2640 Ἀπόκρισιν
1782 2562 1874 2621 οὖν
1900 2582 2021 2620 τινα

453 2665 599 2718 θείαν
633 2665 882 2729 εἰκονίζει
926 2665 1038 2725 τοῖς
1070 2659 1408 2731 αἰτουμένοις
1437 2660 1473 2733 ἡ
1495 2658 1589 2713 τοῦ
1623 2660 1813 2730 ἱερέως
1846 2658 2022 2728 φωνὴ,

451 2757 547 2811 καί
566 2756 935 2827 πληροφορίαν
961 2754 1218 2826 ἐμϐάλλει
1242 2754 1365 2817 ταῖς
1386 2752 1494 2805 τῶν
1514 2750 1777 2805 νοούντων
1798 2750 2024 2819 ψυχαῖς,

448 2848 566 2917 ἅμα
589 2848 643 2900 δὲ
673 2848 767 2901 καὶ
794 2849 1039 2902 κοινωνεῖ
1054 2847 1253 2917 τρόπον
1267 2844 1389 2901 τινὰ
1408 2843 1516 2897 τῶν
1540 2841 1825 2913 ἡμετέρων
1846 2839 2023 2912 ᾠδῶν,

2128 1742 2297 1796 ﬁrma.
2344 1741 2402 1795 Si
2434 1741 2607 1805 enim,
2636 1742 2729 1806 ait,
2760 1739 3041 1807 oportebat
3064 1743 3169 1792 'nos
3200 1752 3262 1791 ex
3299 1745 3485 1791 nostra
3521 1735 3697 1804 digni-

2053 1809 2098 1867 θ
2126 1843 2237 1889 tate
2273 1833 2475 1899 audiri,
2507 1833 2772 1888 continuo
2790 1832 3168 1885 dubitarenius
3200 1844 3325 1884 cum
3362 1829 3444 1884 vel
3475 1828 3696 1898 quando

2130 1927 2297 1995 probe
2327 1925 2559 1995 agimus,
2590 1924 2873 1979 versatiles
2932 1930 3273 1984 constemus,
3318 1934 3418 1975 nec
3452 1935 3692 1989 unquam

2127 2017 2182 2071 in
2248 2017 2439 2073 iisdem
2493 2023 2932 2085 perseverantes.
2990 2013 3121 2079 Qua:
3180 2028 3309 2066 vero
3353 2019 3484 2066 sunt
3551 2007 3695 2076 apud

2127 2108 2317 2176 Deum,
2354 2121 2556 2165 mterna
2597 2118 2724 2164 sunt
2784 2109 3045 2176 senioque
3094 2105 3380 2169 immunia,
3415 2115 3470 2157 et
3515 2104 3698 2171 petitis

2126 2196 2231 2251 frui
2269 2199 2412 2263 licet,
2448 2199 2572 2251 inde
2603 2212 2708 2251 non
2759 2197 2966 2264 justum
3020 2197 3091 2249 sit
3120 2196 3370 2248 dubitare
3413 2194 3483 2246 ita
3520 2201 3573 2244 ut
3610 2208 3700 2242 re-

2126 2300 2273 2344 ctum
2314 2305 2418 2344 nou
2464 2289 2602 2344 foret
2632 2289 2903 2344 dubitare.
2930 2290 3273 2355 Responsum
3324 2287 3488 2355 igitur
3519 2285 3697 2353 quod--

2126 2382 2248 2435 dam
2279 2381 2527 2435 divinum
2558 2381 2814 2451 exprimit
2846 2398 2977 2437 sane
3003 2382 3187 2450 petitis
3235 2394 3335 2433 vox
3375 2379 3697 2435 sacerdotis,

2124 2482 2176 2528 et
2211 2474 2603 2543 plenitudinem
2630 2474 2801 2542 injicit
2835 2474 2885 2526 iu
2918 2474 3267 2542 prudentium
3293 2473 3528 2534 animos,
3566 2487 3701 2523 uno-

2127 2582 2235 2637 que
2267 2567 2558 2636 participat
2593 2567 2779 2636 aliquo
2832 2569 2993 2621 modo
3031 2575 3250 2620 nostros
3281 2575 3476 2619 cantus
3504 2565 3703 2649 Quibus

2127 2659 2425 2714 enuntians
2456 2671 2540 2713 est
2578 2677 2592 2714 :
2635 2670 2685 2712 et
2722 2675 2821 2715 nos
2856 2677 3049 2716 rursus
3096 2662 3143 2714 ei
3176 2675 3383 2729 preces,
3421 2660 3474 2713 in
3507 2659 3705 2726 quibus

2130 2749 2281 2805 taciti
2305 2749 2618 2820 praebemus
2656 2766 2817 2806 aures
2867 2752 3201 2817 enuntiauti,
3246 2760 3300 2805 et
3332 2751 3586 2805 addimus
3619 2764 3702 2803 re-

2131 2840 2485 2910 spondentes,
2509 2842 2693 2897 Amen.

445 2940 514 2995 δι’
539 2932 615 2994 ὧν
638 2940 872 3010 ἐκφωνεί
895 2955 910 2970 ο
963 2940 1059 2992 καὶ
1092 2940 1256 3009 ἡμεῖς
1298 2934 1458 3001 αὖθις
1484 2934 1635 3007 αὐτῷ
1670 2934 1779 2988 τῶν
1823 2931 2020 3003 εὐχῶν,
2060 2935 2119 2990 ἐν
2151 2927 2232 2997 οἷς
2258 2932 2534 3004 ύπέχομεν
2563 2935 2894 3003 ὲκφωνοῦντι
2918 2935 2986 2989 τὰ
3016 2930 3132 2989 ὦτα
3177 2938 3326 3004 σιγῇ,
3396 2935 3492 2988 καὶ
3533 2952 3703 3007 προτ-

448 3032 824 3101 επιφωνοῦμέν
856 3045 919 3097 γε
949 3029 1036 3093 τὸ,
1082 3028 1285 3098 Ἀμήν.

972 3122 1113 3192 Περὶ
1140 3122 1493 3191 τροπαρίων.

516 3219 798 3291 Τροπάρια
824 3217 1057 3286 λέγομεν
1078 3214 1229 3284 παρὰ
1248 3214 1347 3284 τὴν
1371 3214 1599 3283 τροπὴν,
1627 3214 1727 3267 ὅσα
1752 3213 1859 3266 τῶν
1883 3213 2022 3283 ψαλ-

452 3310 694 3379 λομένων
726 3306 1149 3376 ὑποτέτραπται,
1190 3306 1284 3358 καὶ
1315 3303 1451 3373 πρὸς
1490 3303 1651 3374 ἔτερα
1694 3303 1790 3373 τὴν
1820 3306 2023 3372 ἀναφο-

455 3400 552 3468 ρὰν
580 3397 691 3466 ἔχει
725 3396 863 3448 κατὰ
888 3394 951 3448 τὸ
979 3395 1160 3465 μέλος,
1193 3395 1228 3463 ἢ
1267 3394 1431 3465 ἕτερα
1461 3395 1595 3465 πρὸς
1628 3394 1786 3449 αὐτά.
1814 3394 1899 3449 Τὰ
1926 3398 2025 3447 αι-

452 3492 520 3545 τὰ
556 3490 613 3544 δέ
645 3507 743 3543 που
778 3489 870 3541 καὶ
901 3486 1160 3557 στιχηρὰ,
1192 3486 1281 3541 διὰ
1310 3488 1370 3540 τὸ
1400 3486 1613 3556 στίχους
1642 3485 1822 3539 αὐτῶν
1853 3486 2023 3557 προᾴ-

451 3580 634 3633 όεσθαι
674 3580 821 3649 παρὰ
866 3577 960 3631 τοῦ
994 3576 1308 3647 Ψαλτῆρος,
1366 3576 1399 3647 ἢ
1440 3576 1705 3647 ἑτέρωθεν
1761 3575 2024 3645 εἰλημμέ-

454 3694 595 3740 νους.

1050 3766 1189 3834 Περὶ
1209 3765 1449 3838 είρμῶν.

531 3861 765 3933 Εἰρμοὺς
784 3862 872 3915 διὰ
887 3861 946 3915 τὸ
972 3864 1050 3924 εἰς
1066 3862 1259 3925 αὐτοὺς
1287 3858 1684 3930 ὶπιπεπλέχθαι
1712 3860 1778 3913 sit
1804 3860 2022 3930 ἐφεξῆς,

457 3955 550 4008 καὶ
580 3949 690 4007 οἷον
718 3952 904 4022 σειρὰν
932 3969 1051 4006 τινα
1095 3953 1223 4022 μίαν
1264 3950 1326 4018 ἐξ
1343 3950 1523 4004 αὐτῶν
1560 3948 1828 4019 γίνεσθαι.

1009 4129 1148 4197 Περί
1190 4130 1474 4197 κανόνος.
1539 4136 1542 4139 ’
1918 4172 1919 4175 η

522 4221 595 4276 Τὸ
622 4222 676 4276 δὲ
710 4222 773 4275 ὲκ
799 4220 907 4274 τῶν
935 4221 1142 4290 εἰρμῶν
1172 4220 1447 4291 ἄθροισμα
1479 4222 1600 4276 καθ⁹
1633 4222 1863 4278 ἕκαστον
1888 4220 2023 4296 ἦχον

452 4315 510 4365 ὲν
539 4316 654 4375 ταῖς
688 4312 842 4367 ἐννέα
891 4312 1053 4383 ᾠδαῖς
1087 4312 1290 4366 κανόνα
1336 4313 1629 4384 καλοῦμεν,
1682 4314 1771 4369 διὰ
1806 4316 1885 4372 .τό
1940 4316 2027 4369 ἀεὶ

453 4403 649 4468 ἐξεῖναι
677 4405 784 4463 τοῖς
819 4403 921 4473 ήδη
951 4403 1337 4473 γεγενημένοις
1380 4405 1595 4476 ἐτέρους
1628 4405 1918 4471 ἐπιποιεῖν,
1949 4404 2025 4467 ὼς

454 4492 589 4553 ποὺς
611 4493 805 4554 αὐτοὺς
828 4492 1286 4561 ἀναφερομένους.

953 4582 1090 4648 Περί
1116 4580 1509 4645 καταϐασίας.

533 4668 805 4733 Ὡσαύτως
842 4672 898 4724 δὲ
930 4672 1022 4725 καὶ
1054 4670 1381 4736 καταόασία,
1421 4670 1508 4724 διὰ
1554 4668 1615 4722 τὸ
1656 4671 2024 4736 καταϐιβάζε-

459 4764 582 4836 σθαι
613 4764 746 4833 πρὸς
778 4762 946 4833 αὐτὴν
975 4764 1045 4817 τὰ
1068 4763 1230 4817 λοιπά

946 4877 1086 4944 Περί
1116 4877 1542 4947 προκειμένων.

527 5031 607 5085 Τὰ
643 5033 980 5104 προκείμενα
1009 5035 1118 5087 τῶν
1152 5037 1510 5106 προφητικῶν
1546 5055 1604 5091 τε
1642 5038 1735 5092 καὶ
1795 5038 2028 5092 ἀποστο-

456 5125 619 5178 λικῶν
659 5125 893 5196 Γραφῶν
939 5126 1032 5178 καὶ
1085 5125 1180 5180 τοῦ
1231 5126 1563 5196 Εὐαγγελίου
1612 5130 2024 5199 προτάττονται.

456 5216 632 5285 Στίχοι
661 5216 717 5270 δέ
765 5219 900 5269 εἰσιν
920 5215 996 5280 ὡς
1019 5217 1081 5271 τὸ
1103 5218 1235 5273 πολὺ
1260 5220 1409 5290 παρά
1440 5222 1550 5275 τῶν
1581 5220 1831 5290 ψαλμῶν,
1899 5199 2028 5289 eo}.

456 5310 632 5375 γενεῖς
686 5311 753 5380 τῇ
811 5309 988 5379 ἐννοίᾳ
1031 5310 1140 5365 τῶν
1193 5313 1737 5383 ἀναγινωσκομένων,
1787 5313 1880 5366 καὶ
1915 5306 2025 5366 οἷον

458 5399 1005 5471 προσμαρτυροῦντες
1042 5403 1245 5466 αὐτοῖς.
1296 5403 1451 5473 ’Ἅμα
1494 5404 1549 5457 δὲ
1601 5405 1695 5457 καὶ
1755 5404 2026 5459 λεαίνουσι

456 5506 570 5550 πως
604 5489 702 5559 τὴν
731 5491 898 5561 ἀκοὴν
926 5491 1184 5563 ᾀδόμενα,
1238 5495 1333 5548 καὶ
1379 5496 1443 5565 τῇ
1492 5496 1797 5563 ἀναγνώσει
1847 5512 2027 5566 παρα-

456 5580 797 5646 εκευάζουσι.

975 5673 1117 5741 Περὶ
1142 5671 1258 5727 τῶν
1284 5675 1531 5743 στίχων.

520 5761 598 5814 Τὰ
637 5762 729 5817 τοῦ
758 5763 939 5834 στίχου
965 5763 1233 5833 λεγόμενα
1290 5766 1583 5837 τροπόιρια,
1632 5768 1720 5821 διὰ
1764 5772 1824 5822 τὸ
1867 5771 2018 5839 λέγε-

2718 3118 2793 3172 De
2827 3120 3102 3187 tropariis.
3190 3160 3205 3165 ί

2192 3207 2455 3277 Troparia
2484 3209 2721 3266 dicimus
2774 3220 2997 3279 propter
3061 3215 3500 3279 conversionem,
3557 3233 3706 3284 quieo

2126 3316 2343 3372 cunque
2374 3317 2438 3356 ex
2478 3303 2561 3355 bis
2592 3320 2714 3373 qua:
2746 3307 3072 3375 psalluntur,
3107 3318 3518 3373 convertuntur,
3540 3320 3590 3364 et
3639 3314 3702 3362 ad

2124 3391 2229 3445 alia
2287 3395 2561 3461 pertinent
2610 3406 2749 3464 apte,
2792 3400 2875 3452 vel
2933 3399 3114 3465 adea,
3150 3401 3276 3455 alia.
3323 3401 3517 3455 Eadem
3577 3412 3704 3455 sunt

2126 3503 2259 3542 sane
2290 3497 2337 3541 et
2362 3488 2619 3553 stiebera,
2646 3492 2773 3557 quia
2802 3509 2988 3548 eorum
3026 3510 3216 3551 versus
3241 3496 3610 3565 prmcinuntur
3638 3513 3702 3549 ex

2127 3580 2382 3649 psalterio
2412 3581 2493 3637 vel
2529 3583 2748 3639 aliunde
2776 3589 3041 3657 excerpti.

2764 3763 2840 3817 De
2861 3765 3067 3821 lu'rmis.

2201 3845 2419 3905 Hirmos
2443 3851 2677 3909 dicimus
2706 3856 2831 3923 quia
2868 3858 2920 3909 in
2962 3857 3182 3927 eiSqnze
3220 3861 3415 3915 seriem
3441 3862 3699 3931 cilicium,

2128 3939 2415 3996 intertexta
2460 3955 2612 4010 sunt,
2679 3948 2825 4003 unde
2876 3958 2929 4003 et
2976 3953 3133 4019 quasi
3162 3952 3441 4010 funiculus
3471 3956 3696 4024 quidam

2127 4029 2378 4088 eﬂicitur.
3143 4035 3148 4041 ”

2310 4122 2611 4180 De‘canone
2638 4143 2702 4181 ea:
2723 4127 2967 4197 pluribus
2999 4133 3203 4202 hymnis
3228 4146 3522 4194 constante.

2200 4215 2275 4268 Ex
2318 4215 2508 4271 hirmis
2532 4220 2751 4285 seriem,
2780 4224 3076 4279 secundum
3122 4244 3394 4299 quemque
3426 4238 3619 4285 tonum
3649 4231 3702 4284 in

2131 4318 2325 4358 novem
2378 4306 2616 4375 hymnis.
2678 4325 2941 4366 canonem
3005 4319 3433 4388 vocamus,quia
3484 4333 3704 4391 semper

2131 4395 2370 4478 licet‘bis
2405 4398 2518 4466 jam
2550 4399 2750 4455 habitis
2803 4406 3004 4461 alteros
3039 4410 3274 4478 adjicere
3301 4412 3457 4484 quasi
3493 4415 3558 4467 ad
3605 4429 3700 4470 eos

2057 4499 2101 4554 ι)
2130 4487 2484 4556 pertinentes.

2428 4579 2505 4636 De
2529 4552 2932 4642 catabasia'sioe
2970 4591 3141 4645 hirmo
3173 4593 3343 4665 ﬁnali.

2198 4670 2404 4727 Eodem
2442 4675 2606 4730 modo
2630 4684 2683 4732 et
2712 4680 3011 4747 catabasia,
3060 4684 3187 4753 quia
3216 4686 3283 4741 ad
3311 4701 3428 4741 eam
3477 4688 3699 4748 descen-

2127 4763 2265 4819 dunt
2287 4774 2501 4822 caetera.

2130 4875 2208 4931 De
2236 4880 2522 4947 prepositis
2575 4892 2698 4937 ante
2747 4886 2997 4942 lectiones
3055 4906 3238 4945 sacras
3290 4894 3521 4950 versibus
3552 4899 3700 4965 psal-

2796 4973 3015 5012 morum.

2199 5040 2548 5111 Praejaceutia
2583 5047 2913 5118 propheticis
2938 5054 3359 5127 aposmlicisque
3391 5059 3695 5129 Scripturis

2128 5141 2182 5187 et
2209 5132 2504 5204 Evangeiio
2531 5138 2907 5210 przedisposita
2939 5157 3086 5202 sunt.
3122 5147 3323 5203 Versus
3357 5160 3538 5205 autem
3573 5163 3701 5207 sunt

2128 5223 2446 5295 plerumque
2473 5240 2537 5281 ex
2593 5228 2840 5296 psalmis,
2880 5246 3046 5289 sensu
3086 5235 3396 5295 eonformes
3444 5240 3526 5295 his
3577 5257 3699 5311 qua:

2127 5312 2400 5383 leguntur,
2449 5327 2501 5372 et
2553 5320 2635 5374 eis
2669 5322 2828 5389 quasi
2884 5325 3257 5383 testimonium
3311 5332 3698 5401 praehibentes.

2131 5403 2361 5476 Unaque
2408 5408 2721 5469 demulcent
2749 5414 3101 5486 aliquomodo
3151 5435 3334 5489 aures,
3366 5423 3699 5497 lectionique

2129 5512 2460 5569 praeparant.

2449 5682 2523 5737 De
2543 5685 2761 5752 psalmis
2793 5703 2884 5753 per
2904 5704 3076 5742 versus
3099 5688 3413 5750 decantatis.

2205 5773 2460 5830 Sticltarii
2520 5778 2660 5833 dicta
2721 5781 2978 5851 troparia,
3043 5783 3171 5851 quia
3225 5785 3280 5840 in
3316 5786 3398 5843 eis
3446 5788 3698 5845 nonnulli
