4152 6280
464 402 596 466 i233

1850 399 2227 461 ADDENDA.

3563 394 3709 461 19M

463 531 665 576 senius.
703 523 807 568 tam
840 527 933 580 per
975 521 1245 565 oratorem
1278 520 1452 573 tuum,
1480 526 1638 577 quam
1672 527 1768 581 per
1800 513 1857 566 lit
1886 530 2028 578 cras,
2062 522 2101 575 Α
2136 517 2306 584 gitare
2335 514 2584 579 velimus,
2616 515 2761 585 quod
2792 515 2928 569 duos
2959 512 3295 583 principatus
3332 513 3493 567 simili
3532 513 3707 567 forma

463 603 635 669 magis
664 615 821 669 quam
860 600 1021 652 rebus
1061 599 1192 653 satis
1234 599 1437 652 factum
1479 601 1565 654 iri.
1598 599 1792 669 Accipe
1843 603 2025 667 igitur,

462 694 778 746 rharissinte
832 691 926 756 ﬁli,
966 707 1082 758 qua:
1130 692 1328 746 dicturi
1373 708 1585 759 sumus,
1644 704 1899 762 tanquam
1962 697 2029 749 ab

461 786 835 839 amantissimo
870 785 1070 848 animo,
1125 800 1287 853 quem
1337 802 1463 840 vere
1499 796 1553 839 et
1590 788 1758 840 libere
1795 798 1845 841 te
1892 788 2028 839 allo-

461 888 717 946 quentein
759 877 977 945 dcputa.
1035 876 1169 929 Nam
1218 892 1315 931 nos
1372 878 1597 932 mini-ne
1635 893 1921 933 versamur
1974 880 2025 932 in

461 972 709 1033 dubium,
777 970 1040 1024 Joannem
1112 968 1468 1039 Palmol0gum
1520 971 1613 1023 tibi
1675 972 1728 1024 in
1807 971 2029 1038 imperio

462 1061 936 1129 prmdecessorem,
960 1061 1180 1113 fratrem
1214 1068 1269 1113 et
1300 1074 1618 1128 germanum
1656 1069 1828 1124 tuum,
1863 1061 1905 1111 si
1940 1074 2031 1111 vo-

466 1156 677 1221 luisset,
712 1169 810 1223 pro
840 1154 963 1208 data
996 1153 1096 1207 sibi
1127 1169 1155 1206 a
1190 1152 1297 1206 Deo
1319 1152 1623 1220 prudentia,
1658 1152 1797 1205 hanc
1828 1167 1937 1204 rem
1964 1152 2029 1205 ad

464 1246 677 1299 felicem
711 1246 1234 1300 consummationem
1278 1243 1577 1313 perducere
1626 1243 1890 1311 potuisse.
1928 1243 2031 1297 \‘e-

463 1344 766 1389 rumtamen
797 1351 917 1389 cum
953 1335 1042 1389 ille
1073 1336 1236 1389 nimis
1265 1334 1469 1403 cogitat
1499 1333 1641 1387 banc
1671 1348 1784 1387 rem
1825 1344 2034 1402 tempo-

463 1428 560 1481 iali
629 1429 794 1482 statui
842 1442 944 1482 suo
1015 1437 1295 1495 coaptare,
1350 1429 1416 1481 de
1482 1427 1665 1481 medio
1719 1427 2033 1481 subtractus

457 1528 565 1574 est.
595 1518 774 1572 Voluit
804 1518 986 1572 divina
1020 1518 1358 1587 providentia
1418 1528 1466 1572 te
1500 1533 1875 1574 successorem
1911 1518 2033 1581 eius

459 1611 534 1665 illi
588 1612 641 1665 in
706 1611 936 1680 imperio
1005 1610 1323 1681 subrogare.
1392 1609 1683 1664 Serenitati
1734 1624 1879 1663 nunc
1929 1620 2035 1665 tute

458 1701 851 1770 providendum
892 1710 995 1765 est,
1065 1716 1152 1766 ne,
1206 1716 1317 1753 rem
1373 1700 1579 1754 diutius
1641 1700 2030 1770 protrahendo,

457 1796 712 1850 eﬁiciaris
745 1809 971 1848 consors
1006 1804 1189 1848 reatus
1218 1802 1272 1846 et
1307 1807 1499 1861 paenae.
1532 1791 1815 1846 Nescimus
1844 1794 1887 1846 si
1940 1794 2033 1846 do-

456 1889 593 1950 lose,
630 1888 673 1942 si
727 1880 977 1956 religiose
1032 1886 1098 1938 de
1149 1884 1459 1938 Christiana
1518 1884 1776 1953 religione
1827 1886 2029 1955 cogita-
2061 1878 2104 1937 Β

457 1994 623 2032 unus:
657 1978 711 2029 in
746 1992 913 2047 regno
942 1975 1202 2029 caelorum
1241 1974 1421 2027 locum
1467 1974 1582 2027 dari
1623 1989 1784 2043 posse
1828 1975 1894 2029 iis
1938 1975 2029 2043 qui

457 2084 485 2121 a
524 2067 817 2122 christiana
856 2067 1062 2118 unitate
1094 2063 1441 2119 dissentiunt.
1480 2060 1611 2115 Nam
1648 2063 1715 2116 de
1748 2061 1893 2115 facto
1924 2064 2034 2131 pri-

459 2160 659 2221 mario,
711 2157 988 2225 quoddam
1044 2154 1329 2208 exordium
1380 2153 1708 2208 Christianae
1756 2153 2034 2222 religionis

454 2260 541 2305 est
570 2249 884 2320 Symbolum
922 2248 1194 2318 proliteri,
1228 2248 1283 2301 in
1332 2263 1439 2315 quo
1470 2262 1631 2300 unam
1687 2256 1932 2301 sanctam
1979 2258 2033 2303 et

457 2342 784 2397 catholicam
840 2341 1162 2394 conﬁtemur
1220 2339 1544 2404 Ecclesiam,
1605 2354 1726 2406 qua-
1790 2339 2034 2406 profecto

455 2449 562 2488 una
591 2448 712 2491 esse
740 2448 846 2487 non
882 2433 1101 2501 poterit,
1142 2432 1241 2485 nisi
1277 2432 1441 2485 unius
1486 2429 1650 2499 capiti
1684 2432 1870 2486 omnia
1915 2432 2034 2502 ejus

455 2529 697 2583 membra
731 2526 1121 2592 respondeant,
1144 2539 1253 2591 quo
1274 2523 1565 2593 dirigente,
1596 2531 1652 2577 et
1680 2524 1852 2579 vicem
1890 2524 2034 2579 illius

454 2621 642 2675 aeterni
694 2618 974 2672 Pontiﬁcis
1008 2616 1310 2682 obtinente,
1366 2616 1458 2685 qui
1514 2623 1705 2685 regnat
1751 2614 1805 2669 in
1855 2617 2032 2681 caelis,

455 2724 680 2765 necesse
710 2718 794 2762 est
822 2708 970 2762 illius
1000 2711 1262 2769 membra,
1306 2707 1516 2776 mystici
1567 2710 1812 2775 corporis
1860 2722 2023 2761 mem-

456 2797 575 2861 bra,
608 2796 673 2850 ad
706 2810 801 2848 sua
834 2796 1134 2851 ministeria
1170 2808 1490 2849 moveantur
1520 2812 1532 2848 :
1569 2804 1643 2849 ut.
1671 2799 1716 2849 sl
1769 2810 1912 2852 recte
1945 2812 2037 2851 co-

464 2972 777 3041 προσθεῖναι
804 2971 1081 3037 ἐϐούλετο,
1110 2972 1267 3023 οὐθὲν
1300 2973 1363 3022 ἂν
1398 2966 1467 3039 ἦν
1521 2972 1791 3038 ἐμποδὼν,
1853 2976 1923 3041 μὴ
1960 2976 2036 3035 είς

460 3066 614 3127 τέλος
650 3064 871 3132 εὐτυχὲς
900 3066 967 3116 τά
1000 3064 1095 3131 τῆς
1145 3066 1417 3127 ἑνώσεως,
1470 3066 1857 3133 προχωρῆσαι.
1924 3067 2037 3118 Νῦν

458 3159 513 3210 δὲ
542 3158 654 3211 ἄλλ’
682 3158 798 3229 ἀττέ
818 3157 878 3208 οὐ
910 3156 1087 3217 καλῶς
1118 3157 1227 3208 alet
1265 3156 1717 3225 προαιρούμενος,
1748 3160 1839 3212 καὶ
1875 3159 2037 3230 ἔργον

463 3252 607 3303 θεῖον
634 3249 899 3319 ἐπιθυμίᾳ
925 3249 1266 3316 πραγμάτων
1292 3240 1607 3315 πολιτικῶν,
1682 3252 1885 3320 μᾶλλον
1944 3251 2037 3304 τοῦ

402 3396 410 3407 _,
462 3345 672 3405 δέοντος
696 3339 1150 3409 φιλοτιμούμενος
1201 3339 1535 3406 ἐφαρμόσαι,
1563 3341 1818 3411 ἐπίχειρα
1841 3358 2037 3410 προαι-

463 3436 663 3504 ρέσεως
698 3434 797 3487 οὐκ
827 3435 1039 3503 ἀγαθῆς
1072 3434 1459 3502 καταστροφὴν
1494 3434 1582 3484 τοῦ
1617 3431 1733 3500 βίου
1767 3432 2035 3499 λαμϐἑ·.ει

462 3529 615 3595 παρά
659 3527 818 3591 Θεοῦ,
881 3526 948 3579 ἵν’
997 3526 1158 3593 αὐτὸς
1222 3526 1319 3593 μὲν
1376 3525 1569 3577 θᾶττον
1628 3524 1873 3577 ἐκποδὼν
1928 3528 2037 3587 τοῖς

465 3619 755 3687 πράγμασι
792 3618 1034 3689 γένηται,
1072 3618 1258 3686 ἔτερος
1286 3617 1342 3669 δέ
1379 3634 1463 3678 τις
1491 3616 1600 3667 τῶν
1630 3615 1791 3668 θείων
1844 3632 2038 3684 προαι-

466 3710 824 3779 ρετικώτερος
848 3710 946 3774 τήν
1004 3724 1063 3759 τε
1100 3708 1273 3776 ἀρχὴν
1315 3704 1632 3776 παραλάϐῃ.
1666 3705 1761 3757 καὶ
1807 3703 1923 3771 ἅμα
1970 3704 2036 3754 τὰ

459 3802 538 3869 τῷ
566 3800 685 3869 Θεῷ
709 3801 967 3853 δοκοῦντα
1000 3800 1323 3870 ὑπουργήσῃ
1357 3798 1540 3860 εὐθύς.
1569 3796 1661 3849 Διδ
1702 3798 1762 3849 σὲ
1791 3797 1855 3865 δὴ
1892 3798 2038 3863 γένει

464 3896 562 3964 μὲν
592 3893 817 3961 ἀδελφὸν
853 3894 980 3947 ὄντα
1013 3892 1248 3957 ἐκείνου,
1300 3893 1470 3961 ἀρετῇ
1520 3890 1574 3942 δὲ
1633 3890 1814 3960 πολλῷ
1868 3891 2038 3942 ⁴ιτλείω

460 3986 808 4053 διαφέροντα,
839 3987 872 4052 ἡ
900 3985 967 4036 τὰ
991 3984 1169 4037 πάντα
1216 3982 1495 4036 διοικοῦσα
1530 3983 1759 4051 πρόνοια
1810 3983 1887 4042 είς
1939 3982 2038 4051 τὴν

463 4078 633 4144 αὐτὴν
662 4076 836 4144 ἀρχὴν
864 4074 1147 4142 ἀγαγοῦσα
1188 4074 1535 4142 καθίστησιν,
1585 4074 1673 4127 ἴνα
1729 4073 1838 4126 τῶν
1875 4073 2037 4124 θείων

463 4166 807 4233 πραγμάτων
838 4165 1107 4233 ἀμελῆται
1139 4164 1327 4231 μηδὲν,
1364 4166 1428 4215 ὲκ
1459 4164 1735 4232 μηδεμιᾶς
1763 4164 1874 4215 τῶν
1910 4165 2037 4230 περὶ

461 4259 555 4310 τὸν
579 4256 917 4325 ἀνθρώπινον
946 4256 1155 4307 τουτονὶ
1212 4254 1329 4322 βίον
1361 4254 1689 4321 προφάσεως
1718 4270 1732 4283 ·
1786 4254 1909 4306 ὅθεν
1970 4254 2037 4322 σὴ

466 4351 558 4401 καὶ
590 4348 829 4401 σκεπτέα
862 4365 945 4399 σοι
992 4346 1088 4399 νῦν
1147 4347 1287 4411 ἐστι,
1346 4345 1439 4398 καὶ
1504 4344 1811 4415 προνοητέα
1859 4344 2035 4398 σθένει

467 4440 647 4503 παντὶ,
670 4440 819 4500 ὅπως
847 4440 919 4507 μὴ
954 4438 1045 4491 καὶ
1080 4438 1143 4490 σὺ
1176 4437 1339 4490 πάλιν
1359 4437 1466 4490 τῶν
1489 4437 1690 4503 αὐτῶν,
1728 4435 1871 4491 ἑκῶν
1902 4438 2035 4506 ἀμε-

2009 3207 2109 3264 LC

2135 608 2396 672 viventes,
2428 618 2605 662 tamen
2642 607 2878 678 propriis
2929 607 3167 674 regibus,
3208 605 3368 659 etiam
3414 605 3710 673 imperato-

2132 699 2281 753 ribus
2310 700 2629 761 servientes,
2669 713 2837 752 unum
2875 713 2980 752 non
3020 712 3147 751 esse
3201 696 3481 765 periniuet
3531 696 3709 763 impe-

2132 790 2296 844 rium.
2329 790 2699 845 Intelleximus
2722 791 2868 845 enim
2892 788 3094 843 diversi
3122 797 3298 842 status
3332 786 3547 855 imperii
3584 787 3709 840 inde

2132 883 2347 952 prodire
2374 882 2661 948 rationem,
2712 883 2855 951 quod
2896 882 3066 934 divisa
3099 881 3271 948 capita
3304 879 3403 932 sibi
3443 893 3549 931 non
3579 879 3709 930 sub-

2131 975 2405 1043 ordinata,
2493 975 2585 1028 sed
2644 973 2797 1041 quasi
2851 973 2918 1027 de
2989 979 3256 1040 potestate
3293 968 3704 1031 contendentia,

2134 1080 2301 1118 unum
2332 1078 2455 1118 esse
2492 1079 2597 1117 non
2634 1063 2915 1133 patiuntur
2950 1062 3259 1131 imperiunm.
3296 1060 3373 1112 Ex
3416 1074 3524 1126 quo
3556 1057 3707 1111 {acil-

2130 1156 2262 1211 lime
2311 1155 2473 1210 datur
2525 1155 2776 1267 intelligi,
2827 1170 2990 1208 unam
3041 1169 3147 1206 non
3199 1166 3358 1221 posse
3409 1148 3705 1203 Ecclesiam

2146 1266 2185 1267 ,,
2243 1251 2271 1267 η
2314 1251 2325 1262 ι
2379 1266 2427 1267 κη
2487 1249 2546 1267 ἔξω
2610 1249 2690 1267 μαι
2756 1248 2845 1267 ---με
2928 1245 3084 1267 ---ξιξ
3159 1242 3381 1267 -..|.A....-
3430 1247 3681 1267 ..λιιι-..ιιιηο

2132 1251 2327 1306 conﬁci
2368 1266 2430 1302 ex
2486 1249 2551 1302 iis
2601 1242 2848 1317 qui'uni
2921 1245 3085 1315 capiti
3157 1242 3383 1298 subesse
3429 1247 3703 1295 recusant.

2133 1340 2244 1397 Nec
2273 1340 2470 1409 aliquid
2506 1350 2611 1404 est,
2648 1338 2789 1409 quod
2824 1340 2894 1390 ita
2926 1338 3209 1391 evidenter
3236 1334 3316 1387 vel
3364 1332 3597 1401 politica:
3622 1328 3707 1383 vel

2135 1433 2345 1500 imperii
2381 1440 2572 1500 arguat
2624 1431 2910 1491 unitatem,
2944 1443 3106 1497 quam
3153 1424 3297 1494 quod
3344 1424 3525 1477 unitas
3556 1422 3709 1491 priu-

2134 1526 2367 1592 cipatus.
2398 1523 2507 1577 Nee
2533 1524 2694 1577 unica
2731 1523 2926 1585 forma,
2957 1520 3038 1575 vel
3090 1519 3215 1574 linis
3269 1516 3486 1570 unionis
3517 1514 3709 1568 divisis

2136 1616 2532 1687 principatibus
2564 1621 2794 1683 possunt
2830 1627 2953 1666 esse
2994 1609 3329 1664 communia.
3361 1606 3587 1661 Unionis
3617 1619 3712 1657 au-

2135 1717 2242 1764 tem
2277 1718 2453 1760 motor
2481 1706 2738 1768 eﬁieiens,
2770 1704 2851 1759 vel
2881 1704 3073 1756 ductor
3099 1715 3391 1770 supremus
3422 1714 3486 1752 ex
3522 1711 3713 1750 neces-

2136 1801 2292 1855 sitate
2332 1800 2553 1853 unicum
2593 1797 2770 1867 arguit
2817 1796 3224 1865 principatum;
3250 1809 3380 1863 ergo
3408 1794 3590 1847 omnis
3617 1789 3710 1860 qui

2136 1907 2298 1946 unam
2328 1891 2623 1945 conﬁtetur
2653 1888 2973 1952 Ecclesiam,
3022 1903 3143 1957 qua:
3177 1887 3233 1940 in
3274 1895 3386 1941 tcto
3423 1886 3557 1941 orbe
3602 1883 3712 1938 dif-

2134 1979 2253 2033 fusa
2300 1987 2408 2045 est,
2440 1986 2656 2046 oportet
2696 1987 2756 2032 ut
2805 1993 2974 2031 unum
3024 1984 3288 2044 agnoscat
3338 1985 3501 2044 caput
3547 1976 3713 2029 totius

2136 2071 2424 2125 militantis
2462 2069 2742 2132 Ecclesiae,
2804 2069 2892 2123 cui
2928 2084 3121 2137 parere
3161 2078 3215 2122 et
3265 2068 3488 2121 obedire
3524 2075 3711 2120 tenea-

2138 2174 2244 2216 tur.
2276 2162 2433 2216 lllnm
2463 2175 2863 2231 recognoscens
2890 2160 3053 2214 etiam
3088 2159 3367 2214 Pontiﬁcis
3394 2157 3521 2212 Jesu
3550 2158 3711 2212 Chri-

2135 2253 2200 2306 sti
2238 2250 2450 2305 Domini
2481 2251 2658 2306 nostri
2690 2251 2862 2306 vicem
2894 2259 3079 2306 tenere
3122 2250 3175 2303 in
3209 2253 3386 2313 terris,
3415 2259 3470 2303 et
3497 2249 3583 2303 cui
3620 2264 3712 2317 pa-

2138 2358 2256 2398 rere
2290 2358 2513 2399 necesse
2546 2344 2637 2397 sit.
2913 2401 2920 2409 ,

2209 2437 2350 2506 Ergo
2380 2437 2471 2506 qui
2508 2437 2623 2491 vult
2658 2452 2783 2493 vere
2812 2435 3121 2506 Symbolum
3171 2443 3225 2490 et
3252 2449 3414 2489 unam
3464 2442 3711 2490 sanctam

2140 2525 2437 2579 Eeclesiam
2488 2526 2812 2579 catholicam
2855 2526 3120 2596 proﬁteri,
3163 2533 3346 2581 teneat
3388 2540 3556 2579 unum
3590 2539 3713 2579 esse

2137 2627 2301 2687 caput
2328 2616 2587 2672 Ecclesia:
2634 2618 2946 2682 militantis,
2979 2620 3065 2673 eui
3096 2618 3321 2673 obedire
3359 2632 3583 2673 necesse
3616 2617 3712 2672 sit.

2136 2712 2248 2766 Nec
2266 2726 2504 2781 unquam
2538 2712 2593 2767 in
2616 2709 2708 2766 Dei
2743 2698 2981 2766 Ecclesia
3015 2711 3309 2767 schismata
3332 2720 3710 2771 surrexerunt,

2141 2804 2243 2858 nisi
2282 2819 2348 2858 ex
2379 2803 2465 2857 liis
2517 2804 2611 2871 qui
2642 2803 2769 2858 huic
2801 2802 2964 2873 capiti
2997 2802 3222 2859 subesse
3259 2803 3565 2858 noluerunt.
3606 2802 3712 2857 Ex-

2139 2967 2230 3016 ὲπὶ
2257 2965 2316 3016 τὸ
2350 2965 2551 3016 οἰκεῖον
2578 2962 2862 3029 κινήσεται
2886 2962 3067 3031 ἔργον.
3099 2963 3207 3015 Καὶ
3241 2961 3338 3031 μὲν
3374 2960 3438 3030 δὴ
3492 2961 3714 3013 πόλεοιν

2139 3056 2287 3106 δυοῖν
2316 3052 2362 3103 τ’
2395 3053 2530 3105 ἄλλα
2568 3053 2669 3117 μὲν
2703 3050 2957 3119 ὲχούσαιν
2978 3050 3203 3115 ὁμοίως.
3237 3052 3461 3119 ἄρχοντι
3515 3050 3572 3102 δὲ
3635 3051 3713 3119 μὴ

2142 3144 2327 3198 οὔσαιν
2358 3144 2433 3214 τῷ
2484 3143 2632 3212 αὐτῷ
2672 3145 2956 3211 ὑπηκόοιν.
3001 3143 3175 3196 αἴτιον
3219 3143 3309 3195 τοῦ
3352 3142 3482 3209 μίαν
3526 3144 3713 3209 γίγνεα

2145 3238 2266 3290 σθαι
2304 3237 2607 3305 ἠγεμονίαν
2631 3237 2813 3305 ἥκιστ’
2837 3236 3067 3299 ἐθέλειν,
3102 3237 3261 3288 οὐθὲν
3305 3236 3433 3289 ἀλλο
3463 3237 3715 3303 φαίνεται

2146 3327 2440 3379 σκοποῦσιν
2468 3327 2666 3395 ὀρθῶς,
2705 3327 2736 3396 ἢ
2763 3327 2874 3379 τῶν
2900 3326 2965 3379 τὰ
2990 3327 3229 3395 ἄρχοντα
3262 3326 3357 3378 δύο
3416 3326 3567 3390 ὄντα,
3618 3326 3714 3377 καὶ

2146 3419 2443 3487 μηδέτερον
2500 3417 2714 3488 θατέρῳ
2764 3419 3026 3485 ὑπήκοον,
3103 3417 3237 3470 ἀλλά
3298 3417 3550 3485 ἀλλήλοιν
3604 3417 3715 3469 τῶν

2143 3509 2427 3576 πρωτείων
2464 3509 2862 3577 ἀμιλλομένων,
2899 3508 3028 3577 μίαν
3061 3508 3159 3567 οὐκ
3188 3510 3251 3579 ἐᾷ
3271 3508 3552 3576 γίγνεσθαι
3584 3509 3715 3576 ἡγε-

2145 3603 2336 3672 μονίαν
2368 3602 2475 3652 τῶν
2504 3600 2662 3655 ὅλων.
2690 3598 2902 3652 υῦκουν
2937 3601 2996 3653 οὐ
3028 3600 3081 3651 δὲ
3114 3602 3451 3669 χριστιανοῖς
3485 3595 3598 3651 οἷόν
3651 3615 3713 3649 τε

2145 3695 2275 3764 μίαν
2297 3695 2425 3745 ποτε
2461 3694 2760 3761 ἐκκλησίαν
2823 3693 3013 3758 στῆναι
3063 3694 3125 3743 ὲκ
3176 3691 3286 3744 τῶν
3350 3691 3523 3760 μηθὲν
3571 3693 3713 3757 σφᾶς

2142 3788 2341 3849 αὐτοὺς
2367 3788 2588 3840 τάσσειν
2623 3784 2713 3852 ὑφ’
2744 3785 2839 3837 ἕνα
2878 3786 3115 3853 ἄρχοντα
3144 3783 3438 3837 ἐθελόντων
3473 3800 3488 3815 ο
3521 3784 3582 3835 οὐ
3604 3785 3713 3852 γὰρ

2142 3879 2286 3930 ἔστιν
2304 3878 2384 3929 ὅτι
2404 3876 2680 3928 πολιτείαν
2694 3876 2881 3944 ἥντινα
2900 3870 2993 3926 οῦν
3010 3872 3136 3941 μίαν
3156 3871 3247 3923 καὶ
3265 3872 3570 3940 ἀδιαίρετον
3583 3873 3716 3923 ἀπο-

2142 3968 2393 4037 φαίνεται
2434 3967 2654 4036 μᾶλλον,
2700 3971 2821 4029 τοῦ,
2856 3966 2915 4016 τὸ
2938 3963 2995 4016 ἓν
3031 3959 3171 4016 εἶναι
3198 3963 3259 4015 τὸ
3288 3963 3477 4033 κύριον
3510 3962 3715 4031 Ἀρχῆς

2144 4040 2242 4130 μὲν
2275 4059 2384 4125 γὰρ
2404 4056 2637 4125 σχῆμαῆ
2678 4055 2827 4115 τέλος
2860 4053 2940 4119 ἒν,
2970 4055 3070 4106 οὐκ
3105 4054 3367 4105 πλειόνων
3389 4053 3595 4123 κυρίων
3621 4055 3714 4119 γέ-

2140 4150 2273 4202 νοιτ’
2311 4151 2400 4215 ἂν,
2432 4149 2489 4200 ἓν
2515 4149 2571 4200 δὲ
2618 4148 2888 4216 κινήσεως
2947 4136 3232 4217 ποιητικὸν
3278 4146 3470 4207 αῐτιον,
3534 4144 3715 4197 show

2140 4240 2369 4309 πρώτως
2401 4239 2757 4294 διατακτικὸν
2791 4239 2886 4289 καὶ
2920 4236 3228 4290 διθυντικδν
3255 4234 3351 4288 τοῦ
3408 4235 3595 4299 αὑτοῦ,
3653 4235 3715 4287 ἓν

2138 4333 2198 4384 τὸ
2231 4332 2422 4403 κύριον
2451 4331 2510 4394 ἐξ
2531 4333 2779 4399 ἀνάγκης
2810 4330 3184 4381 ἀποδεικνύει.
3216 4328 3320 4379 Τὸν
3347 4328 3526 4380 τοίνυν
3586 4329 3710 4379 Ἐκ-

2140 4426 2370 4494 κλησίαν
2398 4425 2765 4496 ὁμολογοῦντα
2803 4424 2954 4491 μίαν,
2990 4425 3088 4494 τὴν
3120 4425 3198 4485 είς
3234 4425 3413 4474 πάντα
3450 4422 3591 4489 μέρη
3612 4422 3711 4488 τῆς

464 4534 655 4601 λήσεις,
697 4532 791 4582 καὶ
825 4530 898 4598 μὴ
952 4530 1130 4589 καλῶς
1167 4529 1244 4599 τῷ
1297 4514 1425 4597 θὲίφ
1474 4529 1827 4598 ὑπουργικῶς
1884 4529 2035 4598 θελή.
2070 4533 2112 4586 ο
2138 4516 3166 4601 οἰκουμένηςτπροϐιῦασθεῐσαν.ἓιιαδὴ
3195 4517 3401 4580 καὶτῆς
3431 4515 3555 4581 ὅλης
3594 4515 3714 4566 Ἐκ-

467 4640 618 4691 ματι,
670 4621 925 4682 κοινωνὸς
955 4621 1004 4671 τ’
1031 4620 1244 4688 ἀδελφῷ
1280 4622 1489 4691 γενήσῃ
1541 4621 1651 4672 τῶν
1682 4620 1815 4672 ἴσων
1844 4620 2039 4689 ἀδικη-

469 4718 656 4784 μάτων
692 4714 785 4766 γαὶ
806 4714 1108 4781 τιμωριῶν,
1144 4712 1217 4774 ὡς
1248 4712 1417 4775 εἰκὸς,
1464 4713 1574 4763 τῶν
1614 4711 1812 4764 αὐτῶν.
1855 4711 1930 4765 Οὐ
1966 4712 2039 4779 μὴ

468 4812 575 4877 γὰρ
610 4809 838 4871 δίκαιον,
867 4807 928 4858 οὐ
952 4805 1007 4857 δὲ
1038 4805 1185 4859 ὅσιον
1234 4802 1267 4871 ἢ
1306 4803 1434 4864 τοὺς
1476 4804 1552 4871 μὴ
1594 4802 1695 4870 τὴν
1738 4802 1847 4854 τῶν
1908 4802 2041 4869 Χρι-

470 4900 700 4953 στιανῶν
734 4899 929 4950 ἕνωσιν
975 4896 1071 4949 καὶ
1114 4894 1372 4963 ὁμόνοιαν
1437 4893 1903 4962 ὑποδεχουμένους
1945 4893 2041 4945 καὶ

440 4993 816 5060 ,πράσσοντας
843 4988 1038 5056 μοίρας
1060 4983 1128 5039 ἀν
1165 4982 1377 5037 οἴεσθαι
1424 4986 1609 5052 τυχεῖν
1638 4983 1737 5051 τῆς
1793 4983 2041 5053 οὐρανῶν

471 5079 828 5149 βασιλείας,ἢ
869 5079 1095 5147 χάριτος
1146 5074 1465 5145 ἡστινοσοῦν
1523 5074 1675 5143 παρά
1728 5073 1824 5125 τοῦ
1878 5072 2033 5127 Θεοῦ.

471 5174 629 5224 ’Ἔστι
661 5173 766 5238 γὰρ
832 5170 906 5231 ὡς
950 5168 1165 5238 ἀληθῶς
1210 5169 1307 5236 τῆς
1357 5166 1698 5236 Χριστιανῶν
1755 5167 2039 5226 εὐσεϐείας

465 5264 656 5329 ὥσπερ
703 5278 755 5313 τι
785 5262 1067 5325 προοίμιον
1100 5261 1133 5328 ἡ
1164 5259 1255 5313 τοῦ
1285 5258 1431 5327 ἱεροῦ
1464 5257 1733 5325 συμϐόλου
1756 5258 2035 5325 ὁμολογία,

467 5360 525 5407 ὲν
543 5349 586 5421 ᾧ
606 5356 734 5424 μίαν
766 5336 1133 5422 ὁμολογοῦμεν
1164 5352 1324 5416 ἁγίαν
1358 5351 1451 5402 καὶ
1480 5349 1774 5419 καθολικὴν
1809 5350 2039 5418 Ἐκκλη-

469 5447 613 5501 σίαν.
648 5445 864 5513 Ταύτην
896 5444 952 5497 δὲ
981 5446 1112 5512 μίαν
1148 5444 1417 5509 ὑπάρχειν
1450 5442 1547 5509 οὐχ
1586 5437 1695 5493 οἷόν
1742 5458 1822 5505 τε,
1863 5442 1929 5495 ἂν
1966 5442 2039 5511 μὴ

465 5541 535 5590 τὰ
568 5537 860 5603 σύμπαντα
889 5536 1061 5604 αὐτῆς
1097 5534 1239 5603 μέρη
1285 5534 1389 5586 ὑπὸ
1424 5534 1554 5601 μίαν
1589 5534 1831 5604 τυγχάνῃ
1874 5551 2042 5601 κεφα-

465 5627 746 5695 λὴνδντα.
837 5630 914 5691 Ης
993 5629 1101 5699 ἄρα
1161 5626 1336 5688 ἄλλως
1388 5625 1675 5695 ὀρθούσης,
1736 5626 2038 5693 ἰθυνούσης,

468 5716 564 5765 καὶ
594 5718 714 5766 ἀντὶ
749 5716 981 5782 Χριστοῦ
1007 5716 1099 5768 τοῦ
1143 5715 1315 5767 ἀϊδίου
1348 5714 1653 5784 ἀρχιερέως
1703 5714 2038 5782 προϊσταμέ-

468 5820 583 5869 νηί,
614 5803 971 5858 ἕκαστοντῶν
1028 5808 1119 5859 τοῦ
1186 5807 1449 5874 μυστικοῦ
1518 5803 1768 5871 σώματος
1834 5804 2041 5873 μορίων

2142 4610 2372 4678 κλησίας
2402 4606 2638 4677 ἄρχοντα
2677 4606 2916 4658 τίθεσθαι
2945 4605 3044 4668 δεῖ,
3085 4596 3127 4671 ᾧ
3163 4604 3485 4670 πειθόμενος
3532 4604 3714 4656 πάντα

2141 4703 2231 4753 τὸν
2263 4699 2456 4770 χρόνον
2484 4697 2773 4763 amntem,
2805 4697 2899 4748 ἆτε
2937 4696 2999 4762 δὴ
3026 4694 3118 4745 ἐπὶ
3150 4694 3254 4762 γῆς
3283 4695 3395 4745 ὄντι
3438 4692 3554 4747 ἀντ’
3610 4694 3713 4744 αὺ-

2140 4790 2233 4843 τοῦ
2278 4791 2371 4843 τοῦ
2398 4790 2616 4842 πάντων
2639 4789 2845 4858 Κυρίου
2882 4785 3056 4853 Ἰησοῦ
3091 4784 3333 4854 Χριστοῦ
3394 4786 3488 4838 καὶ
3538 4785 3712 4838 ἀϊδίου

2140 4882 2465 4953 ἀρχιερέως,
2497 4875 2543 4949 ᾧ
2575 4882 2778 4943 πάντας
2804 4877 3106 4931 ὑπακούειν
3138 4878 3358 4947 ἀνάγκη
3397 4878 3572 4931 πᾶσα.

2211 4971 2610 5041 Δεῖςτοιγαροῦν
2637 4973 2763 5033 τοὺς
2795 4972 2854 5023 τὸ
2890 4969 3160 5038 σύμϐολον
3195 4969 3291 5021 καὶ
3317 4969 3448 5039 μίαν
3486 4968 3716 5037 Ἐκκλη-

2144 5066 2266 5118 σία-ι
2296 5065 2579 5131 ὁμολογεῖν
2602 5062 2909 5127 ἀξιοῦντας,
2946 5061 3042 5113 ἕνα
3069 5061 3168 5130 τὴς
3223 5060 3350 5129 ὅλης
3388 5060 3719 5129 Ἐκκλησίας

2140 5156 2281 5211 εἶναι
2316 5158 2559 5226 ὑγεμονα
2590 5155 2855 5227 νομίζειν,
2885 5147 2928 5221 ᾧ
2972 5154 3187 5217 πάντας
3218 5154 3504 5207 πείθεσθαι
3546 5154 3717 5220 ἀναγ·

2142 5252 2298 5303 καῖον
2325 5250 2431 5318 είη.
2482 5249 2571 5311 Ὠς
2592 5248 2662 5300 τά
2702 5264 2762 5299 τε
2793 5248 3073 5317 σχίσματα
3101 5246 3275 5299 ὁπόσα
3300 5246 3365 5315 δὴ
3396 5248 3491 5299 καὶ
3522 5245 3714 5313 γέγονε

2143 5340 2365 5393 πώποτε
2398 5338 2528 5407 περὶ
2570 5337 2668 5407 τὴν
2696 5332 2834 5390 Θεοῦ
2883 5336 3235 5403 Ἐκκλησίαν,
3263 5335 3561 5403 οὐδαμόθεν
3612 5335 3713 5388 ἀλα

2141 5432 2295 5486 λοθεν
2331 5432 2472 5497 πλὴν
2508 5432 2661 5500 παρά
2682 5430 2791 5482 τῶν
2824 5429 2901 5499 μὴ
2927 5428 3269 5498 βουλομένων
3301 5429 3443 5495 σφᾶς
3479 5428 3717 5479 ὑποτάσ-

2146 5543 2259 5576 σειν
2288 5527 2370 5577 ἐνὶ
2396 5524 2627 5594 ἡγεμόνι
2658 5523 2886 5593 τοιούτῳ
2915 5521 3194 5593 εἰσερρύη.
3236 5522 3360 5581 Τοῖς
3390 5538 3448 5572 τε
3479 5522 3584 5585 ἔξω
3623 5536 3715 5572 ποι

2147 5616 2471 5684 φερομένοις
2502 5630 2560 5666 τε
2598 5614 2694 5667 καὶ
2724 5612 3139 5680 ἀφηνιάζουσιν.
3175 5612 3274 5664 οὐκ
3300 5611 3455 5667 ἔσται
3512 5609 3620 5661 οὐδ’
3681 5608 3715 5676 ἡ

2145 5708 2329 5758 τισοῦν
2366 5706 2607 5774 σωτηρία
2632 5722 2644 5735 ·
2681 5704 2876 5756 πολλοῦ
2906 5720 2966 5769 γε
2995 5704 3089 5756 καὶ
3148 5704 3248 5758 δεῖ.
3280 5703 3439 5754 Ὅσοι
3483 5702 3590 5768 γάρ
3636 5715 3717 5752 τοι

2146 5800 2203 5849 ἐν
2232 5801 2295 5867 τῇ
2343 5797 2531 5867 Piri-1w
2575 5796 2803 5865 ka'tpvaw.
2868 5795 2939 5863 μὴ
2999 5795 3524 5862 ἑγκατακλείσειντες
3590 5793 3713 5845 ἑαυ-
