4152 6280
385 410 518 475 1505

1009 410 1320 473 NICOLAI
1355 415 1396 474 V
1465 413 1703 472 EPIST.
1749 414 1845 472 AD
1873 413 2479 476 CONSTANTINUM
2525 366 2955 476 i'ALALOlCG.

2735 248 2767 268 η

3485 416 3504 477 l
3517 416 3620 478 266

378 537 457 580 tra
487 525 782 581 Ecclesium
814 541 920 578 non
953 534 1033 579 est
1069 526 1214 580 Salus
1239 541 1256 581 :
1285 527 1376 595 qui
1409 540 1518 580 non
1551 524 1651 578 fuit
1704 524 1756 578 in
1807 540 1934 578 arca
1965 532 2008 587 Α
2041 525 2203 596 hique
2254 527 2567 594 peculiaris,
2655 528 2804 598 gravi
2865 527 3180 597 captivitate
3250 526 3436 595 punita
3518 540 3621 581 est-

374 619 508 688 Noe,
556 617 760 672 diluvio
789 618 1014 680 interiit,
1064 627 1117 671 et
1149 619 1366 686 gravius
1418 617 1604 686 punita
1635 625 1762 669 sunt
1800 616 1945 668 schi-

375 721 549 763 smata
609 724 770 778 quam
800 709 904 762 alia
938 725 1272 779 quaecunque
1303 717 1538 778 peccata.
1573 705 1707 759 Nam
1759 707 1810 759 in
1837 705 1943 760 Co-

375 819 451 866 re,
488 800 693 855 Datban
758 810 811 853 et
842 799 1066 861 Ahiron,
1099 802 1190 870 qui
1235 801 1470 854 schisma
1501 800 1554 853 in
1604 795 1697 851 Dei
1749 796 1944 866 populo

377 895 548 948 moliti
601 902 751 956 sunt,
781 893 998 963 gravius
1052 903 1102 946 et.
1145 893 1391 946 severius
1419 891 1656 959 legimus
1701 890 1944 942 vindica-

374 995 485 1039 tum
559 1001 718 1054 quam
753 1001 874 1040 cum
910 985 975 1036 iis
1004 985 1096 1051 qui
1130 982 1485 1038 idololatriam
1535 980 1942 1034 commiserunt.

444 1075 600 1133 Nunc
630 1093 781 1145 ergo,
813 1076 1157 1132 serenissime
1190 1073 1460 1143 princeps,
1498 1072 1709 1125 intuere
1743 1079 1942 1124 statum

373 1168 722 1240 praesentium
756 1177 1077 1235 temporum,
1113 1173 1168 1218 et
1214 1163 1586 1216 animadverte
1634 1159 1941 1228 diligenter,

374 1274 483 1327 quo
515 1266 676 1328 part0
711 1257 827 1310 tieri
859 1256 1058 1324 potuit,
1094 1264 1152 1307 ut
1200 1253 1380 1306 divina
1443 1249 1785 1320 providentia
1818 1258 1939 1302 tan-

375 1361 483 1406 tam
533 1352 808 1404 nationem
853 1349 953 1401 sub
997 1359 1103 1400 uno
1153 1347 1500 1412 imperatore,
1550 1351 1660 1396 tam
1711 1340 1942 1395 eﬂ'usum

377 1443 610 1496 habente
655 1440 963 1506 imperium,
1015 1449 1134 1504 qua:
1171 1437 1301 1488 olim
1350 1433 1648 1493 abundavit
1694 1433 1944 1487 innume-

378 1534 635 1588 rabilibus
666 1527 1030 1585 sanctissimis
1084 1537 1136 1579 et
1171 1527 1503 1579 doctissimis
1535 1525 1682 1590 viris,
1716 1525 1771 1578 in
1803 1539 1943 1593 prte-

299 1616 309 1685 l
373 1625 671 1680 sentiarum
703 1621 770 1675 ad
804 1619 854 1674 id
883 1621 1115 1673 miseriae
1145 1617 1401 1671 devenire
1431 1616 1760 1685 permisvril,
1790 1626 1847 1670 ut
1874 1616 1944 1670 sit

294 1703 300 1777 ἱ
372 1712 675 1768 miserrima
724 1709 966 1764 omnium
1031 1705 1318 1777 gentium;
1360 1705 1502 1774 quod
1557 1703 1796 1772 profecto
1833 1714 1940 1757 tam

299 1789 309 1870 ’ζ
371 1807 598 1861 evidens
660 1814 744 1859 est
805 1813 857 1854 ut
925 1801 1106 1870 negari
1145 1804 1268 1852 'non
1315 1800 1504 1866 possit.
1573 1797 1939 1868 inttlligemus

327 1893 329 1896 ’
374 1898 640 1968 proiecto,
676 1908 929 1960 magnum
970 1906 1090 1946 esse
1125 1890 1226 1943 hoc
1253 1889 1518 1957 sacrilegii
1572 1903 1765 1957 genus,
1797 1888 1940 1956 quod

373 1990 610 2042 divinam
658 1983 999 2039 clementiam
1047 1980 1103 2034 in
1153 1988 1358 2032 tantam
1436 1978 1572 2032 iram
1615 1977 1944 2048 indignatio-

376 2095 614 2148 nemque
645 2076 955 2131 coneitarit.
1001 2071 1065 2125 Et
1112 2072 1237 2141 quia
1283 2071 1631 2123 vehementer
1673 2070 1943 2138 angimur,

373 2171 633 2225 Grmciam
671 2176 885 2222 Ollllietll
922 2179 986 2218 eo
1023 2165 1358 2232 pervenisse,
1391 2171 1451 2213 ut
1483 2159 1595 2213 fere
1631 2167 1796 2212 totam
1844 2159 1946 2211 ini-

375 2262 532 2317 micis
567 2261 745 2314 crucis
775 2254 980 2311 Christi
1030 2268 1220 2323 parere
1264 2267 1486 2306 necesse
1531 2249 1626 2305 sit.
1660 2248 1946 2303 Credimus

376 2370 462 2420 ea,
491 2368 610 2421 qua:
639 2350 892 2408 dicimus,
934 2347 1006 2400 ita
1062 2343 1344 2398 serenitati
1399 2351 1503 2395 tua:
1548 2356 1670 2394 esse
1723 2350 1860 2403 nota,
1891 2349 1947 2390 nt

378 2443 592 2498 notiora
627 2433 740 2494 fieri
769 2454 876 2493 non
907 2435 1135 2506 possint.
1162 2433 1411 2503 Magnum
1438 2441 1522 2485 est
1561 2432 1683 2486 hoc.
1715 2441 1769 2484 et
1796 2429 1947 2484 valde

377 2551 632 2606 magnum
677 2532 1034 2588 demeritum:
1087 2529 1232 2597 quod
1282 2513 1466 2580 divino
1524 2525 1730 2593 judicio
1789 2531 1947 2581 tanta:

376 2629 607 2690 nationi,
642 2638 750 2680 tam
777 2623 1070 2693 praelatae,
1097 2630 1204 2674 tam
1231 2617 1504 2687 gloriosae.
1539 2628 1643 2670 tam
1665 2615 1944 2675 diuturna,

378 2733 484 2776 tam
528 2717 708 2787 gravis
752 2713 1039 2785 captivitas
1089 2710 1288 2780 injecta
1335 2708 1425 2764 sit.
1473 2707 1614 2776 Ergo
1653 2706 1947 2774 aliquando

377 2812 725 2880 cogitandum
755 2817 857 2868 est,
891 2817 1138 2872 quaenam
1170 2799 1408 2869 potuerit
1438 2812 1556 2852 esse
1583 2811 1748 2851 causa
1787 2795 1945 2864 digna

379 2906 570 2959 horum
603 2900 890 2955 malorum.
924 2895 1150 2965 Propter
1174 2895 1282 2949 duo
1310 2891 1452 2946 enim
1479 2890 1711 2943 maxima
1732 2898 1948 2957 peccata

379 3009 512 3060 gens
545 2992 791 3052 Helira'a,
827 3003 946 3057 quze
982 2994 1099 3039 erat
1130 2983 1360 3052 populus
1390 2996 1416 3031 a
1451 2977 1557 3029 Deo
1601 2978 1826 3038 electus,
1871 2973 1949 3026 si-

377 3171 504 3229 τοὺς
559 3161 983 3220 διασεσὼκασιν,
1053 3152 1200 3207 οῦτοι
1260 3151 1414 3204 ὕδασι
1482 3145 1948 3204 κατακλυσθὲντες

380 3260 660 3314 ἀπώλοντο
693 3256 912 3315 πάντες,
947 3251 1042 3303 καὶ
1073 3245 1452 3318 χαλεπώτερον
1488 3243 1543 3294 δὲ
1605 3242 1672 3291 τά
1724 3240 1951 3290 τοιαῦτα

382 3350 659 3420 σχίσματα
695 3343 912 3405 κολάζει
943 3341 1097 3401 Θεὸς,
1126 3339 1155 3406 ἢ
1188 3335 1364 3387 ὁτιοῦν
1396 3334 1504 3384 τῶν
1539 3333 1714 3386 ἄλλων
1771 3329 1952 3397 ἀμαρ-

379 3443 660 3512 τημάτων.
697 3436 868 3504 Δῆλον
925 3433 1032 3501 γὰρ
1076 3434 1155 3482 ὃτι
1187 3431 1312 3490 τοὺς
1366 3426 1495 3494 περὶ
1553 3424 1752 3485 Δαθάν,
1805 3421 1948 3512 Κορὲ

381 3511 474 3586 καὶ
518 3526 777 3595 ’Λὸειρὼν
805 3524 1008 3593 σχίσμα
1067 3521 1163 3572 καὶ
1215 3517 1406 3570 στάσιν
1459 3513 1832 3582 πεποιηκότας
1891 3511 1951 3561 ὲν

381 3626 458 3690 τῷ
485 3623 599 3689 λαῷ
623 3619 712 3672 τοῦ
736 3615 894 3680 Θεοῦ,
917 3597 1312 3684 χαλεπωτέρως
1340 3606 1598 3680 ἐπεξῆλθε
1629 3604 1691 3656 τὸ
1728 3603 1867 3656 θεῖον
1918 3601 1949 3666 ἢ

381 3719 505 3776 τοὺς
538 3731 561 3764 ε
573 3709 824 3764 ίδωλολατ
834 3711 946 3778 ρείν
974 3702 1455 3778 ὲπιῦαλλομένους.

458 3805 732 3874 Ἀθρησον
763 3799 881 3865 οῦν,
915 3792 960 3850 ὦ
991 3773 1358 3865 αὐτοκράτορ,
1382 3795 1481 3861 τὴν
1513 3790 1822 3860 παροῦσαν,
1875 3780 1951 3841 ὧν

383 3899 593 3967 ἄρχεις,
655 3895 845 3962 τύχην,
901 3889 994 3942 καὶ
1045 3887 1242 3955 σκέψαι
1307 3886 1443 3953 προς
1509 3882 1644 3935 Θεοῦ
1680 3880 1950 3950 ἀκριϐῶς,

383 3989 496 4041 τίσι
528 3987 727 4055 δήποτε
754 3980 1149 4051 ἁμαρτήμασιν
1184 3976 1337 4036 ἔθνος
1360 3972 1684 4044 τηλικοῦτον
1713 3971 1806 4041 ὑφ’
1832 3972 1950 4034 ἑνὸς

383 4082 684 4150 ἀρχόμενον
712 4075 802 4128 ἀεὶ
843 4069 1272 4139 αὐτοκράτορος,
1337 4065 1552 4136 μυρίοις
1602 4067 1663 4116 τὸ
1718 4061 1952 4133 πρόσθεν

386 4169 677 4224 εὑσθενοῦν
699 4168 1016 4227 όσιωτάτοις
1053 4164 1147 4216 καὶ
1176 4161 1510 4228 σοφωτάτοις
1540 4159 1820 4228 ἀνδράσιν,
1873 4157 1952 4219 εἰς

383 4261 543 4314 τοῦτο
589 4257 1012 4327 κακοδαιμονίας
1037 4254 1300 4323 ὲληλυθδς
1334 4250 1576 4322 περιεῖδε
1609 4249 1762 4315 Θεὸς,
1811 4247 1952 4299 ὥστε

385 4350 522 4405 εἶναι
581 4349 676 4403 νῦν
731 4350 948 4403 πάντων
1005 4346 1174 4399 ἐθνῶν
1233 4341 1817 4410 κακοδαιμονέστατον.
1884 4340 1952 4391 Ἢ

385 4443 544 4512 δῆλον
577 4445 658 4494 ὅτι
689 4441 864 4493 ἐκεῖνο
898 4440 945 4491 τ’
979 4436 1284 4506 ἁμάρτημα
1329 4433 1608 4488 αἰτιᾶσθαι
1663 4431 1864 4502 χρεὼν,
1923 4430 1952 4482 δ

2051 617 2252 682 Primo,
2286 627 2507 688 propter
2542 619 2906 674 idololatriam
2958 634 2988 672 a
3019 618 3236 687 regibus
3278 617 3624 687 Assyriorum

2049 707 2236 765 decem
2291 711 2466 765 tribus
2517 711 2572 765 in
2621 711 2848 766 Mediam
2899 711 3176 765 translatae
3219 721 3380 773 sunt;
3429 709 3626 762 deinde

2051 817 2229 872 regem
2266 800 2403 856 Juda
2456 817 2579 856 cum
2613 803 2820 856 duabus
2875 800 3109 856 residuis
3162 800 3411 854 tribubus
3467 813 3622 868 reges

2049 891 2425 946 Chaldaeorum
2460 893 2512 945 in
2564 893 2891 963 Babylonem
2943 893 3238 954 deduxere,
3290 906 3410 960 qua:
3449 904 3625 958 usque

2049 983 2114 1036 ad
2148 982 2486 1052 septuaginta
2517 998 2688 1038 annos
2718 986 2768 1036 in
2797 985 3109 1053 captivitate
3155 991 3492 1056 manserunt.
3527 980 3624 1034 Se-

2048 1072 2248 1135 cundo,
2324 1083 2546 1142 propter
2591 1073 2936 1142 sacrilegium
2987 1075 3128 1140 quod
3178 1073 3231 1126 in
3284 1072 3376 1126 Dei
3426 1071 3619 1124 Filium

2047 1164 2390 1218 incarnatum
2419 1165 2834 1231 commiserunt,
2882 1181 3006 1220 cum
3044 1183 3074 1218 a
3120 1165 3459 1236 principibus
3503 1162 3616 1216 Ro-

2049 1256 2224 1308 manis
2271 1252 2604 1323 Vespasiano
2634 1267 2686 1310 et
2733 1258 2876 1320 Tito,
2924 1256 3297 1322 Hierosolyma
3357 1257 3620 1309 subversa

2046 1353 2148 1409 est,
2183 1353 2238 1396 et
2286 1346 2466 1398 omnis
2528 1349 2672 1416 regio
2724 1345 2908 1400 Iudaea
2946 1350 2997 1400 in
3033 1344 3403 1399 Romanorum
3457 1341 3622 1396 ditio-

2046 1449 2169 1489 nem
2213 1437 2473 1489 translata
2514 1447 2624 1502 est,
2672 1438 2745 1490 ita
2783 1447 2840 1489 nt
2871 1437 3076 1490 nationi
3114 1436 3212 1498 illi,
3240 1432 3480 1489 universi
3529 1449 3620 1486 or-

2048 1525 2128 1581 bis
2162 1543 2335 1597 tisque
2371 1529 2422 1580 in
2458 1529 2598 1582 hunc
2645 1531 2786 1582 diem
2838 1528 3090 1582 mis-ilium
3124 1528 3476 1596 concedatur.

2120 1616 2185 1670 Et
2207 1618 2318 1672 haec
2346 1621 2410 1674 de
2429 1619 2560 1674 Hebt
2575 1621 2688 1673 aiis.
2707 1619 2919 1673 Graecos
2939 1632 3141 1679 autem,
3159 1629 3441 1688 postquam
3466 1617 3621 1669 iidem

2046 1709 2368 1764 catholicam
2388 1726 2699 1780 suscepere,
2714 1726 2814 1766 nec
2836 1711 3282 1766 adjdololatriam
3327 1711 3628 1765 declinasse

2050 1801 2311 1869 videmus,
2330 1802 2494 1855 necin
2513 1803 2602 1855 Dei
2623 1802 2816 1855 Filium
2839 1819 2902 1856 ea
2921 1804 3125 1872 piacula
3145 1799 3629 1870 coimnisisse,qui-

2050 1892 2148 1945 bus
2175 1893 2228 1945 in
2256 1893 2554 1948 Turcarum
2579 1894 2946 1963 captivitatem
2974 1897 3154 1948 divina
3197 1895 3401 1948 ultione
3432 1909 3620 1962 perve-

2051 1985 2254 2039 nerint.
2289 1985 2428 2055 Ergo
2458 1985 2646 2040 Subest
2677 1985 2822 2040 aliud
2849 1986 3115 2052 sacrilegii
3147 1998 3334 2054 genus,
3369 1983 3511 2051 quod
3540 1983 3623 2037 di-

2049 2076 2174 2128 vina
2203 2076 2411 2143 justitia
2450 2075 2772 2144 impunitum
2827 2092 2947 2131 esse
3002 2092 3108 2130 non
3159 2077 3312 2130 sinit.
3369 2075 3482 2131 Nec
3529 2077 3618 2131 di-

2047 2167 2279 2237 ligenter
2357 2168 2781 2235 inquirentibus,
2853 2177 3112 2236 quantum
3173 2167 3349 2221 cordis
3404 2167 3626 2221 humani

2048 2259 2222 2312 valeat
2281 2259 2568 2313 inﬁrmitas
2626 2260 2857 2322 intueri,
2907 2259 3034 2313 licet
3097 2259 3416 2329 intelligere,
3483 2259 3626 2313 hanc

2049 2353 2416 2420 captixitatem
2447 2343 2556 2405 non
2583 2351 2800 2405 aliunde
2825 2350 3145 2420 profectam,
3173 2366 3334 2419 quam
3359 2365 3424 2404 ex
3474 2359 3628 2404 reatu

2053 2445 2396 2509 sch’smatis,
2423 2443 2567 2510 quod
2608 2453 2831 2497 auctore
2878 2441 3099 2510 Photio,
3133 2452 3370 2509 tempore
3417 2439 3640 2504 Nicolai‘

2059 2537 2270 2606 primi,
2318 2535 2552 2602 sumpsit
2623 2533 2906 2588 exordium
2946 2571 2961 2594 ,
3012 2541 3060 2586 et
3117 2546 3361 2600 eousque
3421 2532 3630 2584 invete-

2053 2636 2227 2680 ratum
2279 2636 2382 2688 est,
2416 2635 2474 2678 nt
2533 2639 2704 2694 usque
2741 2624 2806 2678 ad
2875 2624 3116 2691 tempora
3167 2622 3270 2676 ista
3297 2607 3626 2690 pervenerit.

2053 2715 2308 2771 Dolenter
2357 2725 2411 2770 et
2483 2717 2642 2769 anxie
2694 2714 2797 2769 ista
2853 2712 3202 2782 proferimus,
3257 2723 3312 2766 et
3370 2711 3630 2765 \‘tllemus

2053 2818 2253 2861 acterno
2291 2809 2552 2860 damnare
2604 2806 2842 2860 silentio.
2901 2803 3100 2859 Verum
3153 2805 3198 2858 si
3249 2819 3472 2873 operam
3518 2815 3634 2857 me-

2056 2897 2288 2951 dicantis
2338 2905 2623 2967 exspectas
2652 2937 2666 2960 ,
2711 2904 2925 2964 Oportet
2980 2905 3036 2948 nt
3066 2895 3256 2949 vulnus
3297 2905 3445 2948 tuum
3482 2895 3634 2947 dete-

2055 3005 2167 3056 gas.
2205 2989 2342 3042 Ecce
2370 2990 2476 3058 jam
2510 2988 2618 3040 fere
2647 2986 2933 3056 quingenti
2963 2986 3088 3039 anni
3115 2985 3398 3048 transiere,
3428 2998 3490 3037 ex
3523 3000 3631 3053 quo

2003 3199 2021 3239 τ
2059 3171 2280 3237 Πρῶτον
2315 3169 2414 3237 μὲν
2441 3169 2549 3237 γὰρ
2574 3169 2642 3220 δι’
2682 3167 3134 3237 εἰδωλολατρείαν
3165 3171 3218 3222 αἱ
3270 3170 3402 3222 δέκα
3461 3173 3629 3239 φυλαὶ

2055 3265 2168 3323 τοῖς
2199 3261 2508 3328 ’Δσσυρίοις
2535 3261 2878 3328 αἰχμάλωτοι
2909 3260 3241 3327 ἀπήχθησαν
3276 3261 3355 3322 εἰς
3383 3262 3618 3330 Μηδίαν,

2054 3354 2147 3404 καὶ
2183 3353 2307 3411 τοὺς
2343 3351 2582 3419 βασιλεῖς
2607 3350 2783 3403 Ἰούδα
2810 3352 2948 3417 μετὰ
2991 3351 3138 3404 δυοῖν
3165 3353 3286 3404 ταῖν
3315 3351 3630 3405 ὑπολοίποιν

2054 3442 2246 3510 φυλαῖν
2287 3443 2548 3495 Χαλδαῖοι
2585 3443 2965 3511 αἰχμαλώτους
3015 3445 3093 3504 εἰς
3150 3442 3445 3496 Βαδυλῶνα
3492 3443 3637 3511 ἀπή-

2053 3551 2244 3601 γαγον.
2269 3535 2381 3586 Ka‘t
2404 3534 2644 3603 διέμεινε
2675 3535 2736 3586 τὸ
2786 3535 2940 3596 ἔθνος
2976 3533 3228 3586 δουλεῦεν
3261 3534 3434 3596 οὑτως
3482 3533 3632 3586 €680-

2057 3628 2299 3694 μήκοντα
2353 3626 2471 3694 ἔτη.
2536 3627 2770 3678 Ἔπειτα
2818 3626 2863 3677 δ’
2915 3626 3056 3692 άπερ
3094 3631 3172 3688 εἰς
3230 3627 3320 3678 τὸν
3366 3626 3459 3679 τοῦ
3494 3619 3640 3678 Θεοῦ

2054 3718 2169 3770 υἱὸν
2200 3715 2416 3786 Ἰησοῦν
2445 3707 2726 3786 ὴσὲὗησάν
2770 3734 2829 3768 τε
2861 3720 2954 3769 καὶ
2988 3716 3248 3786 ὕϐρισαν,
3289 3719 3630 3788 αἰχμάλωτοι

2054 3809 2293 3878 γίνονται
2344 3809 2526 3872 πάλιν,
2554 3809 2715 3876 ἦνικα
2747 3809 3153 3871 Οὐεσπασιανὸς
3185 3810 3279 3862 καὶ
3302 3810 3457 3872 Τίτος
3498 3807 3626 3861 Ψω-

2056 3900 2234 3967 μαίων
2261 3898 2562 3967 στρατηγοὶ
2599 3897 2738 3948 κατὰ
2763 3897 2965 3966 κράτος
3000 3897 3218 3962 ἑλόντες
3249 3898 3626 3966 κατέσκαψαν,

2056 3988 2153 4041 καὶ
2195 3986 2494 4057 σύμπασαν
2518 3987 2616 4056 τὴν
2660 3987 2937 4042 Ἰουδαίων
2983 3987 3169 4059 χώραν
3211 3988 3478 4058 ἐποίησαν
3527 3987 3631 4040 ὑπὸ

2055 4079 2182 4140 τοὺς
2223 4078 2550 4148 Ῥωμαίους.
2585 4080 2694 4132 Καὶ
2722 4079 2792 4132 τὰ
2816 4082 2915 4149 τῆς
2949 4080 3344 4150 αἰχμαλωσίας
3385 4081 3448 4150 δὴ
3501 4081 3631 4133 ταύ-

2055 4187 2156 4241 της
2185 4170 2337 4224 οὑπω
2380 4171 2584 4241 ἔσχηκε
2643 4173 2842 4242 πέρας,
2898 4171 3015 4226 ἀλλ’
3050 4173 3131 4226 ἔτι
3166 4175 3318 4226 πᾶσα
3359 4175 3392 4238 ἡ
3445 4176 3630 4225 οἰκου-

2059 4262 2195 4329 μένη
2217 4259 2383 4323 τόπος
2411 4260 2592 4329 φυγῆς
2626 4277 2686 4313 τε
2713 4263 2808 4314 καὶ
2843 4262 3053 4334 πλάνης
3084 4263 3465 4318 ἀποδέδεικται
3496 4265 3632 4316 Ἰουο

2055 4351 2222 4404 δαίων
2246 4351 2322 4420 τῷ
2355 4352 2520 4404 ἔθνει.

2126 4442 2208 4494 Τὰ
2253 4441 2438 4510 μὲνδὴ
2493 4441 2602 4493 τῶν
2669 4443 2938 4510 Ἐϐραίων
2983 4443 3174 4504 οὕτως.
3229 4446 3494 4512 Ἕλληνας
3550 4447 3627 4513 δὲ,

387 4531 618 4599 φανερὸν
643 4530 836 4593 οὕτως.
864 4528 936 4591 ὡς
982 4527 1186 4596 μηδένα
1219 4523 1458 4594 ἀνέχειν
1505 4523 1670 4590 φάναι
1723 4522 1951 4599 ὑπενακζ·
1984 4543 2030 4602 ι)
2056 4532 2248 4600 ἐπειδὴ
2281 4532 2382 4600 τὴν
2426 4533 2831 4602 εὐσεϐεστάτην
2879 4534 3130 4597 ἐδέξαντο
3204 4539 3412 4601 πίστιν,
3468 4539 3626 4591 οὐδὲν

386 4623 496 4673 τία.
532 4621 640 4673 Καὶ
670 4619 924 4688 μέγιστον
948 4613 1056 4685 ἆρα
1088 4614 1246 4667 τοῦτό
1274 4631 1337 4682 γε
1371 4612 1734 4682 ὑποληπτέον,
1790 4611 1952 4664 ὁπότε

387 4713 478 4765 τὸν
507 4709 916 4763 ἐπιεικέστατον
945 4710 1112 4762 πᾶσιν
1145 4704 1458 4775 ἀνθρώποις
1491 4703 1647 4769 Θεὸν,
1672 4704 1750 4765 εἰς
1783 4703 1953 4772 ὀργὴν

389 4801 724 4873 τηλικαύτην
771 4799 1145 4868 παροξυμένον
1199 4797 1438 4868 ὁρῶμεν,
1495 4794 1631 4863 δῆλα
1683 4794 1738 4846 δὲ
1781 4793 1956 4847 ταῦτά

388 4909 471 4944 τοι
506 4891 736 4960 μάλιστα
769 4887 898 4940 ὅντα
940 4890 1218 4956 τυγχάνει.
1273 4887 1402 4954 Εῐγε
1453 4884 1546 4938 νῦν
1609 4887 1873 4953 σύμπασα
1921 4885 1954 4953 ἡ

402 4981 591 5041 Ἑλλὰς
630 4981 719 5030 καὶ
754 4979 850 5030 ὅσα
890 4977 1072 5044 σχεδόν
1095 4996 1147 5029 τι
1194 4977 1464 5046 πρότερον
1527 4975 1665 5028 ἄλλα
1707 4975 1810 5027 ὑπο
1863 4974 1954 5026 τὸν

393 5069 769 5135 οὑτοκράτορα
793 5060 881 5132 ἦν,
921 5065 999 5127 εἰς
1041 5064 1199 5116 τοῦτο
1249 5067 1420 5134 τύχης
1470 5063 1752 5132 ἐλήλυθεν,
1815 5063 1956 5135 ὥστε

393 5153 664 5206 δουλεύειν
695 5151 1033 5204 ἐλεεινότατα
1086 5155 1196 5214 τοῖς
1263 5153 1358 5204 τοῦ
1428 5152 1664 5223 Χριστοῦ
1717 5153 1952 5222 ἐχθροῖς.

392 5247 638 5313 Μέγεθος
668 5245 742 5315 τῷ
769 5247 881 5298 όντι
910 5245 1102 5310 κακοῦ,
1131 5245 1223 5298 καί
1253 5263 1336 5307 τις
1394 5247 1668 5315 ὑπερϐολὴ
1701 5246 1955 5316 ἁμαρτά-

391 5336 502 5399 δος,
521 5335 676 5402 γένος
715 5335 1006 5405 Ἑλλήνων,
1031 5335 1092 5387 τὸ
1111 5336 1277 5388 πάλαι
1296 5337 1435 5405 μέγα
1469 5339 1554 5388 καὶ
1583 5337 1814 5403 ἔνδοξον,
1838 5337 1956 5402 δοῦ-

394 5426 483 5477 λον
509 5424 652 5477 οὑτω
686 5424 985 5495 βαρϐάροις
1018 5429 1160 5480 κατὰ
1185 5427 1348 5496 δίκην
1378 5428 1730 5480 ἀποδείκνυσι
1780 5429 1954 5484 θείαν.

396 5517 786 5570 Ἐπισκεπτέον
832 5516 922 5568 οὖν
981 5518 1099 5568 τίνα
1149 5518 1256 5570 τῶν
1303 5517 1491 5570 κακῶν
1548 5518 1751 5570 τούτων
1807 5520 1956 5585 ἄξιον

394 5610 562 5677 φαίην
589 5609 790 5662 αἰτίαν.
827 5607 899 5660 Τὸ
927 5615 1025 5676 μὲν
1073 5610 1180 5676 γὰρ
1218 5607 1484 5678 Ἐϐραίων
1533 5612 1688 5676 γένος
1742 5611 1769 5660 ὁ
1823 5613 1956 5671 Θεὸς

319 5731 334 5736 -
393 5701 519 5752 λαὸν
555 5700 731 5768 ἑαυτῷ
764 5701 1076 5767 ἐπελέξατο,
1105 5697 1199 5753 καὶ
1235 5702 1308 5763 ὡς
1366 5703 1494 5754 ἴδιον
1533 5701 1784 5770 σύστημα
1819 5703 1955 5771 ἔχων

395 5791 590 5863 ἐτέλει,
645 5793 736 5845 δύο
790 5793 856 5844 τὰ
912 5794 1142 5864 μέγιστα
1195 5795 1513 5866 ἡμαρτηῖ·³ος
1560 5794 1715 5866 δίκην
1765 5795 1951 5856 ἔδωκε·

2056 4624 2444 4694 ἡμαρτηκότας
2475 4625 2691 4694 ὁρῶμεν
2710 4625 2973 4691 τοιοῦτον,
3012 4627 3137 4681 οὑτε
3175 4631 3282 4698 γάρ
3313 4635 3388 4694 εἰς
3417 4633 3632 4702 εἰδωλοτ

2057 4715 2314 4782 λατρείαν
2340 4717 2450 4769 οἵδε
2481 4719 2784 4770 ἀπέκλιναν
2818 4719 3101 4782 οὐδέποτε,
3133 4721 3194 4772 οὑ
3208 4738 3257 4773 τε
3313 4740 3366 4774 τι
3418 4725 3498 4784 εἰς
3535 4724 3627 4775 τὸν

2055 4805 2148 4859 τοῦ
2175 4805 2311 4857 Θεοῦ
2341 4806 2456 4858 υἱὸν
2515 4808 2701 4873 ὅμοιον
2763 4810 3296 4880 πεπλημμεληκότες
3344 4814 3449 4864 εἰσι
3489 4832 3502 4845 ⁸
3561 4815 3629 4868 δι’

2057 4897 2194 4964 ὅπερ
2217 4899 2310 4950 καὶ⁵
2326 4898 2463 4965 οἴητ“
2496 4898 2560 4952 ἄν
2592 4917 2676 4961 τις
2707 4901 3080 4971 αἰχμαλώτοις
3124 4904 3275 4972 παρὰ
3326 4905 3465 4958 Θεοῦ
3516 4909 3628 4969 τοῖς

2060 4987 2357 5057 βαρϐάροις
2381 4989 2799 5059 παραδεδόσθαι.
2832 4990 2896 5043 Τί
2933 4989 3030 5046 οῦν
3081 4994 3393 5058 ἀδικοῦντες
3443 5000 3627 5052 ἐκεῖνα
3705 5061 3710 5066 η

2060 5079 2379 5146 πάσχουσι;
2461 5082 2555 5133 καὶ
2631 5082 2820 5134 τίποτε
2877 5083 3322 5156 ἐξημαρτηκότες
3385 5090 3481 5158 τὴν
3532 5091 3626 5143 τοῦ

2057 5167 2192 5220 Θεοῦ
2228 5169 2406 5238 ψῆφον
2432 5172 2510 5231 είς
2569 5165 2841 5240 τιμωρίαν
2874 5175 3027 5242 σφίσι
3075 5175 3389 5248 δεινοτάτην
3440 5179 3629 5242 ἐξεκα-

2057 5258 2285 5310 λέσαντο
2313 5275 2328 5325 ;
2357 5260 2388 5330 ἢ
2425 5261 2582 5314 οὑθεν
2604 5263 2835 5318 καθόσον
2851 5259 2967 5318 οἷον
3001 5267 3062 5319 τὺ
3112 5269 3318 5338 σχίσμα
3371 5273 3626 5342 ἁμάρτη-

2062 5365 2170 5416 μα;
2204 5350 2436 5420 Σχίσμα,
2459 5351 2626 5420 λέγω,
2659 5347 2719 5407 οὗ
2742 5355 2914 5418 αίτιος
2949 5357 3048 5425 μὲν
3090 5363 3212 5428 περὶ
3247 5360 3340 5430 τὴν
3363 5360 3455 5413 τοῦ
3488 5363 3624 5414 Θεοῦ

2072 5441 2398 5508 Ἐκκλησίαν
2430 5445 2456 5496 ὁ
2490 5444 2694 5508 Φὼτιος
2725 5448 3074 5518 πατριάρχης
3105 5451 3624 5505 Κωνσταντινουπό-

2058 5533 2194 5596 λεως
2251 5537 2344 5586 ἐπὶ
2399 5537 2672 5590 Νικολάου
2752 5540 2974 5609 πρώτου
3053 5544 3272 5612 Ῥώμης
3323 5545 3626 5614 ἀρχιερέως

2059 5624 2295 5691 ἐγένετο.
2324 5626 2574 5694 Διεμεινε
2597 5628 2654 5680 δὲ
2691 5627 2866 5692 οὕτως
2922 5633 3015 5684 ἐπὶ
3072 5633 3229 5697 πολὺ,
3293 5634 3434 5688 ὥστε
3487 5639 3625 5706 μηδὲ

2060 5712 2182 5764 καθ’
2211 5713 2354 5782 ἡμᾶς
2383 5715 2489 5779 ἔξω
2527 5715 2621 5770 τοῦ
2675 5719 2922 5776 τοιούτου
2955 5725 3129 5777 κακοῦ
3180 5726 3250 5777 τά
3293 5731 3621 5796 χριστιανὼν

2063 5800 2224 5857 εἶναι.
2271 5804 2466 5876 Ἡμεῖς
2499 5809 2597 5877 μὲν
2630 5810 2808 5865 τοίνυν
2841 5814 3149 5882 περιαλγῶς
3179 5833 3236 5869 τε
3275 5818 3367 5871 καὶ
3402 5819 3619 5888 ἀθύμως
