4152 6280
345 357 374 410 ·’
464 369 679 478 [12:7

1986 385 2316 445 DDENDA.

3628 394 3754 454 ιὲΟΒ

525 500 718 561 Satan,
757 500 1009 567 princeps
1037 508 1092 554 et
1117 507 1311 552 auctor
1344 501 1589 555 nuntium
1623 508 1969 571 peccatorum
1997 537 2012 561 ,
2039 508 2092 552 et
2118 501 2170 559 Α
2198 501 2389 556 litteris
2421 517 2650 568 coitum,
2679 519 2802 558 cum
2852 506 3258 577 subscriptione
3311 511 3549 566 manuali
3579 527 3763 566 eorum

521 591 753 644 maxime
787 589 1099 642 scltismatis
1159 599 1211 644 et
1245 590 1526 644 divisionis
1559 590 1834 656 indttctor,
1865 591 1932 644 ab
1961 591 2092 644 obc-

521 684 721 736 dientia
762 681 992 736 Romani
1028 685 1318 752 pontiﬁcis,
1356 685 1444 752 qui
1488 684 1630 738 Petri
1670 699 1958 739 successor
1985 694 2090 747 est,

520 773 715 829 ctJestt
742 773 943 828 Christi
971 773 1181 828 Domini
1210 775 1385 828 Nostri
1413 775 1679 831 Vicarins.
1705 775 2094 828 Constantino-

520 867 811 933 politanam
835 866 1054 922 seduxit
1075 866 1397 920 Ecclesium.
1419 867 1619 921 Inﬁniti
1643 875 1906 920 tractatus
1929 865 2092 918 inter-

521 975 739 1023 venere,
765 959 996 1027 plurima
1022 970 1148 1012 sunt
1173 960 1445 1014 celebrata
1491 959 1748 1023 concilia,
1780 961 2092 1012 innumera-

521 1051 655 1105 biles
687 1051 841 1120 legati
873 1051 925 1105 in
989 1052 1129 1106 lianc
1188 1067 1300 1104 rem
1360 1052 1640 1112 destinati,
1671 1061 1728 1103 ut
1782 1060 1889 1104 tam
1941 1061 2089 1103 atrox

520 1145 717 1198 vulnus
740 1146 792 1197 in
829 1145 916 1198 Dei
950 1145 1188 1198 Ecclesia
1218 1156 1521 1199 sanaretur.
1547 1143 1852 1198 Novissime
1883 1153 2091 1205 autem,

523 1235 632 1288 Deo
661 1237 751 1289 ita.
792 1236 1106 1303 providente
1129 1275 1145 1298 ,
1182 1236 1232 1288 in
1268 1235 1599 1290 Ferrariensi
1662 1245 1712 1289 et
1778 1234 2094 1289 Florentino

520 1327 753 1405 concilio
789 1326 1026 1381 Joannes
1056 1328 1387 1397 Palaeologus
1420 1327 2090 1394 ltomzeoiumimperator,

467 1417 470 1424 ’
520 1437 644 1475 cum
692 1435 884 1491 magna
935 1438 1219 1491 procerum
1259 1431 1311 1474 et
1373 1423 1635 1476 nobilium
1694 1423 1973 1481 coniitviva,
2036 1430 2091 1474 et

519 1513 790 1583 .losepltus
869 1516 1505 1584 Constantinopolitanus
1566 1515 1912 1582 patriarcha,
1966 1529 2087 1568 cum

522 1607 691 1660 multa
729 1608 1206 1674 metropolitarum,
1237 1608 1641 1674 episcoporum,
1680 1606 1960 1667 abbatum,
1989 1611 2091 1658 ca?

519 1707 757 1750 terorum
815 1700 1160 1765 praelatorum
1229 1697 1622 1750 numerositate
1650 1736 1663 1758 ,
1693 1694 2090 1748 convenientes

443 1785 450 1794 '
519 1802 628 1839 una
661 1802 783 1840 cum
817 1787 1063 1855 Eugenio
1103 1802 1238 1854 papa
1269 1796 1484 1854 quarto,
1523 1786 1926 1852 praedecessore
1986 1799 2086 1838 no-

518 1869 757 1944 stro,‘et
815 1877 1216 1930 venerabililms
1260 1885 1461 1930 sanctae
1532 1877 1789 1929 Romanre
1835 1875 2088 1928 Ecclesia:

519 1969 919 2031 cardinalibus,
953 1979 1006 2020 et
1042 1964 1379 2035 praelator'um
1443 1966 1809 2021 Occitlcntalis
1831 1966 2090 2020 Ecclesia:

527 2059 973 2115 numerosissime
1008 2059 1288 2121 comitatu,
1319 2057 1384 2110 ad
1438 2056 1844 2125 cxstirpandum
1891 2057 2092 2110 invete-

523 2163 700 2205 ratum
766 2149 1001 2205 schisma
1055 2163 1273 2202 omnem
1357 2149 1806 2216 operam',atqne
1864 2148 2094 2218 diligen-

439 2239 443 2246 ’
524 2248 651 2299 tiam
682 2246 944 2306 tribuere,
975 2253 1024 2295 et
1060 2241 1308 2303 tandem,
1342 2239 1454 2293 Deo
1486 2239 1786 2308 inspirante
1807 2279 1822 2304 ,
1857 2250 1940 2294 est
1971 2257 2095 2309 per-

520 2346 740 2390 ventum
770 2343 848 2394 ut.
877 2333 1278 2388 diﬂicultatibus
1308 2331 1560 2385 erunibus
1579 2347 1610 2384 e
1641 2331 1818 2384 medio
1849 2331 2096 2394 sublatis,

526 2429 801 2483 decretum
831 2425 1138 2497 huiusmodi
1165 2424 1382 2478 unionis
1415 2421 1758 2478 concorditer
1787 2423 2093 2492 publicare-

528 2529 634 2572 tur.
669 2515 828 2570 Facta
860 2525 1008 2568 sunt
1045 2516 1145 2569 ista
1173 2555 1187 2578 ,
1220 2524 1355 2568 teste
1404 2522 1517 2568 toto
1561 2513 1693 2567 urbe
1727 2523 2016 2575 terrarum,
2047 2521 2099 2565 et

527 2613 806 2666 decretum
837 2608 1056 2663 unionis
1110 2599 1424 2676 itujusmodi
1459 2616 1512 2660 et
1545 2606 1749 2660 Grtecis
1807 2615 1859 2660 et
1893 2604 2102 2658 Latinis

528 2797 745 2865 ἔχοντες
795 2794 1058 2878 ὲπὶιετοῖς
1116 2792 1358 2862 συμσᾶσι
1415 2791 1589 2845 ταῦτά
1640 2809 1843 2861 φαμεν,
1897 2790 2100 2857 καίπερ

532 2886 712 2953 σιωπῇ
774 2883 864 2934 τὸν
925 2883 1219 2950 σύμπαντα
1269 2883 1462 2949 χρόνον
1533 2879 1982 2950 συγκρύπτεσθαι
2037 2881 2104 2932 τὰ

529 2972 775 3039 τοιαῦτα,
800 2973 1009 3041 μᾶλλον
1038 2971 1096 3023 δὲ
1135 2970 1306 3039 λήθης
1354 2970 1722 3037 ἀφανισθῆναι
1771 2971 1940 3038 βυθῷ,
1990 2970 2106 3022 δια-

533 3064 807 3134 φερόντως
835 3061 1174 3130 βουλόμενοι.
1225 3059 1298 3111 οὐ
1353 3058 1459 3128 μὴν
1519 3057 1633 3110 ἀλλ’
1695 3058 1829 3121 είτις
1879 3061 2104 3126 τραῦμα

2196 592 2286 660 qui
2319 592 2634 658 interfuere,
2673 603 2936 651 terrarum
2973 598 3174 667 ubique
3231 601 3633 657 transmissum.
3663 602 3756 657 Te-

2195 687 2295 739 stis
2319 696 2402 740 est
2421 685 2703 756 Hispania,
2735 700 2964 757 quatuor
2992 691 3320 746 Christianis
3341 695 3524 763 regnis
3550 705 3761 757 ornata,

2193 776 2448 837 Castella.
2481 781 2777 850 Aragonia,
2806 782 3155 851 Portugallia,
3187 784 3448 839 Navarra.
3481 785 3660 840 Testis
3683 795 3762 844 est

2194 867 2468 921 Britannia
2491 871 2683 940 major,
2717 872 3064 940 Anglicorum
3089 874 3232 942 regis
3271 874 3517 943 subjecta
3546 876 3763 932 ditioni.

2194 957 2372 1012 Testis
2419 956 2676 1014 Hibernia
2709 971 2763 1015 et
2796 961 3011 1027 Scotia,
3043 965 3237 1019 insulae
3294 967 3544 1020 maxima:
3573 1007 3588 1031 ,
3611 977 3766 1021 extra

2194 1051 2561 1106 continentem
2596 1055 2801 1122 positae.
2831 1054 3010 1110 Testis
3041 1056 3335 1110 Germania
3371 1059 3767 1113 numerosissi-

2194 1143 2297 1196 mis
2330 1143 2546 1212 populis
2593 1146 2734 1198 culta
2762 1189 2774 1207 ,
2805 1155 2859 1200 et
2916 1147 3235 1216 longissimo
3287 1157 3554 1202 terrarum
3590 1158 3765 1203 tractu

2193 1233 2449 1288 detenta.
2496 1233 2673 1288 Testis
2735 1235 3008 1290 Danorum
3047 1237 3212 1304 regio.
3241 1236 3419 1292 Testis
3475 1237 3763 1308 Norvegia.

2195 1326 2385 1382 Testes
2414 1327 2518 1380 sub
2570 1328 2784 1381 Daciam
2842 1331 3066 1383 extremi
3109 1331 3290 1398 populi
3325 1331 3391 1384 ad
3439 1331 3763 1400 Aquilonem

2197 1420 2380 1484 positi.
2431 1417 2613 1474 Testis
2665 1421 2905 1475 Polonite
2967 1421 3230 1490 inclytum
3283 1438 3533 1491 regnum.
3583 1425 3761 1480 Testis

2196 1511 2574 1581 llungariaque
2633 1521 2688 1566 et
2715 1511 3018 1567 Pannonia.
3044 1513 3220 1568 Testis
3271 1516 3448 1568 Omnis
3497 1516 3667 1570 Gallia
3700 1518 3783 1571 ab‘

2194 1601 2434 1656 Occiduo
2466 1606 2598 1658 mari
2630 1604 2698 1659 ad
2756 1603 3212 1660 Mediterraneum
3268 1621 3439 1674 usque
3505 1608 3763 1671 distenta,

2196 1709 2314 1760 qua:
2331 1693 2473 1748 inter
2492 1695 2794 1751 Germanos
2821 1695 3199 1765 Hispanosque
3215 1698 3492 1759 collocata.
3519 1699 3689 1752 hacin
3709 1714 3766 1752 re

2193 1787 2477 1842 Germanis
2541 1786 2907 1856 Hispanisque
2933 1789 3247 1843 concordat.
3281 1790 3378 1842 llie
3413 1793 3592 1843 munis
3620 1791 3769 1844 orbis

2197 1879 2354 1932 liabet
2405 1879 2608 1934 decreti
2656 1879 2967 1946 ltujustnodi
3016 1881 3345 1949 exemplaria
3391 1919 3406 1942 ,
3439 1884 3637 1950 quibus
3682 1883 3768 1934 in-

2195 1977 2402 2024 stanter
2435 1969 2666 2024 scitisma
2723 1970 2854 2025 illttd
2898 1972 3252 2026 inveteratum
3284 1974 3351 2026 de
3380 1975 3557 2029 medio
3591 1976 3770 2029 subla-

2197 2050 2306 2110 tum
2358 2065 2462 2112 est.
2493 2057 2650 2112 Teste
2685 2056 2892 2113 Joanne
2922 2059 3223 2129 Palasologo
3266 2061 3610 2116 Romteorum
3668 2065 3772 2118 im-

2199 2157 2480 2216 peratore;
2517 2155 2656 2202 teste
2705 2146 2905 2218 .loseplt
2942 2152 3249 2218 patriarcha
3276 2152 3770 2222 Constantinopoli-

2199 2247 2346 2302 tano,
2370 2241 2686 2308 carterisqne
2709 2241 2798 2306 qui
2821 2240 2886 2292 de
2908 2240 3115 2295 Graecia
3147 2242 3199 2294 in
3224 2241 3534 2297 Florentina
3565 2245 3773 2313 synodo

2201 2342 2526 2384 convenere.
2606 2329 2848 2393 Quorum
2923 2331 3355 2398 subscriptiones
3411 2347 3505 2400 per
3589 2335 3770 2387 omnia

2201 2418 2468 2471 adnotata:
2545 2429 2692 2474 sunt.
2729 2420 3042 2474 Omittimns
3091 2437 3516 2477 commemorare
3554 2438 3776 2478 omnem

2203 2509 2412 2563 Italiam
2445 2549 2458 2573 ,
2489 2525 2609 2579 quae
2651 2511 2784 2564 nulli
2845 2513 3247 2580 provinciarum
3299 2514 3536 2568 secunda
3578 2525 3777 2569 estzt-t

2206 2602 2366 2670 hujus
2398 2602 2603 2657 decreti
2636 2601 2966 2671 esetnplatia
3021 2620 3116 2672 per
3170 2605 3347 2659 urbes.
3392 2605 3460 2660 Et
3484 2620 3612 2661 ecce
3662 2607 3776 2674 jam

2205 2779 2400 2850 γνώμῃ
2431 2781 2808 2849 ἐξενεγκόντες
2857 2785 3012 2852 κοινῇ
3040 2785 3396 2856 ἀνεκήρυξαν.
3454 2787 3758 2857 Πέπρακτα

2210 2875 2310 2943 μὲν
2340 2873 2430 2925 οῦν
2460 2871 2630 2926 ταῦτα
2655 2873 2904 2941 μάρτυρι
2955 2875 3106 2947 πάσῃ
3154 2878 3219 2946 τῇ
3264 2878 3578 2948 οἰκουμένῃ,
3624 2879 3723 2932 καὶ
3751 2880 3781 2931 δ

2206 2964 2306 3031 τῆς
2334 2963 2578 3024 ένώσεως
2610 2964 2735 3030 ὅρος
2774 2964 3052 3033 ἑλληνιστί
3109 2981 3169 3018 τε
3220 2967 3313 3018 καὶ
3365 2969 3643 3036 ῥωμαϊστὶ
3688 2983 3782 3036 γε·

2209 3052 2526 3122 γραμμένος
2574 3052 2885 3123 διεπέμφθη
2911 3053 3251 3123 ἁπανταχοῦ.
3302 3056 3532 3125 Μάρτυς
3565 3056 3780 3126 ἰϐηρῖα

531 3158 714 3224 ἔσχον,
753 3151 1007 3223 βοηθείας
1062 3147 1311 3220 ἰατρικῆς
1343 3149 1602 3219 τυγχάνει
1629 3147 1908 3218 δεόμενος,
1974 3149 2108 3202 ὰπο-
2133 3156 2177 3214 α
2211 3144 2383 3210 πᾶσα,
2410 3141 2850 3212 πολυθρύλλητος
2895 3145 3070 3214 χώρα,
3099 3147 3181 3208 εἰς
3213 3146 3480 3216 τέταρτας
3520 3149 3781 3215 Χριστια.

531 3246 818 3316 γυμνῶσαι
845 3244 926 3297 δεῖ
953 3243 1043 3296 καί
1083 3241 1257 3308 δεῖξαι
1295 3240 1372 3310 τῷ
1412 3240 1583 3310 ἰατρῷ
1611 3239 1710 3310 τὴν
1735 3240 1971 3310 πληγὴν,
2034 3240 2100 3294 ἵν’

531 3339 559 3389 ὃ
584 3338 637 3391 δε
671 3335 963 3406 φάρμακον
992 3331 1204 3395 ἐπιθεὶς
1240 3332 1458 3395 οἰκεῖον,
1522 3331 1585 3384 τὸ
1633 3331 1804 3395 πάθος
1861 3332 2100 3402 ἰάσηται.

535 3426 676 3495 Ἤδη
705 3428 811 3494 γάρ
843 3441 926 3477 τοι
952 3421 1288 3475 πεντακόσια
1316 3419 1505 3489 σχεδόν
1545 3437 1598 3472 τι
1648 3421 1921 3489 διεγένετο
1982 3422 2099 3489 ἔτη,

535 3519 718 3584 ἰξότου
743 3517 956 3588 δαίμων
980 3518 1007 3568 ὁ
1038 3515 1256 3567 πάντων
1291 3511 1464 3572 αἰτιος
1492 3512 1599 3563 τῶν
1636 3515 1844 3576 κακῶν,
1874 3515 1968 3567 καὶ
2003 3513 2102 3583 μά-

535 3611 694 3663 λιστα
716 3609 811 3661 τοῦ
846 3609 973 3678 περὶ
997 3607 1096 3675 τὴν
1139 3602 1470 3670 Ἐκκλησίαν
1501 3605 1818 3676 σχίσματος,
1862 3605 1954 3656 καὶ
2007 3604 2104 3674 τῆς

533 3701 791 3769 τοιαύτης
821 3699 1145 3768 διαιρέσεως
1174 3698 1500 3766 αὐτουργὸς,
1525 3699 1624 3768 τὴν
1658 3698 2108 3750 Κωνσταττινου-

534 3794 742 3855 πόλεως
790 3791 1118 3860 Ἐκκλησίαν
1151 3790 1551 3861 ἀπέστησε-τῆς
1577 3789 1711 3858 πρὸς
1734 3789 1826 3842 τὸν
1889 3787 2106 3858 Ῥώμης

535 3886 798 3956 ἀρχιερέα
827 3885 1095 3951 ὑπακοῆς,
1128 3881 1339 3952 Πέτρου
1374 3881 1620 3950 διάδοχον
1666 3879 1817 3944 ὄντα,
1849 3881 1945 3931 καὶ
1997 3880 2106 3947 Ἰη-

537 3979 632 4032 σοῦ
686 3977 779 4030 τοῦ
825 3978 1028 4045 Κυρίου
1055 3975 1240 4044 σχῆμα
1298 3974 1555 4042 φέροντα.
1609 3973 1718 4026 Καὶ
1768 3971 1939 4040 μυρία
2011 3970 2109 4038 μὲν

537 4064 839 4133 πράγματα
873 4067 1209 4130 πέπρακται,
1240 4061 1438 4113 πολλαὶ
1465 4060 1520 4114 δὲ
1553 4060 1812 4127 γεγόνασι
1873 4058 2105 4122 σύνοδοι,

537 4159 782 4208 πλεῖστοι
819 4154 876 4206 δὲ
899 4153 1262 4222 ἐπέμφθησαν
1291 4152 1574 4223 πρέσϐεις,
1607 4153 1694 4204 ἴνα
1743 4150 1821 4218 τῷ
1860 4151 1989 4220 περί
2013 4151 2111 4218 τὴν

553 4245 884 4314 Ἐκκλησίαν
903 4242 1179 4312 τραύματι
1209 4242 1383 4311 τουτῷ
1400 4242 1912 4310 παρασκευάσαιντο
1949 4241 2109 4296 ἴασιν.

541 4336 707 4398 Τέλος
734 4337 812 4400 δὲ,
844 4332 980 4385 Θεοῦ
1005 4333 1212 4403 τούτων
1239 4331 1675 4402 προνοουμένου,
1709 4332 1932 4385 συνόδου
1963 4348 2114 4400 γενοο

544 4427 713 4498 μένης
741 4429 799 4478 ὲν
831 4424 1112 4495 Φεραρῤία
1140 4425 1234 4476 καὶ
1272 4423 1585 4494 Φλωρεντίᾳ
1638 4423 1857 4476 πόλεσιν
1905 4424 2114 4490 ἀξιολό-

2205 3234 2313 3292 νῶν
2365 3236 2643 3307 βασιλείας
2684 3236 3190 3306 εὐδαιμονεστάτας
3239 3238 3624 3310 διαιρουμένη,
3668 3241 3786 3294 Κᾶ-

2208 3326 2456 3382 στελλίαν
2485 3327 2754 3397 δηλονότι,
2806 3329 2901 3381 καὶ
2950 3329 3297 3399 Ἀραγονίαν,
3346 3331 3443 3382 καὶ
3490 3329 3760 3399 Πορτωγα

2205 3421 2352 3485 λίαν,
2388 3419 2481 3474 καὶ
2511 3421 2852 3492 Ναυαρῤίαν.
2885 3421 3114 3491 Μάρτυς
3144 3421 3445 3490 Βρετανίας
3483 3423 3646 3490 νῆσος
3689 3439 3787 3492 με·

2206 3510 2366 3579 γίστη
2401 3511 2469 3579 τῇ
2499 3510 2714 3579 ἠπείρῳ
2738 3508 3152 3579 παρακειμένη.
3191 3509 3420 3578 Μάρτυς
3457 3509 3666 3580 ἰσέρνη
3722 3528 3780 3564 τε

2207 3601 2304 3652 καὶ
2329 3600 2525 3653 Σκοτία
2551 3601 2706 3667 νῆσοι
2739 3601 2993 3669 μεγάλαι,
3021 3601 3298 3668 πελάγιαι.
3323 3601 3548 3670 Μάρτυς
3573 3601 3781 3672 Γερμα-

2207 3694 2318 3760 via,
2351 3692 2504 3763 χώρα
2538 3693 2630 3746 ἐπὶ
2658 3695 2910 3745 πλεῖστον
2931 3692 3123 3746 πλάτει
3150 3711 3208 3746 τε
3233 3697 3328 3749 καὶ⁸
3363 3695 3530 3762 μήκει
3565 3695 3787 3748 ικτετα-

2213 3786 2372 3855 μένη,
2413 3783 2509 3838 καὶ
2547 3785 2801 3854 πανταχῆ
2860 3783 3423 3854 πολυανθρωποτάτη.
3463 3785 3707 3852 ⁸*Μάρτυς
3751 3788 3784 3853 ἡ

2209 3875 2318 3930 τῶν
2374 3874 2724 3943 καλουμένων
2793 3874 2978 3928 Δάνων
3039 3873 3318 3941 ἀξιόλογος
3368 3875 3543 3944 χώρα.
3596 3878 3787 3930 Οῖδασι

2212 3968 2416 4028 πάντες
2442 3965 2752 4034 Νωρὸέγιοι
2785 3967 2878 4020 καὶ
2932 3964 3143 4018 Συέτιοι
3197 3966 3330 4036 γένη
3393 3966 3598 4036 ἔσχατα
3625 3968 3787 4040 ¹πρὸς

2213 4057 2418 4127 ἄρκτον
2447 4054 2736 4107 οἰκοῦντα.
2804 4050 2958 4106 Οἶδεν
2989 4056 3022 4124 ἠ
3057 4056 3346 4109 Πολωνίων
3372 4055 3663 4125 θαυμαστὴ
3695 4058 3790 4127 βα-

2215 4152 2409 4205 σιλεία.
2441 4151 2726 4220 Μάρτυςὴ
2755 4151 3042 4221 Ούγγαρία
3074 4154 3171 4204 καὶ
3198 4153 3231 4221 ἡ
3262 4153 3566 4208 -Παννονία,
3633 4155 3790 4222 Μάρ-

2214 4263 2309 4305 τυς
2341 4246 2492 4297 πᾶσα
2527 4245 2559 4312 ἠ
2590 4239 2829 4314 Κελτική
2875 4245 2983 4296 ἀπὸ
3037 4245 3140 4312 τῆς
3211 4245 3317 4310 ἔξω
3377 4246 3650 4314 θαλάττης
3697 4249 3790 4298 ἐπὶ

2215 4333 2306 4386 τὸν
2333 4333 2478 4396 ἐντὸς
2513 4334 2688 4403 μέχρι·
2707 4333 2799 4386 τοῦ
2831 4334 3084 4402 λογιστοῦ
3117 4335 3182 4403 (2)
3235 4335 3579 4405 καθήκουσα,
3623 4354 3792 4404 μεταο

2221 4425 2282 4490 ξυ
2315 4425 2612 4493 Γερμανῶν
2637 4426 2732 4476 καὶ
2752 4425 2986 4494 Ἰϐήρων
3018 4426 3268 4494 κειμένη,
3309 4429 3403 4478 καὶ
3431 4427 3542 4480 τῶν
3573 4431 3790 4498 περιοί-

543 4537 661 4587 γοις
690 4518 788 4585 τῆς
818 4516 1074 4578 Ἰταλίας,
1093 4515 1348 4583 Ἰωάννης
1421 4515 1793 4582 Παλαιολόγος
1839 4516 2113 4584 αὐτοκρά-
2148 4499 2190 4554 ί)
2221 4535 2336 4572 κων
2359 4517 2539 4570 αὐτῶν
2565 4517 2733 4586 μηδὲν
2759 4516 2828 4569 τὰ
2851 4521 2980 4585 περὶ
3018 4517 3118 4587 τὴν
3157 4518 3460 4588 θρησκείαν
3504 4519 3791 4589 διαφέρουο

541 4628 656 4680 τωρ
711 4609 1027 4678 Ῥωμαίων,
1070 4609 1168 4661 σὺν
1231 4606 1447 4668 πολλοῖς
1483 4607 1593 4661 τῶν
1627 4608 1686 4659 ἐν
1737 4608 1901 4674 τέλει,
1937 4607 2032 4662 καὶ
2053 4602 2111 4660 εὗ

543 4704 850 4773 γεγονότων
895 4701 1191 4769 Ἑλλήνων,
1226 4700 1322 4752 καί.
1349 4698 1614 4774 Ἰώσηπος
1664 4700 2114 4754 Κωνσταντινου-

547 4795 754 4855 πόλεως
779 4791 1156 4862 Πατριάρχης,
1181 4791 1320 4858 μετὰ
1349 4789 1558 4842 πολλῶν
1593 4791 1996 4860 μετροπυλιτῶν
2024 4793 2119 4843 καὶ

549 4885 888 4948 ἐπισκόπων,
928 4883 1022 4935 καὶ
1051 4881 1520 4950 ἀρχιμανδριτῶν,
1560 4882 1654 4932 καί
1701 4882 1879 4935 ἄλλων
1919 4882 2121 4950 ἰεροτί-

552 4995 669 5048 μων
698 4978 755 5038 ἐς
785 4975 950 5028 ταὺτὸ
977 4973 1325 5033 συνελθόντες
1380 4971 1498 5040 ἄμα
1557 4971 1654 5040 τῆς
1699 4971 1920 5042 Ῥώμης
1962 4974 2122 5043 μεγί-

553 5085 664 5138 στῳ
713 5067 978 5135 ἀρχιερεῖ,
1023 5062 1275 5131 Εὐγενίῳ
1331 5063 1600 5131 τετάρτῳ,
1678 5063 1957 5131 ἐγγύτατα
2012 5065 2121 5133 πρὸ

552 5161 709 5230 ἡμῶν
739 5153 1250 5227 άρχιερατεύσαντι,
1276 5157 1372 5207 καὶ
1395 5155 1507 5216 τοῖς
1542 5153 1671 5222 περὶ
1692 5155 1792 5224 τὴν
1830 5155 2122 5224 Ῥωμαίων

563 5233 894 5317 Ἐκκλησίαν
923 5243 1297 5314 καρδινάλεσι,
1334 5241 1428 5295 καὶ
1459 5243 1676 5307 πολλοῖς
1705 5242 1815 5296 τῶν
1848 5245 2120 5314 ἑσπερίων

553 5336 845 5413 ἱεροτίμων
877 5337 1106 5406 ἀνδρῶν,
1137 5335 1312 5389 πάντα
1341 5336 1713 5390 ἐσπουδάκασι
1747 5353 1806 5390 τε
1865 5337 1959 5390 καὶ
2018 5354 2113 5390 πει

555 5435 884 5504 πονήκασιν,
920 5427 1004 5497 ἐφ’
1037 5428 1082 5497 ᾧ
1109 5425 1210 5498 τὴν
1251 5428 1382 5497 περὶ
1411 5427 1473 5480 τὸ
1505 5426 1949 5494 πολυετὲςητουτί.
2001 5429 2120 5506 σχί-

503 5554 509 5558 -
557 5547 670 5599 σμα
718 5525 984 5595 διαφορὰν
1035 5520 1409 5575 διαλύσασθαι.
1460 5521 1572 5575 Καὶ
1637 5522 1695 5574 δὲ
1739 5523 2122 5589 τελευτῶντες,

524 5672 532 5674 ,ν
559 5617 945 5686 συναιρομένου
975 5612 1132 5674 Θεοῦ,
1160 5611 1230 5663 τά
1257 5611 1354 5678 μὲν
1387 5612 1628 5682 δυσχερῆ
1671 5629 1732 5666 τε
1795 5614 1888 5665 καί¹
1938 5614 2123 5680 ἄπορα

551 5709 737 5759 ’πάντα
765 5703 1172 5770 διαλυσάμενοι,
1201 5704 1574 5771 πεποιήκασιν
1636 5703 1901 5770 ἐκποδὼν,
1963 5706 2125 5774 ψὴρι-

564 5814 675 5861 sua.
726 5798 779 5851 δὲ
820 5796 915 5849 εἴτ’
980 5795 1072 5846 οὖν
1120 5795 1268 5849 θέσιν
1297 5796 1388 5848 καὶ
1439 5796 1564 5860 ὅρον
1600 5797 1850 5858 ὲνώσεως
1883 5795 2124 5848 τοιοῦτον

2225 4623 2312 4659 σα.
2358 4605 2460 4658 Ἐῶ
2479 4605 2656 4672 λέγειν
2679 4603 2910 4658 Ἰταλίαν
2937 4605 3147 4674 χώραν,
3184 4607 3443 4677 οὐδεμιᾶς
3467 4610 3575 4662 τῶν
3617 4609 3793 4662 ἄλλων

2225 4695 2460 4762 ἐλάσσω,
2510 4695 2634 4766 ἥδὴ
2662 4695 2929 4756 τοσαύτας
2957 4695 3095 4764 αὕτη
3138 4696 3382 4749 τοιούτου
3443 4697 3796 4768 ψηφίσματος

2225 4789 2368 4859 ἴσχει
2408 4788 2733 4860 ἀναγραφάς
2770 4791 2902 4850 ὅσας
2946 4788 3270 4852 καὶπόλεις.
3326 4792 3510 4844 Πάντα
3553 4793 3652 4861 μὲν
3700 4788 3798 4845 οὖν

2224 4883 2352 4936 τάδε
2390 4880 2456 4934 τὰ
2485 4883 2644 4950 γένη,
2677 4880 2768 4933 τὸν
2801 4881 3094 4948 γενόμενον
3129 4881 3395 4950 εἰληφότα
3435 4883 3584 4952 ὅρον,
3636 4879 3699 4938 εὖ
3721 4879 3780 4936 οἰ-

2225 4973 2336 5036 δεν,
2369 4972 2450 5024 ὅτι
2480 4973 2541 5024 τὸ
2580 4971 2643 5024 ὲκ
2674 4970 2872 5024 πολλοῦ
2905 4971 3112 5042 σχίσμα
3149 4973 3326 5026 ἐκεῖνο
3368 4975 3580 5041 γένοιτο
3629 4976 3795 5028 ἐκπο-

2228 5060 2333 5113 δὼν
2357 5061 2449 5112 ὲπί.
2483 5060 2726 5130 μάρτυρι
2763 5059 2986 5134 Ἰωάννῃ
3019 5061 3372 5133 Παλαιολόγῳ
3406 5065 3796 5136 αὐτοκράτορι,

2227 5153 2322 5204 καὶ
2364 5150 2616 5221 Ἰωσήπῳ
2648 5151 2990 5220 πατριάρχῃ,
3014 5153 3109 5204 καὶ
3142 5155 3310 5206 πᾶσιν
3336 5155 3450 5207 ὅσοι
3505 5153 3566 5219 ἐξ
3612 5155 3800 5211 Ἑλλάδ

2227 5245 2315 5306 δος
2341 5245 2419 5306 εἰς
2443 5241 2677 5297 Ἰταλίαν
2705 5243 3036 5313 ἀφικόμενοι
3063 5247 3129 5313 τῇ
3154 5245 3365 5316 συνόδῳ
3417 5249 3802 5316 παραγεγόνα-

2233 5328 2532 5402 σιν,ὦντὰ
2560 5332 2800 5403 ὀνόματα
2851 5335 2989 5402 πρὸς
3034 5334 3321 5403 ἀκρίϐειαν
3354 5337 3434 5406 τῷ
3485 5338 3801 5408 ψηφίσματι

2232 5425 2707 5494 ὑπεγεγραμμένα
2736 5422 2883 5477 ἐστίν
2906 5440 2919 5453 ·
2959 5425 3060 5495 ήδη
3089 5425 3148 5478 δὲ
3174 5426 3267 5479 καί
3288 5427 3460 5480 πολλὰ
3489 5429 3802 5498 παρεληλυ-

2232 5513 2321 5566 θεν
2351 5513 2468 5582 έτη,
2517 5515 2577 5579 ἐξ
2605 5506 2664 5567 οὗ
2697 5513 2869 5566 ταῦτα
2921 5514 3195 5584 ἐπράχθη.
3271 5515 3410 5568 Ἀλλ’
3464 5517 3614 5584 ὅμως
3669 5519 3803 5588 παρ’

2235 5607 2494 5676 Ἕλλησιν
2538 5605 2698 5675 ήτῆς
2751 5608 3008 5674 τοιαύτης
3055 5605 3299 5670 ἐνώσεως
3355 5607 3502 5669 θέσις
3533 5611 3805 5662 σιωπᾶται

2232 5699 2310 5752 ἔτι
2341 5701 2432 5750 καὶ
2460 5696 2653 5766 λέληθε
2683 5698 2774 5751 καὶ
2797 5698 2917 5750 οὐδὲ
2941 5697 3101 5757 ἐλπίς
3134 5699 3308 5763 ἔστιν,
3334 5698 3406 5761 ώς
3465 5699 3660 5762 ἔοικεν,
3721 5702 3806 5752 οὖα

2233 5790 2394 5860 δεμία
2437 5790 2694 5854 δέξασθαί
2735 5807 2861 5843 ποτε
2893 5790 2959 5843 τὰ
2993 5790 3336 5854 ἐψηφισμένα
3389 5791 3525 5843 ὑπὲρ
3549 5792 3806 5855 ὁμονοίας
