1861 3068
54 133 110 166 113

52 192 222 227 Πνεῦματος
238 194 378 230 ἕλλαμψις
393 196 437 224 διὰ
451 197 498 232 τῆς
508 197 562 224 τῶν
577 198 714 234 θεοφὸρων
726 200 855 233 Πατέρων

52 238 205 271 θεολογίας
221 241 272 274 τήν
288 249 317 266 τε
341 242 473 278 ἀλήθειαν
504 244 644 279 ἐμφαίνει,
663 245 725 276 τούς
751 254 780 272 τε
809 247 855 272 λέ-

51 282 164 318 γοντας
178 286 228 312 καὶ
247 286 400 321 ἐχομένους
421 289 470 323 τῆς
486 289 591 316 τούτων
620 290 740 322 διανοίας
757 292 772 325 ἢ
791 300 855 326 συγ-

54 330 225 364 γράφοντας
240 332 370 366 φωτίζει,
384 334 432 360 καὶ
453 335 511 366 τοῖς
532 335 664 362 ἀκούουσι
678 336 724 362 τὸν
754 337 856 363 ἄνωθεν

57 375 205 409 σωτήριον
220 377 369 412 φωτισμὸν
400 379 590 414 ἐπιϐρασεῠει.
606 382 718 409 Ἕνεκεν
742 382 788 409 οὖν
807 383 856 417 τῆς

56 420 160 455 κοινῆς
174 421 280 457 ταύτης
305 423 450 458 ὡφελείας,
471 427 517 453 καὶ
533 427 582 462 τῆς
598 429 725 464 ἀληθείας
742 430 856 463 ἀνευρέ-

58 474 136 498 σεως
156 465 230 503 (ἥτις
243 468 353 503 ὀφείλει
369 471 549 507 ζητεῖσθαιοῦ
564 473 642 509 μόνον
655 475 701 501 ἐπὶ
719 476 768 502 τῶν
777 476 856 502 θείων

56 513 221 547 δογμάτων,
235 515 306 545 ἀλλὰ
318 517 365 543 καὶ
383 517 428 544 ἐπὶ
443 520 542 550 παντὸς
572 519 652 546 ἄλλου
681 522 854 556 πράγματος,

58 560 158 592 καθώς
189 570 275 597 φησιν
304 564 317 589 ὁ
347 564 466 598 Κύριος·
482 567 604 598 Ζητεῖτε
631 567 680 593 καὶ
700 568 855 604 εὑρήσετε)

59 607 172 641 ταύτην
189 609 235 634 καὶ
251 609 336 643 ἡμεῖς
352 611 550 646 ἑκζητήσωμεν
578 613 609 638 ἐκ
634 613 684 647 τῆς
707 614 761 640 τῶν
783 614 856 641 διδα-

61 653 176 680 σκάλων
191 654 349 689 θεολογίας,
368 658 415 684 καὶ
442 658 491 694 τὴν
520 659 717 694 αὐτοαλήοειαν
739 661 856 696 Χριστὸν

60 699 108 724 τὸν
123 699 194 726 Θεὸν
219 700 303 735 ἡμῶν
322 702 518 738 ξκετεύσωμεν,
543 704 618 735 ὅπως
643 703 691 730 τὸν
716 705 856 741 φωτισμὸν

61 745 110 771 καὶ
127 747 178 779 τὴν
197 747 304 773 ἄνωθεν
320 747 402 782 χάριν
428 749 614 784 καταπέμψας
642 752 804 787 καταυγάσῃ
828 751 857 778 τὸ

60 791 112 825 τῆς
123 792 249 824 διανοίας
280 793 362 828 ἡμῶν
380 794 467 829 ὄμμα,
498 797 538 827 εἰς
555 797 585 823 τὸ
606 796 643 832 μὴ
671 798 786 824 κατόπιν
806 798 856 832 τῆς

60 839 197 872 ἀληθείας
210 840 301 867 ὲλθεῖν
312 849 318 854 ·
346 841 426 872 αὐτὸς
455 841 509 876 γάρ
525 842 601 869 ἐστιν
614 843 627 869 6
644 843 746 870 εἰπών·
763 845 855 878 Χωρις

60 883 139 918 ἐμοῦ
158 886 194 912 οὐ
210 885 348 914 δύνασθε
359 887 458 914 ποιεῖν
475 888 567 915 οὐδέν
580 896 586 903 ·
604 889 650 915 καί
668 897 675 905 ·
705 889 765 923 Πᾶς
780 889 796 916 ὁ
809 891 852 917 al-

62 930 125 957 τῶν
139 932 300 967 λαμϐάνει.
318 933 507 969 Δὺτοαλήθεια
522 934 576 968 γὰρ
595 934 633 962 ὣν
653 936 783 970 ἀληθείας
806 937 852 963 ὲκ-

62 977 154 1010 ζῃτεϊ,
181 977 276 1010 καθὼς
297 979 345 1005 καὶ
378 979 448 1010 θεῖος
472 979 553 1007 Δαυῒδ
578 980 676 1014 φησιν·
694 981 852 1014 ἈληθεΙας

62 1023 183 1057 έιζητεῖ
209 1024 320 1058 Κύριος
332 1033 338 1040 ·
370 1025 435 1052 καί·
473 1025 634 1060 Ἀλήθειαν
645 1027 809 1061 μελετήσει
824 1021 850 1054 ἶ

62 1069 182 1104 λάρυγξ
200 1078 273 1105 μου.
296 1070 373 1097 ‘Enel.
386 1068 432 1098 οὖν
450 1071 498 1098 καὶ
517 1073 531 1098 ὁ
548 1071 688 1107 αἰδέσιμος
704 1069 782 1105 οὗτος
796 1075 852 1106 τοῖς

64 1116 224 1151 ἁπανταχοῦ
243 1117 297 1152 γῆς
309 1118 463 1145 ἐπιστέλλει
477 1119 525 1146 καὶ
538 1119 593 1146 τῶν
619 1119 711 1155 νήσων
724 1120 851 1154 εὕρισκο⁹

65 1163 158 1195 μένοις
169 1164 362 1198 Χριπιανυῖς,
378 1163 416 1197 ὡς
430 1164 463 1191 ἂν
479 1165 511 1191 ἐκ
532 1164 586 1192 τῶν
602 1165 652 1201 ἠδη
670 1165 736 1201 πρὸς
754 1166 851 1198 αὐτοὺς

62 1209 281 1244 ὶπεσταλμένων
307 1210 359 1244 τὴν
376 1210 427 1245 τῆς
454 1210 572 1242 πίστεως
587 1211 718 1245 ἀλήθειαν
737 1211 851 1244 λάϐωσι,

64 1256 191 1287 καὶτοὺς
209 1255 266 1283 τῶν
285 1256 409 1284 Λατίνων
423 1256 521 1284 ἕνωσιν
539 1257 694 1293 τηροῦντας
713 1260 852 1295 ἀποστρα-

65 1302 148 1335 φῶσι,
167 1302 234 1338 φέρε
252 1303 302 1329 καὶ
316 1303 398 1337 ἡμεῖς
427 1303 515 1330 ταῦτα
537 1304 570 1338 δὴ
601 1304 636 1331 τὰ
662 1305 852 1341 ἐπεσταλμένα

64 1348 240 1383 ἐξετάσωμεν
252 1357 260 1364 ·
278 1349 327 1377 καὶ
346 1350 371 1376 εί
398 1350 448 1386 μὲν
463 1351 477 1376 ὁ
506 1350 599 1385 τίμιος
618 1348 697 1383 οὗτος
711 1351 760 1386 τῆς
786 1353 850 1387 ἀλη-

67 1394 140 1425 θείας
151 1394 257 1428 ἔχεται,
273 1395 322 1421 καὶ
333 1395 416 1429 ἡμεῖς
443 1395 502 1429 μετ’
513 1395 597 1422 αὐτοῦ
616 1397 771 1431 στησόμεθα
784 1396 850 1424 ταύ-

67 1447 114 1473 την
129 1439 380 1475 ἁνακηρύττοντες,
407 1440 455 1467 καὶ
483 1440 565 1467 αὐτὸν
592 1441 798 1475 μεγαλύνοντες,
814 1442 852 1475 ὡς

66 1486 113 1518 τῆς
126 1485 257 1520 ἀληθείας
272 1484 403 1520 ἐχόμενον
415 1492 424 1501 '
449 1486 473 1512 sl
487 1486 517 1512 δὲ
533 1486 629 1521 πόρῤω
653 1495 705 1514 που
720 1488 769 1523 τῆς
786 1488 852 1524 ἀλη-

696 142 849 172 CONTRA
867 142 1079 175 EPHESIUM.

1639 147 1688 180 114

872 200 992 235 Aipsam
1017 203 1161 236 declarat;
1193 208 1218 230 et
1248 211 1279 231 ea
1311 210 1486 239 usurpantes,
1514 209 1690 240 mentemque

908 248 1054 276 doctorum
1085 255 1232 284 sequentes
1253 251 1459 285 scribentesque
1493 251 1639 284 illuminat,
1661 257 1693 279 et

907 294 1081 322 audientibus
1097 295 1243 323 salutarem
1260 297 1376 330 desuper
1392 297 1623 324 illuminationem
1637 298 1685 324 lar.

908 340 991 374 gitur.
1023 340 1115 375 Itaque
1132 342 1165 368 ad
1183 349 1354 370 communem
1380 343 1450 369 hanc
1477 343 1599 370 onmium
1618 343 1685 370 utili

908 389 1002 417 tatem,
1017 391 1043 412 et
1060 386 1185 415 veritatis
1200 387 1421 416 adinventionem
1440 389 1511 423 (quae
1526 396 1579 416 non
1599 389 1686 416 solum

908 430 934 456 in
954 430 1055 459 divinis
1073 432 1258 467 dogmatibus,
1272 434 1319 461 sed
1336 433 1418 461 etiam
1435 434 1531 469 quavis
1544 434 1597 461 alia
1615 434 1641 461 in
1659 442 1686 461 re

907 476 991 508 qureri
1015 477 1094 504 debet
1116 477 1193 512 juxta
1217 479 1321 506 dictum
1343 478 1450 506 Domini
1484 489 1490 507 :
1523 479 1638 512 Qum-ite
1664 485 1686 506 et

907 522 1046 549 invenietis
1068 522 1088 557 ¹)
1106 523 1177 549 illam
1193 527 1220 551 et
1233 531 1282 551 uos
1296 524 1487 559 perquiramus
1500 532 1531 552 ex
1547 524 1687 552 doctorum

907 568 1070 601 sententiis;
1097 568 1219 604 fusisque
1235 570 1268 597 ad
1282 570 1421 597 Christum
1448 569 1534 597 Deum
1551 575 1688 601 nostrum.

907 614 954 649 qui
970 614 1027 649 ipsa
1046 615 1146 642 veritas
1161 619 1222 647 est,
1240 617 1366 650 precibus
1394 620 1530 650 petamus,
1557 620 1588 643 ut
1607 617 1688 644 missa

909 668 958 687 nos
987 660 1047 687 luce
1061 668 1118 688 sua:
1132 661 1226 695 gratiae
1239 681 1245 692 ,
1263 662 1363 689 mentis
1381 665 1482 688 nostrae
1501 662 1610 689 oculum
1628 662 1687 688 illu-

908 710 988 736 stret.
1014 714 1050 732 ne
1077 706 1191 739 quaesita
1220 707 1323 734 veritas
1337 715 1388 734 nos
1400 706 1523 741 eﬂugiat.
1539 707 1598 740 ipse
1615 708 1688 734 enim

907 756 950 779 est
969 751 1016 786 qui
1037 752 1107 779 dixit
1122 761 1129 780 :
1151 752 1215 780 Sine
1229 761 1268 778 me
1286 753 1354 779 nihil
1368 754 1476 786 potestis
1492 753 1579 787 facere
1594 753 1603 768 '
1620 761 1626 785 ;
1641 758 1666 779 et
1680 762 1686 779 :

908 797 1001 825 Omnis
1015 799 1061 833 qui
1076 798 1139 832 petit
1153 819 1158 830 ,
1175 799 1269 831 accipit
1289 799 1311 825 '.
1326 798 1393 826 Cum
1408 799 1443 826 sit
1457 800 1530 826 enim
1547 799 1604 833 ipsa
1618 799 1687 826 veri-

872 863 891 892 Β
909 847 960 874 tas.
979 850 1043 870 vera
1060 843 1195 878 requirit,
1214 848 1240 870 ut
1270 847 1387 871 testatur
1401 848 1429 871 et
1448 849 1561 871 sanctus
1579 843 1661 870 David
1679 853 1686 871 ε

912 887 1055 915 Veritatem
1070 889 1180 924 requirit
1199 889 1326 916 Dominus
1344 889 1371 922 ⁸;
1398 893 1424 917 et
1439 898 1445 916 :
1473 889 1616 917 Veritatem
1631 898 1686 916 me-

905 933 1036 960 ditabitur
1056 939 1147 970 guttur
1161 943 1246 962 meum
1259 935 1280 964 ⁸,
1291 935 1426 968 Quoniam
1441 941 1508 970 ergo
1524 935 1687 962 venerabilis

906 978 948 1005 hic
964 978 1005 1005 vir
1022 979 1119 1006 scribit
1140 980 1172 1007 ad
1200 987 1297 1007 omnes
1317 979 1416 1014 ubique
1432 985 1567 1008 terrarum
1584 981 1687 1008 insula—

907 1032 1021 1059 rumque
1048 1025 1153 1052 incolas
1186 1025 1374 1057 Cbristianos,
1390 1030 1436 1058 ιιι,
1456 1026 1685 1060 quemadmodum

906 1071 1044 1106 prioribus
1067 1071 1124 1100 suis
1137 1071 1193 1106 jam
1210 1071 1414 1107 signiﬁcaverat
1431 1072 1540 1104 litteris,
1561 1072 1622 1099 fidei
1638 1080 1686 1099 vc-

906 1119 1015 1144 ritatem
1033 1118 1191 1152 accipiant,
1216 1121 1241 1145 et
1260 1122 1421 1145 aversenlur
1437 1125 1496 1150 eos,
1517 1118 1563 1151 qui
1579 1123 1684 1150 pactam

906 1173 967 1192 cum
986 1164 1091 1192 Latinis
1111 1165 1240 1192 unionem
1266 1169 1378 1192 tuentur
1402 1173 1409 1197 ;
1437 1169 1486 1200 age
1508 1171 1558 1191 nos
1578 1171 1687 1198 quoque

905 1210 1095 1238 examinemus
1124 1210 1180 1238 haec
1204 1210 1263 1245 ipsa
1283 1218 1343 1246 quat
1359 1210 1456 1238 scribit
1471 1219 1479 1242 ;
1494 1215 1521 1237 et
1536 1210 1559 1238 si
1576 1210 1685 1245 quidem

904 1257 1028 1292 egregius
1055 1257 1096 1284 vir
1123 1264 1137 1284 a
1161 1257 1277 1284 veritate
1304 1264 1359 1284 non
1378 1257 1519 1289 abhorret,
1536 1264 1586 1283 nos
1604 1256 1686 1283 ctiam

902 1310 966 1329 σιιιιι
984 1301 1044 1336 ipso
1065 1301 1201 1329 stabimus
1216 1309 1275 1329 eam
1297 1301 1525 1336 depraedicautes,
1542 1301 1688 1336 ipsumque

906 1347 1032 1376 laudibus
1049 1347 1225 1380 extollentes,
1244 1352 1339 1383 utpote
1351 1348 1478 1376 veritatis
1493 1349 1631 1380 amicum;
1645 1348 1686 1374 sin

905 1397 996 1421 autem
1011 1393 1088 1429 longe
1100 1394 1211 1421 aberrat
1228 1401 1242 1420 a
1261 1393 1388 1426 veritate,
1399 1393 1514 1428 prolatis
1529 1396 1686 1420 sanctorum

904 1439 996 1472 dictis,
1007 1439 1094 1474 palam
1108 1439 1262 1474 legentibus
1275 1438 1418 1471 faciemus,
1429 1438 1494 1473 quid
1505 1437 1538 1465 ad
1548 1437 1606 1472 ejus
1620 1438 1687 1464 scri-

904 1489 949 1519 pta
965 1484 1197 1519 respondeamus;
1211 1489 1240 1512 ut
1256 1485 1418 1520 intelligant,
1437 1488 1496 1511 utra
1513 1491 1575 1518 pars
1593 1491 1685 1510 verum

68 1531 140 1562 οιίας
154 1531 243 1565 λέγει,
259 1532 294 1558 τὰ
311 1530 366 1557 τῶν
383 1531 468 1565 ἁγίων
495 1532 626 1567 Πατέρων
646 1533 804 1567 προθέντες,
819 1535 836 1560 δι

876 1540 889 1569 3
905 1531 988 1562 dicat,
1004 1535 1031 1558 et
1054 1538 1148 1558 secum
1167 1531 1292 1558 veritatis
1312 1530 1458 1558 candorem
1485 1529 1608 1562 habeat;
1627 1536 1686 1564 qua:

68 1576 155 1603 αὐτῶν
170 1576 221 1611 τὴν
235 1576 389 1611 ἀπολογίαν
402 1578 458 1608 τοῖς
477 1577 672 1613 ἐντυγχάνουσι
699 1579 852 1614 κατάδηλον

68 1623 226 1657 ποιήσομεν*
256 1622 333 1652 ὅπως
350 1621 460 1656 γνῶσιν,
485 1623 616 1657 ὁπότερον
645 1625 727 1660 μέρος
745 1625 851 1659 τάληθῆ

67 1667 147 1701 λέγει,
159 1667 212 1694 καὶ
225 1667 255 1693 τδ
269 1667 433 1702 λευκότερον
455 1668 516 1702 μεθ’
532 1669 631 1696 ἑαυτοῦ
645 1670 712 1704 ἔχει,
727 1670 768 1701 τίς
787 1670 815 1696 δὲ
838 1671 852 1696 ὀ

68 1712 374 1748 πιρασυλλογιζόμενος
390 1713 436 1740 καὶ
449 1714 482 1740 τὰ
495 1714 582 1749 ψευδῆ
593 1714 682 1748 λέγων
700 1715 748 1741 καὶ
761 1716 852 1748 ἀμαυ.

68 1760 108 1793 pd.
136 1759 207 1785 Ἀλλ’
219 1759 281 1786 ἐπεὶ
297 1759 345 1785 καὶ
370 1758 453 1793 ἄμφω
469 1759 505 1786 τὰ
530 1760 601 1795 μέρη
628 1760 708 1793 αὑτός
722 1770 751 1787 τε
767 1761 849 1796 δηλοῖ,

69 1807 112 1832 καὶ
127 1807 210 1840 ἡμεῖς
226 1807 255 1832 τδ
268 1807 396 1841 κρεῖττον
413 1807 460 1833 καὶ
475 1807 577 1842 ἀληθὲς
601 1808 727 1843 κατέχειν
743 1809 851 1844 νομίζο-

70 1861 128 1885 μεν,
144 1852 264 1879 ἕπεσθαι
290 1852 402 1883 πάντως
425 1853 531 1888 ἀνάγκη
554 1855 616 1885 ταῖς
640 1854 694 1882 τῶν
715 1855 850 1890 θεοφόρων

70 1899 196 1934 Πατέρων
210 1898 378 1934 μαρτυρίαις
396 1898 492 1934 ὥσπερ
508 1901 576 1934 φωτί
589 1908 596 1915 ·
610 1899 652 1926 ἵνα
667 1901 714 1927 δύο
736 1901 849 1936 χρωμά-

69 1953 118 1970 των
130 1944 227 1976 ὅντων,
242 1944 362 1979 ἐρυθροῦ
375 1953 404 1970 τε
421 1945 468 1972 καὶ
485 1945 610 1979 μέλανος,
627 1945 742 1972 ἑκάστου
759 1946 849 1981 λέγον-

68 1999 107 2021 τος
123 1990 153 2016 τὸ
167 1989 284 2024 ἐρυθρδν
300 1991 426 2025 κατέχειν
445 1990 493 2016 καὶ
534 1990 675 2025 βασιλικὸν
705 1992 752 2018 καὶ
781 1992 849 2027 χρή-

69 2043 148 2068 σιμον,
177 2035 222 2061 διὰ
246 2035 276 2060 τὸ
305 2035 357 2061 ὑπὸ
373 2035 419 2061 τοῦ
450 2035 539 2069 φωτὸς
565 2035 602 2070 μὴ
632 2036 794 2071 ἐλέγχεσθαι
818 2038 848 2064 τὸ

68 2081 185 2111 ἑκάστου,
202 2080 252 2107 τοῦ
268 2080 318 2115 μὲν
337 2081 354 2116 ὴ
366 2081 466 2116 πλάνη,
482 2081 528 2108 τοῦ
547 2082 575 2108 δὲ
588 2083 734 2118 φανερωθῇ
753 2084 769 2118 ή
784 2083 848 2119 ἁλή-

68 2127 120 2153 θεια
130 2135 138 2143 ⁸
154 2127 205 2154 οὐκ
221 2127 335 2154 ἄλλοθεν
348 2127 376 2153 δὲ
391 2127 421 2153 τὸ
438 2127 505 2162 φῶς,
519 2128 556 2159 ὡς
570 2127 692 2163 εἴρηται,
705 2129 729 2155 εί
745 2129 783 2164 μὴ
797 2129 849 2156 ὑπὸ

68 2174 115 2198 τῶν
130 2173 271 2208 θεοφόρων
287 2174 334 2199 καὶ
348 2172 434 2206 ἁγίων
453 2174 596 2209 Πατέρων,
615 2174 716 2203 οἵτινες
730 2175 782 2201 ὑπὸ
799 2175 847 2202 τοῦ

905 1581 998 1604 contra
1028 1576 1131 1604 vitiosis
1150 1580 1241 1603 utatur
1257 1576 1439 1612 syllogismis,
1457 1580 1484 1604 et
1508 1575 1680 1603 obscuritate

906 1623 1040 1651 mendacii
1073 1624 1237 1652 tenebrosis.
1261 1623 1314 1651 Sed
1346 1624 1477 1659 quoniam
1501 1623 1560 1656 ipse
1584 1622 1687 1658 profert

904 1677 962 1704 quae
978 1674 1043 1697 sunt
1058 1670 1202 1704 utriusque
1219 1669 1304 1704 partis
1316 1689 1323 1702 ,
1342 1673 1369 1696 et
1386 1677 1435 1696 nos
1449 1663 1558 1697 'scntire
1575 1669 1684 1700 melius,

903 1721 930 1744 et
944 1716 1087 1743 veritatem
1100 1723 1114 1742 a
1130 1715 1208 1743 nobis
1224 1723 1284 1743 esse
1300 1715 1475 1747 arbitramur,
1491 1720 1532 1742 est
1545 1715 1622 1749 plane
1639 1722 1685 1742 nc-

903 1762 1054 1789 cessarium
1083 1766 1242 1788 sanctorum
1276 1760 1387 1788 Patrum
1417 1761 1495 1795 sequi
1526 1761 1682 1789 testimon’a

903 1807 982 1842 quasi
1010 1807 1097 1834 facem
1131 1807 1340 1840 pt'atlucentcm,
1356 1811 1384 1833 ut
1399 1806 1483 1833 veluti
1497 1806 1604 1835 duobus
1623 1815 1685 1841 pro-

902 1853 1001 1888 positis
1027 1852 1176 1884 coloribus,
1201 1851 1284 1879 rubro
1305 1855 1333 1879 et
1348 1851 1438 1886 nigro,
1457 1851 1479 1878 si
1497 1853 1684 1886 unusquisque

902 1899 975 1926 dicat
1001 1906 1030 1925 se
1060 1898 1172 1924 rubrum
1190 1901 1216 1923 et
1232 1896 1337 1932 regium
1356 1901 1383 1924 et
1402 1896 1554 1931 pretiosum
1570 1897 1681 1930 habere,

902 1952 956 1971 non
989 1947 1123 1979 praesente
1153 1943 1267 1974 lumine,
1294 1950 1342 1977 per
1365 1943 1437 1977 quod
1453 1943 1572 1970 discerni
1595 1944 1683 1978 possit.

903 1990 967 2024 quid
987 1990 1104 2024 quisque
1122 1989 1220 2017 haheat
1234 2008 1241 2020 .
1260 1989 1445 2024 perspiciatur
1460 1990 1531 2022 lucc,
1546 1990 1607 2025 quis
1628 1989 1683 2016 fal-

901 2044 974 2069 sum,
992 2036 1054 2071 quis
1082 2043 1175 2062 verum
1204 2039 1319 2063 asserat.
1333 2035 1417 2063 Porro
1441 2036 1531 2063 lumen
1554 2037 1604 2063 hoc
1627 2044 1681 2063 non

900 2081 1020 2114 aliunde,
1052 2089 1135 2116 quam
1159 2089 1173 2107 a
1195 2080 1249 2108 Deo
1267 2081 1354 2116 plenis
1366 2082 1470 2110 sanctis
1484 2082 1612 2110 Patribus
1634 2082 1682 2109 Ιι;ι-

901 2127 956 2154 beri
984 2132 1085 2162 potest,
1109 2132 1139 2154 ιιι
1166 2128 1308 2155 diximus:
1337 2127 1382 2161 qui
1416 2135 1430 2154 a
1461 2132 1557 2155 sancto
1578 2128 1681 2162 Spiritu

901 2173 1030 2200 illustrati
1053 2180 1102 2208 per
1118 2173 1243 2201 veritatis
1261 2173 1408 2208 dogmata,
1432 2173 1497 2201 solis
1514 2173 1602 2202 instar
1619 2174 1681 2200 illu-

68 2219 129 2246 eam
149 2219 527 2254 Πνεῦματο;ὲλλαμφθέντες
556 2221 615 2250 τοῖς
641 2221 691 2255 τῆς
717 2221 836 2256 ἀληθείαι

876 2210 884 2235 )
900 2219 1006 2246 minant
1029 2227 1076 2247 eos
1105 2219 1151 2253 qui
1169 2223 1226 2246 tota
1245 2223 1337 2246 mente
1352 2219 1512 2253 exquirunt,
1527 2223 1554 2246 et
1568 2226 1680 2246 sensum

67 2264 183 2300 δόγμασι,
209 2265 291 2300 δίκην
307 2265 384 2300 ἡλίου
401 2265 550 2299 φωτίζουσι
582 2265 644 2297 τοὺς
662 2265 846 2301 ἔκζητοῦντας

67 2313 208 2349 ὁλοσχερῶς
224 2313 273 2340 καὶ
291 2313 337 2339 τὸν
365 2313 428 2340 νοῦν
442 2313 531 2340 αὐτῶν
558 2313 739 2348 ἐρευνῶντας.
757 2314 845 2349 Ποθή-

69 2367 152 2391 σαντες
166 2360 224 2394 γὰρ
239 2359 421 2394 ἐξεζήτησαν,
445 2360 494 2386 καὶ
523 2360 728 2396 ὲκζητήσαντες
754 2360 843 2396 εὗρον,

68 2403 98 2435 ὥς
111 2413 189 2440 φησιν
197 2405 214 2439 ἡ
226 2405 314 2439 Σοφία
324 2413 332 2420 ·
346 2405 380 2431 Οἱ
392 2404 552 2439 ζητοῦντές
560 2414 598 2440 με
610 2407 665 2440 γὰρ
677 2406 845 2440 εὑρήσουσι

67 2457 106 2481 με·
120 2452 162 2476 καὶ
179 2450 257 2484 ἡμᾶς
277 2451 316 2480 εἰς
333 2449 412 2477 τοῦτο
428 2450 641 2486 προτρέπουσιν,
658 2452 701 2478 ἴνα
718 2452 755 2487 μὴ
770 2451 841 2488 ψιλῷ

69 2494 100 2529 τῷ
110 2496 253 2531 γράμματι
266 2495 315 2531 τῆς
328 2495 458 2531 ἀληθείας
483 2497 659 2533 ἐκπέσωμεν,
677 2498 715 2530 ὡς
730 2498 754 2524 οἱ
776 2498 842 2525 Ἴου-

69 2540 135 2569 Wet.
150 2541 237 2569 Τοῦτο
251 2541 301 2568 σὺν
320 2543 377 2573 τοῖς
394 2542 485 2574 ἄλλοις
499 2543 624 2578 Πατράσι
635 2543 682 2570 καὶ
704 2543 842 2576 Βασίλειος

69 2587 171 2621 intra;
184 2589 214 2615 ἐν
229 2587 270 2623 τῷ
288 2589 349 2615 κατ’
363 2589 500 2625 Εὐνομίου
528 2589 631 2626 πρώτῳ
651 2590 725 2626 λόγῳ
738 2591 820 2626 φησιν
833 2598 839 2606 ·

70 2632 109 2666 ὡς,
122 2634 151 2660 Et
162 2643 204 2666 τις
221 2634 414 2668 ἀϐασανίστως
427 2637 498 2663 κατὰ
510 2635 560 2671 τὴν
574 2636 718 2672 πρόχειρον
729 2636 843 2672 ἐκδοχὴν

73 2677 130 2712 ψιλῷ
145 2680 336 2714 παρίστασθαι
352 2681 520 2716 φιλονεικυίη
538 2681 578 2717 τῷ
603 2682 758 2717 πράγματι,
773 2681 841 2715 πρὸς

75 2723 223 2758 Ἰουδαῖκοὺς
235 2727 285 2754 καὶ
294 2727 430 2762 γραώδεις
446 2728 548 2763 μύθους
576 2728 753 2762 ἀνατραπεὶς,
769 2736 841 2754 πτω-

70 2769 107 2804 χδς
119 2772 257 2804 παντελῶς
272 2772 328 2800 τῶν
340 2773 423 2806 ἀξίων
438 2774 502 2809 περὶ
518 2773 587 2800 Θεοῦ
598 2773 740 2808 νοημάτων
754 2782 837 2800 κατα-

96 2860 204 2891 ‘Matth.
223 2870 271 2895 ut,
287 2863 316 2891 7.
355 2863 365 2878 ¹
382 2863 461 2891 Joan.
475 2872 519 2898 xv,
540 2863 566 2891 5.
607 2864 615 2879 ³
628 2863 723 2891 Matth.
737 2871 783 2896 ru,
801 2863 826 2891 8.

898 2263 1007 2292 illorqu
1035 2263 1280 2292 scrutantur.Nam
1301 2264 1339 2291 illi
1361 2263 1501 2291 desiderio
1514 2264 1619 2292 incensi
1631 2272 1679 2291 ex-

897 2311 1062 2346 quisierunt,
1075 2314 1102 2337 et
1125 2310 1302 2345 exquirentes
1321 2310 1497 2340 invenerunt,
1522 2313 1551 2336 ut
1576 2309 1614 2335 ait
1631 2308 1681 2336 Sa-

897 2356 1015 2391 pientia:
1033 2355 1086 2388 Qui
1101 2360 1222 2391 quan-unt
1238 2363 1289 2389 me,
1319 2354 1448 2382 inuenient
1465 2362 1505 2382 me
1522 2354 1533 2370 ⁸
1548 2362 1557 2387 ;
1585 2358 1613 2382 et
1628 2362 1678 2382 nos

897 2403 929 2430 ad
948 2402 999 2430 hoc
1013 2402 1083 2429 idem
1102 2402 1257 2430 faciendum
1273 2402 1429 2432 hortantur.
1447 2408 1482 2428 ne
1499 2400 1618 2428 litteram
1635 2408 1679 2428 sc-

896 2453 1012 2483 quentes
1025 2447 1138 2481 nudam,
1156 2453 1186 2477 ut
1199 2447 1296 2480 Judaei,
1314 2447 1348 2476 ad
1364 2447 1506 2475 veritatem
1522 2447 1608 2482 ipsam
1625 2454 1677 2473 non

897 2496 1098 2532 perveniamus.
1113 2495 1168 2521 Hoc
1181 2501 1246 2521 sane
1262 2497 1317 2520 tum
1332 2491 1430 2527 reliqui
1444 2491 1616 2524 Patres,tum
1627 2491 1678 2518 Ba-

897 2542 976 2569 silius
1005 2541 1119 2576 Magnus
1152 2539 1239 2574 primo
1277 2536 1377 2565 contra
1413 2536 1576 2565 Eunomium
1609 2537 1678 2564 libro

896 2589 995 2616 docet:
1017 2587 1046 2614 Si
1067 2586 1129 2622 quis
1150 2585 1235 2617 enim,
1262 2583 1362 2618 inquit,
1390 2583 1464 2610 nulla
1482 2583 1679 2619 disquisitione

896 2633 1016 2662 adhibita
1042 2639 1099 2660 rem
1119 2631 1155 2658 ita
1181 2627 1389 2664 intelligendam
1418 2635 1480 2656 esse
1512 2629 1677 2661 contendat,

896 2685 926 2706 ut
947 2686 1006 2706 sese
1031 2678 1118 2713 primo
1143 2675 1222 2703 offert
1247 2677 1373 2709 aspectu,
1398 2675 1421 2702 is
1449 2675 1482 2701 ad
1501 2672 1631 2702 Judaicas
1648 2678 1676 2700 et

894 2725 997 2754 seniles
1023 2723 1130 2751 fabulas
1151 2722 1310 2754 devolutus,
1329 2721 1407 2757 inops
1422 2720 1534 2748 omnino
1553 2727 1568 2746 ιι
1589 2720 1676 2747 sensi-

899 2773 950 2800 bus
962 2771 1018 2798 Deo
1048 2769 1139 2805 dignis
1164 2772 1356 2797 consenescet.
1387 2767 1481 2802 ltaque
1510 2766 1581 2801 quod
1612 2772 1677 2801 pro-

876 2863 885 2878 δ
902 2861 974 2890 Psal.
993 2868 1058 2894 nx,
1073 2860 1108 2888 St
1181 2859 1261 2889 Prov.
1279 2866 1305 2888 τι
1319 2865 1337 2891 ι,
1353 2858 1379 2885 7.
1419 2859 1428 2874 °
1445 2858 1508 2892 δίῳ.
1523 2865 1561 2891 v1,
1578 2857 1620 2884 l3.
