1861 3068
170 201 307 232 misimus,
327 198 501 229 venerabilis
521 198 634 233 Ephesii
660 198 734 225 diota
751 198 827 233 prius
844 197 952 232 singula
967 198 991 228 Δ

170 249 340 281 προπυηιυε
353 265 361 278 ,
388 250 445 272 tum
470 247 579 272 nostras
596 244 679 272 etiam
696 245 892 280 reSponsiones
907 251 954 278 ap-

171 299 302 326 ponemus
327 290 407 319 fultas
433 290 598 319 deiferorum
615 295 827 326 sanctorumque
843 290 953 317 Patrum

169 339 334 367 testimoniis
348 359 357 372 ,
373 343 403 366 ut
419 339 465 366 liat
482 346 530 373 per
545 346 578 366 ea
595 338 743 366 manifesta
759 339 871 366 veritas.
886 337 953 365 Nam

170 392 260 412 sermo
280 385 333 412 tide
347 385 490 420 dignorum
511 384 675 412 auctoritate
694 384 820 412 ﬁrmatus
843 384 954 411 eviden-

169 431 324 468 tchtabct
338 431 380 458 sui
398 431 674 459 demonstrationem.

500 522 622 550 EPHES.

204 570 258 604 Qui
283 570 344 598 dira
370 578 421 598 nos
445 570 604 604 captivitate
620 570 794 604 captivarunt
808 588 815 599 ,
829 572 911 602 atque
928 568 953 594 in

169 617 332 648 Latinorum
350 618 449 645 rituum
469 617 684 651 dogmatumque
710 615 874 650 Babylonem
893 616 956 642 σίνε-

171 665 280 692 trahere
299 664 463 696 voluerunt,
488 663 513 690 id
539 663 647 697 quidem
682 662 832 697 perducere
846 662 879 688 ad
895 662 955 689 exi-

170 716 227 739 lum
249 717 420 744 nequaquam
441 713 600 744 potuerunt,
620 713 720 736 natura
738 709 872 736 absonum
893 715 955 736 esse

171 757 380 792 perspicientes,
393 761 419 783 et
439 760 576 790 praeterea
592 755 775 790 impossibile,
791 756 837 783 sed
854 756 881 782 in
899 764 957 784 tne-

170 803 214 829 dia
229 803 346 836 quadam
378 802 486 830 itineris
517 805 595 836 parte
622 801 802 830 subsistentes
820 806 876 829 tum
893 801 955 836 ipsi,

171 855 227 875 tum
256 852 408 876 sectatores
433 855 529 876 eorunt
541 866 549 880 .
579 855 669 881 neque
683 848 738 883 jam
756 851 822 876 sunt
840 848 956 884 amplius
972 867 994 896 Β

171 895 244 930 quod
270 899 360 928 erant,
387 903 474 930 neque
503 895 569 922 illud
585 902 712 926 evasere.
726 895 759 922 ad
773 895 847 929 quod
862 894 957 923 tende-

169 941 235 970 bant
249 949 256 974 ;
272 948 334 968 nam
354 942 447 969 relicta
469 941 578 976 quidem
594 946 636 968 est
654 941 688 968 ab
707 942 741 970 iis
757 940 955 977 Hierosolyma,

170 995 230 1020 quae
252 994 316 1014 vere
341 991 382 1015 est
401 987 476 1022 pacis
490 987 570 1021 visio,
597 993 624 1015 et
643 987 708 1015 Sion
725 995 814 1020 m0us,
850 987 902 1015 hoc
916 990 958 1015 est

172 1033 251 1061 ﬁrma
264 1038 290 1060 et
307 1034 474 1060 inconcussa
492 1033 578 1066 fides;
593 1041 689 1060 verttm
709 1032 768 1061 ﬂeri
789 1037 815 1060 et
832 1033 885 1060 dici
903 1040 955 1060 un-

170 1087 251 1114 quam
280 1079 421 1115 Babylonii
447 1087 496 1107 nec
516 1080 626 1110 volunt.
657 1087 708 1106 nec
732 1084 867 1114 possunt;
886 1080 957 1107 hanc

170 1132 236 1151 sane
251 1125 286 1151 ob
301 1131 412 1154 causam
429 1124 545 1152 vocandi
559 1125 657 1152 merito
667 1124 878 1156 Graeco-Latini,
897 1125 956 1153 usi-

171 1173 226 1197 tato
243 1174 333 1197 autent
350 1169 462 1197 nomine
481 1170 561 1204 vulgo
579 1170 704 1205 appellati
719 1169 917 1198 Latittizantes.

522 1216 621 1244 BESP.

205 1262 273 1289 Cum
298 1262 422 1297 epistola
441 1270 497 1290 sua:
515 1262 556 1290 vir
571 1263 689 1291 eximius
717 1263 825 1291 titulum
848 1271 955 1298 pramo-

172 1309 282 1340 laverit,
310 1309 343 1335 ad
368 1315 463 1336 omnes
484 1308 586 1344 ubique
598 1309 721 1337 locorum
741 1314 768 1337 et
787 1309 954 1341 insularum,

171 1357 198 1380 et,
213 1353 329 1380 salutem
356 1353 412 1381 illis
435 1353 628 1388 impertiverit,
646 1355 738 1382 statim
759 1356 902 1383 exorditur
920 1355 955 1382 ab

172 1398 287 1427 historia
310 1398 490 1433 captivitatis,
513 1406 573 1434 qua:
601 1399 671 1427 facta
692 1404 734 1428 cst
755 1401 892 1435 quondam
920 1400 955 1428 ab

170 1442 323 1472 Jerusalem
341 1444 367 1471 in
386 1443 563 1479 Babylonem,
582 1452 738 1474 sermonem
755 1447 848 1475 volens
863 1447 956 1474 suavi-

172 1494 228 1516 tate
255 1489 371 1523 quadam
406 1490 589 1524 perfundere,
621 1496 648 1518 et
664 1492 804 1520 auditores
835 1496 954 1520 attentos

621 139 813 170 GREGORll
829 139 981 170 ΜΛΜΜΕ
995 139 1051 171 CP.
1076 140 1332 172 PATRIARCHE

1743 141 1805 173 HS

1005 200 1133 235 γηράσει,
1152 200 1229 236 Kac;
1244 201 1309 234 γοῦν
1323 201 1372 236 τὴν
1382 199 1550 234 ἐπαγγελίαν
1564 199 1644 235 ἡμῶν
1659 200 1805 236 πρότερον

1005 247 1039 273 τὰ
1056 246 1104 273 τοῦ
1121 247 1264 281 αἰδεσίμου
1289 247 1404 280 Ἐφέσου
1436 246 1584 281 προθέντες
1609 246 1680 273 κατὰ
1696 249 1802 282 μέρος,

1006 293 1147 327 ἑπομένως
1164 294 1210 319 καὶ
1221 294 1270 324 τὰς
1285 293 1424 328 ἡμετέρας
1447 292 1598 326 ἀπολογίας
1623 292 1805 328 ἐπιθήσομεν

1006 339 1077 374 μετὰ
1093 340 1140 365 καὶ
1156 339 1206 374 τῆς
1223 340 1277 366 τῶν
1296 339 1438 374 θεοφόρων
1462 340 1596 374 Πατέρων
1628 341 1674 367 καὶ
1707 341 1804 374 ἁγίων

1007 385 1173 421 μαρτυρίας.
1209 386 1243 413 ἶν’
1272 385 1302 418 ἐξ
1321 385 1444 420 αὐτῶνὴ
1478 385 1590 420 ἀλήθεια
1613 387 1718 421 φανερὰ
1746 388 1803 420 γέ-

1006 441 1084 467 νηται
1095 440 1102 447 '
1127 433 1141 459 ὁ
1163 432 1215 466 γὰρ
1235 432 1263 466 ἑξ
1279 432 1392 465 ἐνδόξων
1403 432 1483 466 λόγος
1501 432 1695 468 βεϐαιούμενος
1712 434 1803 460 ἀναν-

1006 478 1135 514 τίρῤητον
1149 479 1205 513 ἔχει
1220 480 1269 514 τὴν
1284 478 1436 511 ἀπόδειξιν.

1341 526 1436 553 ΕΦΕΣ.

1041 571 1072 597 Ol
1086 571 1136 604 τὴν
1151 570 1239 605 κακὴν
1254 571 1327 606 ἡμᾶς
1343 572 1538 606 αἰχμαλωσίαν
1550 573 1804 608 αίχμαλωτεύσαν-

1006 625 1063 648 τες,
1081 617 1129 643 καὶ
1155 616 1224 652 πρὸς
1242 616 1291 652 τὴν
1305 617 1452 644 Βαϐυλῶνα
1475 618 1534 644 ’τῶν
1550 619 1705 645 Λατινικῶν
1725 619 1803 644 ἐθῶν

1006 663 1054 690 καὶ
1067 663 1211 696 δογμάτων
1228 662 1394 697 θελήσαντες
1409 663 1576 698 κατασῦραι,
1591 663 1669 691 τοῦτο
1687 665 1737 699 μὲν
1745 665 1803 690 οὐκ

1006 709 1180 744 ἠδυνήθησαν
1193 709 1310 743 ἀγαγεῖν
1323 710 1363 741 είς
1379 710 1466 744 πέρας
1480 710 1593 736 αὐτόθεν
1607 719 1637 736 τε
1653 711 1803 745 ἅπερ.φαῖ-

1007 763 1052 781 νον
1066 755 1194 789 ὁρῶντες,
1209 755 1258 781 καὶ
1266 754 1353 787 ἄλλως
1365 755 1508 789 ἀδύνατον,
1540 757 1569 782 ὲν
1593 756 1668 791 μέσῳ
1693 756 1723 782 δέ
1743 765 1802 782 που

1006 801 1055 834 τῆς
1072 800 1132 827 ὁδοῦ
1157 801 1375 835 καταμείναντες
1393 801 1472 828 αὐτοί
1489 809 1518 827 τε
1535 802 1585 828 καὶ
1610 801 1668 828 ὅσοι
1688 801 1802 834 τούτοις

1008 846 1241 881 ἐπηκολούθησαν,
1268 845 1326 873 οὔτ’
1356 846 1445 873 ἐκεῖνο
1474 847 1567 873 λοιπὸν
1594 847 1801 882 μεμενήκασιν,

1008 891 1071 919 οὔτε
1086 891 1167 918 τοῦτο
1182 892 1346 927 γέγονασιν·
1365 891 1544 928 Ἱεροσόλυμα
1573 893 1622 928 μὲν
1645 893 1804 920 ἀπολιπόν-

1007 945 1065 970 τες,
1080 937 1130 972 τὴν
1158 937 1195 968 ὡς
1222 936 1332 972 άληθῶς
1356 938 1452 972 ὅρασιν
1477 938 1528 972 τῆς
1555 938 1680 973 εἰρήνης,
1695 938 1745 965 καὶ
1770 938 1804 964 τὸ

1007 983 1078 1024 Σιὼν
1100 984 1174 1019 ὅρος,
1201 984 1250 1019 τὴν
1271 983 1385 1020 βεϐαίαν
1419 985 1512 1012 πίστιν
1524 985 1572 1012 καὶ
1585 985 1731 1012 ἄσειστον·
1748 985 1803 1011 καὶ

1008 1029 1177 1057 Βαϐυλώνιοι
1193 1030 1221 1057 δὲ
1247 1031 1376 1065 γενέσθαι
1396 1032 1463 1059 ποτε
1492 1031 1541 1059 καὶ
1566 1031 1701 1067 κληοῆναι
1729 1032 1802 1066 μήτε

1008 1076 1168 1112 βουλόμενοι
1184 1077 1253 1112 μήτε
1264 1077 1419 1112 δυνάμενοι,
1432 1078 1479 1104 καὶ
1490 1077 1534 1104 διὰ
1546 1077 1620 1104 τοῦτ’
1635 1077 1668 1104 ἂν
1679 1077 1799 1110 δικαίως

1007 1122 1153 1157 κληθέντες
1169 1123 1386 1158 Γραικολατίνοι,
1402 1123 1563 1159 καλούμενοι
1576 1123 1598 1150 δ’
1615 1121 1662 1151 οὖν
1673 1123 1727 1150 ὑπὸ
1739 1123 1799 1151 τῶν

1007 1169 1112 1196 πολλῶν
1126 1169 1337 1204 Λατινόφρονες.

1304 1215 1488 1242 ΔΠΟΛΟΓῙΑ.

1043 1261 1107 1292 Τοῖς
1121 1259 1281 1296 ἁπανταχοῦ
1303 1262 1355 1296 γῆς
1377 1261 1424 1288 καὶ
1451 1261 1505 1288 τῶν
1521 1262 1614 1296 νήσων
1635 1262 1803 1295 ἐπιστείλας

1006 1307 1020 1333 ὀ
1038 1306 1130 1340 τίμιος
1142 1302 1221 1337 οὗτος
1237 1306 1318 1340 ἀνὴρ,
1337 1307 1384 1333 καὶ
1397 1307 1505 1342 χαίρειν
1528 1307 1699 1343 προσειπὼν,
1714 1309 1802 1340 εὐθὺς

1005 1353 1060 1380 ἀπὺ
1077 1352 1198 1388 ἱστορίας
1229 1352 1344 1388 ἄρχεται
1371 1354 1420 1388 τῆς
1450 1353 1533 1380 πάλαι
1555 1355 1620 1381 ποτὲ
1646 1356 1802 1390 γενομένης

1006 1399 1197 1434 αἰχμαλωσίας
1223 1400 1279 1426 ἀπὸ
1301 1399 1484 1436 Ἰερουσαλὴμ-
1505 1401 1544 1432 είς
1567 1401 1729 1432 Βαϐυλῶνα,
1751 1402 1802 1428 τὸν

1005 1445 1084 1480 λόγον
1098 1446 1230 1480 ἡδὺτερον
1247 1446 1459 1473 κατασκευάσαι
1481 1446 1653 1481 βουλόμενος.
1671 1448 1717 1473 καὶ
1733 1448 1802 1479 τοὺς

1006 1491 1144 1526 ἀκροατὰς
1169 1491 1301 1526 διεγεῖραι
1329 1492 1397 1525 πρὸς
1428 1492 1479 1526 τὴν
1515 1493 1569 1518 τῶν
1597 1493 1800 1528 ῥηθησομένων

172 1536 286 1563 reddere
301 1536 333 1563 ad
350 1536 485 1564 audienda
501 1545 561 1572 quae
575 1537 713 1566 dicentur.
730 1538 795 1566 Nam
814 1539 953 1574 allegorici
971 1542 992 1570 ο
1009 1539 1039 1564 ἀν

1042 1538 1153 1574 ;ρόασιν.
1173 1539 1203 1565 '0
1215 1539 1269 1572 γὰρ
1292 1538 1474 1573 ἁλληγορικὺς
1504 1538 1582 1571 λόγος
1599 1540 1668 1572 πρὸς
1684 1540 1735 1574 τὴν
1753 1540 1801 1566 θέ-

172 1583 311 1610 sermonis
329 1583 469 1618 proprium
485 1587 546 1616 est,
559 1588 588 1611 ut
603 1584 637 1611 ad
653 1585 822 1612 voluntatem
838 1586 954 1614 dicentis
1009 1585 1039 1620 λη

1046 1593 1088 1611 σιν
1102 1584 1208 1611 ⁴ιίθεται
1223 1585 1325 1620 κυρίως
1340 1584 1388 1611 τοῦ
1400 1584 1542 1620 χρωμένου
1567 1585 1614 1611 τὸν
1634 1585 1715 1618 λόγον
1728 1585 1745 1621 ἢ
1767 1586 1800 1613 τὸ

172 1633 200 1656 et
225 1636 281 1655 rem
309 1629 487 1663 exprimentis
518 1630 588 1657 dicta
615 1630 825 1663 accommodet;
854 1631 956 1658 idcirco
1008 1639 1039 1666 πί

1042 1633 1136 1665 >ἇγμα,
1166 1630 1230 1658 καθ’
1258 1631 1272 1657 ὃ
1300 1631 1429 1664 λέγεται·
1458 1630 1498 1657 διδ
1530 1631 1577 1657 καί
1598 1630 1647 1666 τὴν
1674 1631 1799 1667 ἱστορίαν

172 1674 266 1701 attulit
280 1674 352 1701 hanc
366 1675 520 1708 historiam,
534 1680 564 1702 nt
580 1677 718 1704 schemate
734 1677 885 1712 allegortco
907 1686 955 1712 pro
1009 1686 1039 1712 πί

1042 1677 1148 1712 tablina:
1177 1676 1302 1711 ταύτην,
1331 1675 1374 1702 ἴνα
1407 1675 1444 1711 τῷ
1474 1676 1648 1712 ἀλληγορικῷ
1674 1678 1797 1712 σχήματι

173 1728 221 1747 sua
238 1721 376 1749 voluntate
390 1724 525 1749 uteretur.
543 1721 620 1749 Licet
640 1730 705 1757 ergo
728 1724 807 1751 nobis
818 1724 900 1751 etiam
916 1725 957 1751 ni-
1009 1732 1039 1758 χρ

1042 1724 1145 1759 ηήσηται
1162 1723 1254 1753 καθὼς
1273 1723 1411 1756 βούλεται.
1430 1722 1556 1754 Ἔξεστιν
1585 1722 1632 1750 οὖν
1653 1723 1701 1749 καὶ
1730 1724 1797 1758 ἡμῖν

174 1767 208 1793 hil
225 1774 239 1793 a
259 1767 374 1793 veritate
391 1767 595 1796 discedentibus
612 1768 703 1796 dicere
719 1778 726 1796 :
748 1768 802 1797 Nos
819 1770 950 1798 llicroso-
1008 1770 1039 1796 ἀλ

1042 1769 1186 1804 ηθεύουσιν
1202 1770 1299 1802 εἰπεῖν,
1326 1769 1364 1799 ὡς
1394 1767 1442 1802 τὴν
1472 1768 1653 1803 Ἰερουσαλὴμ
1690 1769 1797 1803 μᾶλλον

174 1813 271 1847 lymam
289 1812 379 1847 potius
393 1817 504 1846 tenere,
518 1818 545 1841 et
557 1822 615 1841 eam
628 1814 758 1847 incolere,
773 1824 854 1850 quam
874 1817 957 1844 intcr-
1009 1825 1039 1842 κο

1042 1816 1172 1850 ιτέχομεν,
1198 1816 1244 1841 καὶ
1259 1816 1288 1842 ὲν
1304 1814 1388 1852 ταύτῃ
1415 1815 1510 1850 ἐσμὲν,
1527 1815 1588 1850 ἥτις
1613 1815 1798 1849 ἑρμηνεύεται

174 1862 316 1892 pretantur
333 1866 427 1893 pacem
446 1878 454 1890 ,
477 1867 558 1894 quant
578 1859 711 1888 Dominus
729 1862 810 1889 etiam
828 1864 958 1898 prmcepit
1009 1863 1039 1897 et,

1042 1864 1117 1898 οήνη,
1137 1862 1171 1897 ἢν
1193 1862 1241 1888 καὶ
1265 1861 1279 1886 ὁ
1301 1861 1405 1896 Κύριος
1420 1861 1487 1896 ἡμῖν
1504 1860 1658 1887 ἐνετείλατο
1687 1861 1795 1895 λέγων·

173 1904 350 1940 servandam,
364 1912 426 1931 cum
442 1905 548 1933 diceret
566 1915 573 1932 :
595 1904 690 1932 Pacem
713 1915 798 1934 meam
822 1907 855 1934 do
873 1909 956 1941 vobis,
1010 1911 1039 1936 Et

1042 1909 1146 1943 ’pﬁrnr
1164 1907 1222 1942 τὴν
1251 1906 1328 1941 ἐμὴν
1349 1906 1453 1941 δίδωμι
1478 1906 1560 1941 ὑμῖν,
1590 1906 1715 1941 almith
1741 1906 1799 1941 τὴν

173 1959 264 1987 pacem
284 1959 368 1978 nteant
384 1951 503 1986 relinquo
518 1951 589 1978 vobis
604 1951 626 1979 ⁷.
640 1952 715 1979 lianc
735 1953 818 1985 igitur
834 1959 958 1982 tenentes
1009 1956 1039 1990 ἐρ

1042 1955 1086 1989 ιὴν
1101 1955 1209 1988 ἀφίημι
1233 1953 1314 1989 ὑμῖν.
1337 1952 1448 1987 Ταύτην
1478 1950 1525 1979 οὖν
1542 1952 1591 1987 τὴν
1619 1952 1666 1978 τοῦ
1693 1954 1797 1987 Κυρίου

175 1997 281 2024 Domini
291 2004 397 2028 vocem,
413 2005 466 2032 qtta
485 1997 511 2024 id
524 1997 646 2030 jnlnetur,
656 1998 738 2025 veluti
750 1998 814 2026 Sion
827 2005 957 2033 montem,
1011 2011 1039 2036 φι

1042 2003 1105 2034 υνὴν
1121 2001 1169 2034 τὴν
1184 1999 1263 2026 τοῦτο
1286 1999 1454 2026 κελεύουσαν
1484 1997 1578 2032 ὥσπερ
1602 1998 1633 2024 τὸ
1647 1998 1717 2025 Σιὼν
1735 1999 1798 2032 ὅρος

173 2049 221 2069 eos
235 2042 281 2077 qui
298 2042 429 2070 scindunt
440 2042 543 2070 Christi
560 2042 723 2074 Ecclesiaut.
735 2044 898 2079 Babylonios
914 2054 960 2073 νο-
1010 2055 1039 2073 κο

1042 2046 1184 2081 ιτέχοντες,
1204 2045 1268 2075 τοὺς
1283 2045 1428 2079 σχίζοντας
1449 2044 1499 2077 τὴν
1515 2043 1562 2070 τοῦ
1582 2043 1703 2078 Χριστοῦ
1737 2044 1798 2070 Ἐγ-

174 2095 289 2115 camus:
309 2096 360 2115 nos
382 2095 447 2115 vero
468 2096 519 2116 nec
542 2088 645 2117 luimus
663 2098 784 2124 unquam
801 2091 957 2126 Babylonii,
1011 2092 1039 2119 κ)

1042 2092 1129 2127 ,ησίαν
1156 2089 1347 2120 Βαδυλωνιους
1385 2088 1545 2123 καλοῦμεν·
1574 2088 1742 2116 Βαϐυλώνιοι
1770 2090 1798 2116 δὲ

175 2138 205 2160 ttt
221 2134 268 2168 qui
285 2134 478 2162 confusionem
498 2138 525 2162 et
538 2135 661 2162 scitisma
679 2137 796 2164 vitemus
814 2145 820 2170 ;
838 2145 888 2165 nec
906 2146 956 2166 νος

175 2179 267 2207 luntas
299 2187 420 2214 unquam
453 2180 506 2207 erit
535 2185 562 2207 ut
595 2181 703 2213 liamus,
723 2189 785 2209 cum
808 2191 871 2211 vere
886 2185 958 2212 illius

175 2225 304 2260 discipuli
330 2226 429 2259 simus,
459 2226 506 2261 qui
538 2227 697 2254 mandatum
717 2228 802 2261 dedit,
818 2233 847 2256 ttt
864 2238 958 2264 pacem

175 2279 334 2307 sequamur.
345 2272 547 2300 Subsannando
559 2281 640 2306 porro
655 2281 703 2301 nos
712 2280 789 2302 vocat
800 2275 960 2304 Grazco—La-

176 2319 262 2350 tinos,
277 2318 438 2351 adinvcnto,
456 2323 482 2344 ut
500 2319 615 2352 putavit,
630 2327 699 2347 ttovo
717 2321 834 2355 quodam
851 2327 877 2350 et
893 2330 961 2350 con--

175 2368 291 2399 gruenle
318 2364 449 2391 nomine:
477 2367 504 2390 at
522 2371 573 2391 nos
611 2365 677 2392 illud
713 2373 885 2401 nequaquam
911 2375 960 2402 pro

176 2410 395 2437 subsannatione
412 2409 558 2442 ltabcmtts,
577 2410 624 2437 sed
646 2418 738 2437 verum
755 2419 815 2438 esse
833 2411 959 2439 fatemur.

176 2455 244 2483 Cum
267 2456 340 2483 enim
369 2455 569 2482 Constantinus
584 2456 699 2492 Magnus
717 2457 802 2483 Roma
819 2457 958 2490 profectus

177 2502 366 2530 nobilissimos
394 2501 428 2528 al)
454 2502 521 2529 urbe
538 2502 676 2530 llomanos
690 2504 838 2538 optimates
855 2505 960 2532 incolas

177 2547 287 2575 duxerit
302 2579 306 2583 _
320 2555 382 2574 eam
408 2547 435 2575 in
463 2547 569 2581 urbem,
595 2557 656 2584 qua:
675 2557 763 2584 nuper
778 2555 834 2576 tuttt
851 2550 961 2578 condita

177 2594 238 2629 ejus
268 2593 378 2620 nomine
405 2597 448 2620 est
476 2594 617 2628 insignita,
635 2602 751 2629 quaeque
774 2595 848 2622 Nova
874 2594 961 2622 Roma

178 2642 337 2673 nuncupata
352 2643 395 2666 cst
412 2647 419 2672 ;
438 2642 531 2667 eorum
559 2640 661 2676 posteri
674 2660 681 2673 ,
697 2639 790 2668 Graece
805 2640 960 2676 loquentes,

177 2683 225 2715 sed
248 2683 356 2711 oriundi
386 2684 420 2712 ab
446 2685 518 2716 illis,
539 2686 600 2720 jure
627 2690 691 2713 sunt.
713 2684 828 2712 vocandi
854 2685 964 2712 Grzcco-

177 2730 266 2759 Latini
283 2740 290 2762 ;
317 2730 445 2760 llellenas
468 2732 541 2760 enim
553 2732 663 2760 Grazcos
682 2737 778 2759 vocant
794 2731 896 2759 Latini.
911 2732 963 2759 At-

179 2786 233 2814 que
254 2779 290 2807 ita
313 2780 384 2815 quod
406 2781 488 2808 nobis
505 2780 748 2816 praestantissimus
768 2781 808 2808 vir
825 2779 919 2815 objicit
935 2785 964 2808 ut

216 2870 314 2903 τδυῐιιι.
329 2879 382 2904 xtv,
403 2871 448 2900 9.7.

975 2209 1001 2241 υ

1010 2139 1091 2173 ἡμεῖς
1112 2136 1174 2163 οὔτε
1202 2136 1366 2170 γεγόναμεν,
1399 2134 1436 2165 ὡς
1468 2135 1518 2169 τὴν
1547 2133 1680 2169 σύγχυσιν
1694 2135 1742 2161 καὶ
1767 2136 1799 2161 τὸ

1014 2184 1118 2219 σχίσμα
1135 2182 1338 2216 ὰποσειὸμενοι,
1362 2180 1425 2207 οὔτε
1456 2181 1521 2207 ποτὲ
1550 2180 1701 2215 θελήσομεν
1723 2181 1800 2214 γενέ-

1016 2231 1088 2262 σθαι,
1109 2229 1230 2265 μαθηταὶ
1245 2228 1321 2258 ὄντες
1336 2226 1407 2254 κατὰ
1421 2226 1552 2261 ἀλήθειαν
1567 2227 1614 2253 τοῦ
1627 2226 1798 2258 κελεύοντος·

1015 2276 1151 2310 Εἰρήνην
1166 2274 1298 2301 διώκετε.
1318 2272 1544 2307 Γραικοὶατίνους
1566 2273 1594 2299 δὲ
1612 2273 1686 2307 ἡμᾶς
1707 2273 1800 2299 διασύ-

1019 2331 1072 2357 ρων
1095 2320 1237 2353 ὀνομάζει,
1253 2318 1411 2354 καινότερον
1435 2327 1461 2344 τι
1488 2319 1575 2353 ὄνομα
1597 2319 1644 2345 καὶ
1660 2320 1800 2353 προσῆγον

1015 2371 1053 2400 ὡς
1068 2369 1194 2402 ἐνόμισεν
1209 2365 1296 2400 εὑρών
1308 2373 1315 2380 ·
1332 2365 1401 2399 ὅπερ
1417 2365 1497 2399 ἡμεῖς
1513 2365 1543 2390 οὐ
1557 2364 1707 2398 διασυρμὺν
1720 2364 1799 2390 τοῦτο

1014 2411 1190 2445 λογιζόμεθα,
1223 2409 1282 2435 ἀλλ’
1299 2408 1399 2442 ἀληθὲς
1432 2407 1502 2435 εἶναι
1529 2408 1725 2443 ὁμολογοῦμεν.
1744 2408 1797 2434 Τοῦ

1018 2459 1070 2493 γὰρ
1098 2457 1218 2492 μεγάλου
1252 2455 1458 2482 Κωνσταντίνου
1486 2455 1591 2481 ἐκεῖθεν
1620 2454 1796 2489 ὁρμωμένου,

1018 2504 1063 2530 καὶ
1080 2505 1144 2533 τους
1159 2501 1220 2528 λίαν
1238 2500 1449 2534 εὐγενεστάτους
1470 2500 1638 2534 μεγιστᾶνας
1653 2499 1797 2533 Ῥωμαίων

1016 2549 1049 2574 ὲκ
1067 2547 1176 2581 Ῥώμης
1191 2540 1422 2581 μετοικισαμένου
1443 2546 1484 2576 είς
1499 2545 1548 2580 τὴν
1560 2545 1603 2571 ἐπ’
1614 2544 1726 2577 ὀνόματι
1752 2544 1800 2570 αὑ-

1015 2593 1062 2619 τοῦ
1079 2593 1272 2628 ἁνεγερθεῑσαν
1290 2592 1379 2624 πόλιν,
1397 2591 1448 2626 τὴν
1461 2591 1508 2617 καὶ
1523 2590 1598 2617 Νέαν
1617 2589 1726 2625 Ῥώμην
1742 2590 1800 2615 ὀνο-

1018 2641 1182 2676 μασθεῖσαν,
1199 2640 1224 2667 οι
1242 2639 1271 2672 ἐξ
1287 2640 1400 2665 ἐκείνων
1415 2637 1513 2672 φύντες
1526 2636 1575 2672 τὴν
1591 2636 1641 2671 μὲν
1665 2635 1720 2662 τῶν
1742 2635 1798 2662 Ἐλ‹

1017 2687 1106 2721 λήνων
1122 2686 1326 2720 ὲξασκήσαντες
1339 2684 1473 2718 γλῶτταν,
1491 2683 1539 2709 καὶ
1550 2683 1595 2708 διὰ
1605 2681 1705 2716 ταύτης
1720 2681 1799 2714 φθεγ-

1019 2732 1143 2766 γόμενοι,
1159 2732 1190 2758 τὸ
1206 2731 1234 2758 δὲ
1257 2731 1336 2765 γένος
1349 2730 1456 2756 ἐκεῖθεν
1474 2728 1611 2760 ἕλκοντες,
1628 2727 1740 2758 six/mm;
1756 2726 1801 2752 καὶ

1021 2778 1226 2814 Γραικολαττνοι
1239 2776 1380 2811 ὀφείλουσι
1400 2773 1539 2809 λέγεσθαι,
1559 2773 1627 2800 διότι
1651 2773 1676 2800 οι
1693 2773 1799 2800 Λατῖνοι
