1861 3068
170 94 220 128 “9

163 201 311 234 probemus
340 212 390 233 nos
423 206 475 235 hoc
501 216 626 238 asserere
651 201 826 250 dcsumptuni
851 225 865 244 a
881 203 947 246 sane

162 246 226 273 etis.

161 300 239 324 τινας
253 315 260 327 ,

161 349 257 375 γομεν.

310 297 357 324 καὶ
383 298 411 331 ἐξ
441 299 530 327 αὐτῶν
563 301 641 337 ὀλίγα
669 306 709 337 εἰς
750 309 868 345 μερικὴν
900 319 962 338 τινα

196 387 290 423 Itaque
304 396 416 420 sanctus
431 394 550 428 (Iyrillus
579 397 605 424 in
619 406 747 429 sermone
758 404 790 430 ad
819 405 947 435 Theodo-

159 431 232 460 sium
250 435 455 471 imperatorem,
469 441 515 475 qui
529 441 565 468 ita
580 444 694 480 incipit:
718 431 947 483 Supremumhu-

159 487 248 508 manae
259 481 352 515 gloria:
368 484 476 513 culmen
488 508 496 520 ,
532 489 570 516 sic
585 491 621 518 ait
636 500 643 519 :
678 481 883 527 Baptisaturum
905 497 945 524 in-

159 525 320 577 quitlesuru
336 529 361 556 in
378 530 439 565 igne
465 538 492 560 et
528 534 630 569 Spiritu
659 525 774 572 saneto;
798 549 850 568 non
870 543 943 577 quod

160 570 290 605 Spiritum
306 574 450 609 baptizatis
459 579 571 608 deberet
581 582 724 612 infundere
733 570 851 614 alienum
865 570 944 623 qiuasi

158 623 256 645 servus
272 624 300 646 et
316 621 452 655 minister,
472 625 518 652 sed
530 634 592 654 curn
618 636 746 664 suprema
760 621 896 666 potestate
913 639 943 662 ut

157 667 255 714 natu-ra
268 664 337 693 Deus
368 667 453 702 illum,
464 671 510 705 qui
523 679 556 699 ex
570 673 629 707 ipso
640 680 692 707 est,
705 681 731 702 et
741 664 799 711 eius
817 681 944 714 proprius

156 711 209 734 est.
223 707 251 734 In
272 710 387 744 epistola
403 721 513 749 quoque
523 716 732 751 adNestorium,
746 707 824 755 cujus
835 707 942 750 initium

155 757 227 780 est:
253 753 320 781 Cum
350 755 476 786 Salvator
502 765 597 788 noster
624 763 726 791 diserte
773 753 942 801 pronuntiet,

156 797 298 833 Quamvis,
313 801 412 837 inquit,
427 803 548 839 Spiritus
565 814 643 836 suam
663 809 762 838 habeat
773 797 940 846 peculiarem

155 845 443 884 subsistentiam,qua
467 851 633 888 intelligitur
654 863 702 891 per
730 845 790 885 sese
806 860 941 888 exsistens

156 890 287 925 Spiritus,
307 902 361 922 non
377 895 476 930 Filius,
502 904 545 927 est
570 905 660 930 tamen
692 903 763 932 haud
796 906 901 934 alienus
927 914 940 934 a

155 936 226 966 Filio
242 940 351 970 :dictus
361 943 463 978 quippe
480 950 523 973 est
537 946 656 981 Spiritus
680 951 813 984 veritatis,
841 954 942 982 veritas

154 990 245 1013 autem
258 992 298 1014 est
312 987 460 1019 Christus:
477 996 503 1018 et
517 993 667 1022 effunditur
678 997 711 1023 ab
725 997 771 1025 illo
795 1006 847 1026 non
862 1007 942 1027 secus

153 1033 236 1063 atque
248 1031 281 1058 ab
295 1031 354 1067 ipso
368 1033 422 1062 Dco
442 1034 532 1065 Patre.
546 1038 625 1071 Quod
650 1048 714 1069 vero
729 1047 840 1071 sanctus
861 1044 943 1073 Pater

156 1083 202 1109 per
212 1083 317 1111 vocem,
327 1078 488 1114 effunditur,
498 1083 632 1120 intelligat
645 1089 858 1122 processionem,
871 1091 943 1125 ipsc-

155 1125 210 1148 mct
224 1123 343 1152 declarat
356 1127 383 1152 in
399 1128 572 1162 expositione
589 1131 723 1166 Symboli.
736 1135 780 1162 Ait
794 1136 866 1162 enim
909 1138 940 1164 Et

153 1166 314 1202 effunditur,
334 1171 384 1199 hoc
401 1177 444 1200 est
461 1177 595 1208 procedit,
614 1182 742 1214 tanquam
756 1180 792 1208 ‘ex
822 1183 896 1210 rontc
926 1191 939 1210 a

155 1214 209 1241 Deo
222 1215 312 1244 Patre.
325 1217 374 1245 Hic
389 1218 467 1253 illud,
489 1221 651 1258 cﬂitndltur,
665 1226 698 1252 ab
723 1227 770 1253 illo
786 1235 837 1255 non
861 1218 941 1258 secus

154 1266 235 1309 atque
268 1264 301 1291 ab
327 1265 386 1299 ipso
418 1267 518 1301 Patre;
544 1272 682 1304 quomodo
713 1273 940 1309 intelligendum?

154 1307 182 1334 Si
203 1309 276 1335 enim
306 1309 421 1340 dixisset
453 1314 553 1348 solum,
583 1316 742 1351 etlunditur,
770 1307 839 1348 ali—us
870 1329 940 1356 quo-

153 1361 206 1387 que
226 1362 324 1384 sensus
342 1357 431 1386 locum
460 1357 591 1395 haberet;
619 1364 668 1392 sed
688 1372 749 1392 cum
769 1366 861 1400 addat,
879 1367 938 1396 Non

153 1407 234 1428 secus
249 1405 331 1443 atqpe
345 1403 378 1430 ab
394 1403 454 1438 ipso
469 1404 681 1439 Patre,omnem
699 1409 863 1445 detorquere
880 1419 940 1438 sen-

153 1452 213 1472 sum
224 1446 379 1475 voleutibus
393 1450 709 1482 prmeiditoceasionem.
721 1454 752 1480 Et
762 1462 874 1490 magnus
889 1455 939 1482 Ba-

619 107 809 143 GltEGORII
831 114 980 148 ΜᾹΜΜίΕ
996 119 1048 150 CP.
1071 120 1328 157 PATRIARCHAS

164 157 367 222 Be-ilquosdam,
379 163 405 187 et
417 169 504 194 pauca
518 163 717 200 illorumdicta,
729 174 756 196 ut
771 161 946 206 aliquatenus
961 177 984 206 Α
998 173 1137 206 atauus},

164 207 213 222 nm
226 209 311 222 )Dlhlik
340 212 389 222 ntus
423 206 474 222 lunn
501 216 624 222 ...ενι--..μ
655 212 681 222 γι.
770 220 775 222 Α

1033 174 1176 212 ῖασκᾶλους
1198 192 1226 210 τε
1244 185 1289 211 καὶ
1308 185 1449 221 θεολόγους
1464 189 1528 222 τοὺς
1549 199 1578 217 το

1737 134 1797 167 120

1582 190 1637 218 ita.
1654 192 1795 226 λέγοντας

1002 223 1042 254 εις
1057 225 1141 258 μέσον
1157 228 1316 265 προθῶμεν,
1335 233 1366 258 οὺ
1383 234 1487 266 πάντας
1502 236 1563 262 οὐδὲ
1576 237 1664 264 πάντα
1678 223 1713 264 ei
1740 223 1794 264 ὑπι

1001 268 1092 317 atii:th
1126 272 1155 297 ὲν
1184 275 1270 311 ταύτῃ
1301 279 1334 312 τῇ
1369 279 1499 306 ὑποθέσει
1538 282 1682 317 εἰρημένα,
1716 284 1795 310 ἀ)λά

1001 314 1207 353 πληροφορίαν,
1231 322 1271 349 ὅτι
1303 325 1335 350 ἐκ
1367 326 1421 352 τῶν
1453 327 1539 361 ἁγίων
1564 314 1703 361 aleam;
1745 331 1794 357 λέ-

1033 414 1089 441 Καὶ
1110 416 1142 450 δή
1159 425 1259 451 φαμεν,
1280 419 1318 451 ὠς
1339 421 1352 447 ὁ
1369 420 1440 453 θεῖος
1461 422 1595 458 Κύριλλος
1612 424 1640 450 ὲν
1657 425 1696 460 τῷ
1716 426 1792 460 πρὸς

999 459 1111 494 βασιλέα
1132 463 1272 491 Θεοδόσιον
1302 466 1384 502 λόγῳ.
1402 465 1432 494 οὗ
1451 469 1466 502 ή
1492 469 1574 504 ἀρχὴ,
1592 469 1649 503 Τῆς
1677 471 1730 505 μὲν
1759 472 1792 497 ἐν

997 506 1151 541 ἀνθρώποις
1165 510 1291 542 εὐκλείας
1309 512 1358 547 τῆς
1378 514 1521 546 ἀνωτάτω,
1540 515 1605 549 φησι
1617 515 1793 548 ’Βαπτὶζειν

997 551 1049 588 ἔφη
1073 554 1119 581 τὸν
1144 556 1248 591 Ἰησοῦν
1265 559 1293 584 ὲν
1306 559 1373 594 πυρὶ
1388 561 1435 586 καὶ
1452 561 1523 596 ἁγίῳ
1537 562 1689 596 Πνεὺματι,
1708 564 1740 589 οὐ
1757 563 1793 590 τὸ

996 599 1136 635 ἀλλότριον
1153 604 1208 634 τοῖς
1224 604 1435 640 βαπτιζομένοις
1451 608 1557 634 ένιέντα
1590 609 1703 644 Πνεῦμα
1722 610 1793 636 δου-

994 645 1140 681 λοπρεπῶς
1156 650 1202 676 καὶ
1223 649 1409 686 ὑπηρετικῶς,
1424 653 1482 679 ἀλλ’
1502 654 1538 685 ὡς
1550 655 1617 681 Θεὸν
1633 656 1706 682 κατὰ
1733 657 1792 690 φύ-

995 700 1038 719 σιν
1057 694 1117 728 μετ’
1131 693 1257 728 ἐξουσίας
1275 698 1326 732 τῆς
1352 699 1483 726 ἀνωτάτω
1510 701 1541 727 τὸ
1565 700 1594 733 ἐξ
1623 702 1708 729 αὑτοῦ
1737 704 1792 730 καὶ

995 737 1063 766 ῐδιον
1079 739 1173 767 αὑτοῦ.
1191 743 1246 769 Καὶ
1272 744 1302 771 ὲν
1328 745 1367 780 τῷ
1386 746 1454 780 πρὸς
1480 747 1627 783 Νεστόριον
1651 749 1736 783 λόγῳ,
1753 750 1790 776 οὖ

995 785 1013 819 ὴ
1044 786 1126 821 ἀρχὴ,
1150 787 1204 814 Τοῦ
1229 789 1358 825 Σωτῆρος
1385 791 1463 826 ἡμῶν
1489 793 1614 827 λέγοντος
1644 794 1790 829 ἐναργῶς,

957 829 978 857 Β
994 831 1094 865 φησιν·
1111 833 1143 860 Et
1168 833 1214 860 καὶ
1231 834 1306 862 ἔστιν
1319 837 1347 863 ἐν
1360 837 1510 865 ὑποστάσει
1540 839 1570 864 τὸ
1591 838 1704 872 Πνεῦμα
1736 840 1793 867 ἰδι-

996 877 1042 911 κῇ,
1058 878 1103 903 καὶ
1115 878 1146 913 δὴ
1159 880 1203 906 καὶ
1218 881 1317 907 νοεῖται
1330 883 1392 908 καθ’
1408 883 1499 917 ἑαυτὸ,
1516 883 1582 910 καοὺ
1593 884 1707 918 Πνεῦμά
1723 885 1790 912 ἐστι

995 924 1045 951 καὶ
1057 925 1107 960 οὐχ
1124 925 1199 958 Υἱὸς.
1218 928 1276 954 ἀλλ’
1291 928 1337 955 οὖν
1359 931 1434 957 ἐστιν
1450 930 1501 956 οὐκ
1517 930 1657 965 ἀλλότριον
1675 931 1763 957 αὑτοῦ
1777 938 1786 945 ο

995 973 1109 1008 Πνεῦμα
1124 975 1179 1009 γὰρ
1195 976 1323 1011 ἀληθείας
1338 976 1509 1012 ὠνόμασται,
1525 978 1574 1005 καὶ
1589 977 1644 1005 ἐστι
1659 978 1787 1012 Χριστὸς

994 1018 1009 1052 ἡ
1031 1018 1163 1054 ἀλήοειςν
1187 1021 1234 1046 καὶ
1261 1023 1404 1057 προχεῖται
1432 1022 1497 1058 παρ’
1527 1022 1622 1055 αὐτοῦ,
1651 1022 1787 1057 καθάπερ

993 1065 1089 1099 ἀμέλει
1117 1067 1163 1094 καὶ
1177 1068 1208 1094 ἐκ
1224 1068 1270 1094 τοῦ
1287 1068 1355 1095 Θεοῦ
1374 1069 1421 1096 καὶ
1453 1069 1570 1103 Πατρός.
1598 1069 1661 1096 Ὀτι
1688 1069 1718 1096 δὲ
1749 1069 1786 1095 τὸ

993 1115 1138 1148 προχεῖται
1154 1115 1215 1141 ἀντὶ
1227 1115 1274 1141 τοῦ
1288 1115 1469 1150 ἐκπορεύεται
1488 1117 1501 1143 ό
1521 1115 1599 1149 ἅγιος
1610 1115 1695 1150 λέγει,
1709 1124 1786 1150 παρ-

995 1160 1087 1196 ίστησι
1104 1161 1184 1188 τοῦτο
1207 1163 1220 1189 ὸ
1237 1162 1319 1194 αὐτὸς
1338 1163 1367 1189 ἐν
1382 1164 1414 1198 τῇ
1441 1162 1488 1190 τοῦ
1515 1163 1650 1198 συμὸό).ου
1677 1163 1785 1197 ἑξηγή-

993 1217 1034 1234 σει
1047 1217 1054 1224 ·
1066 1209 1134 1243 φησὶ
1152 1208 1206 1244 γάρ
1217 1218 1224 1224 ·
1242 1210 1296 1236 Καὶ
1312 1211 1466 1244 προχεῖται,
1483 1211 1567 1245 ήγουν
1583 1209 1783 1244 ἐκπορεύεται,

991 1255 1028 1286 ὡς
1042 1255 1096 1282 ἀπὸ
1115 1256 1208 1290 πηγῆς
1221 1255 1268 1281 τοῦ
1284 1256 1352 1282 Θεοῦ
1368 1256 1415 1282 καὶ
1432 1256 1551 1291 Πατρός.
1570 1255 1651 1281 Ἀλλὰ
1664 1255 1694 1281 τὸ
1709 1263 1784 1288 προ-

991 1302 1080 1336 χεῖται
1097 1302 1164 1337 παρ’
1177 1302 1259 1328 αὑτοῦ
1275 1301 1399 1336 καθάπερ
1416 1301 1512 1336 ἀμέλει
1526 1300 1573 1327 καὶ
1595 1301 1627 1327 ἐκ
1647 1300 1695 1326 τοῦ
1718 1301 1782 1326 Πα-

990 1348 1065 1382 τρὺς.
1079 1348 1104 1375 τί
1117 1349 1150 1376 ἃν
1166 1349 1260 1382 νοήσοι
1276 1357 1336 1381 τις;
1353 1349 1385 1374 Et
1399 1348 1452 1383 γὰρ
1477 1347 1507 1374 τὸ
1525 1348 1668 1383 προχεῖται
1681 1346 1784 1377 ἁπλῶς

991 1393 1094 1427 ἔλεγεν,
1111 1392 1168 1429 εἶχε
1181 1394 1274 1430 χώραν
1297 1395 1361 1422 ἄλλο
1378 1404 1404 1421 τι
1426 1395 1515 1421 νοεῖνο
1544 1395 1568 1420 εἰ
1584 1394 1624 1426 δὲ,
1649 1392 1783 1427 καοὰπερ

990 1441 1087 1476 ἀμέλει
1104 1443 1151 1468 καὶ
1169 1442 1199 1467 ὲκ
1212 1441 1259 1468 τοῦ
1277 1441 1394 1476 Πατρὺς,
1409 1441 1539 1474 οὐδεμίαν
1562 1441 1699 1475 πρόφασιν
1713 1449 1785 1466 κατ-

154 1492 232 1520 silius
251 1493 278 1520 in
293 1496 431 1529 opusculis
441 1501 534 1525 contra
547 1497 722 1532 Eunomium,
741 1501 767 1527 in
779 1502 879 1536 capite,
893 1509 939 1529 cu-
952 1497 974 1526 α
992 1489 1068 1516 έλιπε
1085 1490 1137 1521 τοῖς

1035 1498 1068 1516 τιε
1085 1490 1140 1521 τοῖς
1158 1489 1282 1515 ἐθέλουσι
1296 1488 1399 1522 λέγειν.
1428 1489 1480 1514 Καὶ
1493 1488 1507 1514 ὁ
1524 1488 1611 1522 μέγας
1635 1487 1783 1536 Βασίλειος

151 1539 196 1575 jus
218 1540 359 1576 inscriptio
368 1547 424 1570 est:
438 1543 513 1577 Quod
523 1548 551 1572 ut
562 1553 590 1572 se
597 1545 677 1574 habet
686 1545 770 1575 Filius
778 1547 811 1574 ad
820 1547 938 1583 Patrem,

154 1585 190 1613 ita
207 1586 325 1621 Spiritus
338 1596 368 1616 se
377 1589 476 1617 haheat
491 1590 524 1618 ad
540 1591 639 1619 Filium
661 1601 667 1619 :
688 1593 801 1626 idcirco,
830 1594 878 1627 ait,
896 1595 940 1622 Fi-

153 1632 325 1668 liusquidem
342 1639 384 1662 est
401 1635 446 1662 Dei
459 1635 590 1670 Verbum,
617 1638 729 1666 verbum
757 1645 847 1668 autem
876 1640 937 1670 Filii

153 1678 272 1713 Spiritus
289 1680 422 1709 :Portam
432 1683 513 1715 enim,
533 1683 634 1718 inquit,
655 1686 743 1713 etruria
760 1689 834 1714 verba
856 1688 939 1715 εἰν-ιιι-

154 1726 186 1751 tia
201 1726 290 1760 sure“;
308 1732 335 1754 et
349 1729 412 1762 quia
435 1729 547 1757 verbum
562 1730 635 1764 Filii,
657 1738 800 1767 propterea
817 1733 936 1768 gladium

152 1771 243 1807 inquit
259 1772 390 1809 Spiritus,
408 1775 480 1809 quod
494 1781 535 1804 est
548 1777 660 1805 verbum
672 1777 716 1805 Dei
728 1786 735 1806 :
749 1779 839 1806 vivum
856 1787 937 1816 porro

150 1823 178 1845 et
187 1818 279 1846 ellicax
300 1824 343 1848 est
360 1819 406 1847 Dei
420 1822 533 1849 verbum
550 1827 576 1849 et
588 1830 689 1851 sermo.
710 1823 828 1852 Sanctus
845 1831 936 1854 autem

150 1865 314 1893 Atnbrosius
328 1866 371 1901 (ad
390 1875 470 1902 quem
496 1859 621 1897 scribens
653 1870 764 1899 divinus
794 1871 934 1900 Basilius:

152 1912 218 1947 Age,
231 1913 330 1947 inquit,
342 1914 383 1941 vir
394 1914 452 1947 Dei,
463 1916 574 1950 quando
586 1915 688 1944 Christi
697 1917 872 1952 Evangelium
882 1926 937 1946 non

150 1959 184 1986 ab
199 1959 358 1988 horninibus
374 1961 506 1996 accepisti
535 1968 582 1990 aut
598 1963 730 1997 didicisti,
760 1966 807 1992 sed
829 1965 888 2000 ipse
911 1969 937 1993 te

150 2005 283 2034 Dominus
295 2007 437 2035 transtulit
452 2008 632 2043 dejudicihus
650 2014 729 2037 terra:
741 2010 776 2037 ad
803 2010 936 2045 apostoli-

149 2060 209 2078 cam
228 2052 413 2088 dignitatem),
431 2053 501 2081 libro
516 2055 604 2089 primo
615 2055 651 2082 De
675 2055 778 2090 Spiritu
796 2059 891 2084 sancto
902 2056 935 2084 ad

150 2097 311 2126 Gratianum
322 2099 525 2135 imperatorem,
534 2109 595 2137 cap.
607 2102 651 2135 £0,
660 2102 712 2130 Sed
725 2110 823 2138 neque,
835 2103 934 2138 inquit,

148 2153 209 2172 cum
225 2145 259 2172 de
273 2145 352 2172 Patre
366 2146 433 2178 exit,
454 2146 559 2174 deloco
581 2149 693 2182 recedit,
703 2153 729 2176 et
742 2150 820 2184 quasi
833 2157 934 2185 corpus

147 2200 163 2218 a
177 2198 291 2226 corpore
307 2196 474 2226 separatur;
505 2200 594 2228 neque
622 2202 684 2221 cum
716 2195 742 2221 in
779 2195 860 2222 Patre
877 2200 930 2229 est,

147 2237 226 2271 quasi
242 2238 269 2265 in
284 2244 398 2272 corpore
408 2243 537 2274 tauquam
555 2246 656 2274 corpus
689 2239 849 2268 includitur.
869 2240 932 2274 Spi-

146 2284 216 2311 ritus
225 2289 334 2319 queque
346 2289 460 2313 sanctus
475 2292 536 2312 cum
554 2285 677 2320 procedit
688 2293 720 2313 ex
745 2286 826 2313 Patre
844 2290 871 2313 et
884 2284 931 2312 Fi-

145 2325 194 2363 lio,
212 2338 266 2358 non
284 2335 426 2366 separatur
439 2331 552 2364 aPatre,
567 2340 623 2359 non
640 2336 783 2367 separatur
813 2340 828 2359 a
850 2332 930 2359 Filio.

145 2374 381 2408 Quemadmodum
394 2377 465 2404 enim
479 2378 600 2411 separari
628 2381 717 2412 potest
730 2385 744 2404 a
763 2376 853 2409 Patre,
883 2377 931 2411 qui

145 2421 259 2455 spiritus
275 2421 333 2449 oris
347 2422 408 2457 ejds
424 2422 489 2450 est?
507 2423 582 2457 quod
599 2422 693 2456 utique
709 2426 736 2448 et
766 2422 930 2449 mternitatis

145 2468 287 2500 indicium,
308 2472 335 2496 et
352 2468 503 2495 divinitatis
514 2466 796 2502 exprimitunitatem.
809 2467 931 2495 Sanctus

145 2514 253 2549 Agatho
266 2514 293 2541 in
309 2520 360 2542 sua
372 2514 488 2550 epistola
513 2521 594 2548 quam
625 2512 700 2540 misit
722 2513 932 2547 subscriptioni-

145 2557 197 2586 bus
210 2563 318 2586 centum
330 2562 356 2586 et
364 2559 457 2594 viginti
471 2559 662 2593 episcoporum
681 2558 813 2584 munitam
823 2557 858 2586 ad
866 2566 914 2585 san
923 2573 930 2579 -

144 2609 215 2632 ctam
231 2605 365 2641 synodum
381 2608 498 2636 sextam,
524 2604 557 2631 de
586 2603 666 2631 beato
694 2604 850 2640 Augustino
873 2605 931 2633 haec

143 2649 228 2677 habet
244 2657 252 2676 :
265 2649 365 2676 Beatus
380 2647 550 2683 Augustinus
563 2649 811 2684 prwslantissimus
822 2650 929 2677 doctor.

143 2693 178 2721 Et
193 2702 315 2722 rursus:
345 2693 476 2721 Veritatis
501 2694 737 2729 prudentissimus
769 2695 930 2730 praedicator

143 2739 239 2768 beatus
256 2740 434 2776 Augustinus.
452 2740 500 2769 llic
534 2742 617 2777 igitur
642 2742 737 2770 beatus
759 2742 930 2777 Augustinus

194 2854 204 2870 ‘
218 2853 298 2882 llebr.
313 2864 329 2888 i,
343 2856 368 2882 5.

991 1536 1020 1562 ὲν
1032 1535 1071 1569 τῷ
1093 1537 1153 1562 κατ’
1169 1535 1315 1570 Εὑνομίου,
1329 1536 1357 1562 ἐν
1373 1535 1415 1561 ἐνὶ
1435 1534 1489 1560 τῶν
1510 1533 1677 1568 κεφαλαίων,
1703 1530 1734 1560 οὗ
1760 1534 1781 1568 ἡ

991 1583 1143 1617 ἐπιγραφὴ,
1161 1582 1222 1609 Ὅτι
1247 1581 1285 1613 ὡς
1304 1583 1317 1608 ό
1335 1581 1397 1613 Υἱὸς
1426 1580 1493 1616 πρὸς
1511 1581 1556 1607 τὸν
1581 1580 1690 1615 Πατέρα
1708 1579 1779 1613 ἔχει,

989 1630 1061 1657 οὕτω
1077 1629 1108 1656 τὸ
1133 1629 1244 1664 Πνεῦμα
1263 1628 1331 1664 προς
1354 1629 1400 1656 τὸν
1414 1628 1490 1660 Υίὸν,
1524 1627 1591 1668 φησι
1604 1634 1612 1641 ⁸
1631 1627 1678 1652 Διὰ
1695 1626 1782 1653 τοῦτο

989 1677 1036 1704 καὶ
1052 1676 1119 1702 Θεοῦ
1139 1677 1188 1712 μὲν
1199 1676 1285 1709 Λόγος
1312 1677 1326 1702 ὁ
1339 1676 1414 1707 Υῑδς,
1430 1675 1506 1710 ῥῆμα
1519 1673 1624 1710 δὲίΥἱοῦ
1635 1674 1665 1700 τὸ
1689 1674 1780 1700 Πνεῦ-

990 1730 1044 1758 μα·
1063 1722 1163 1756 Φέρων
1177 1722 1242 1756 γὰρ,
1259 1721 1338 1756 φησὶ,
1355 1721 1391 1748 τὰ
1413 1720 1512 1747 πάντα
1533 1719 1573 1752 τῷ
1587 1719 1697 1753 ῥήματι
1719 1719 1780 1752 τῆς

988 1768 1143 1803 δυνάμεως
1159 1768 1271 1796 αὑτοῦ·
1290 1767 1337 1794 καὶ
1348 1767 1443 1802 ἐπειδὴ
1460 1767 1535 1801 ῥῆμα
1548 1765 1594 1793 τοῦ
1621 1765 1697 1797 Υίοῦ,
1730 1765 1780 1792 διὰ

988 1814 1067 1841 τοῦτο
1092 1814 1141 1849 τὴν
1172 1814 1310 1849 μάχαιράν
1335 1821 1402 1848 φησι
1424 1812 1472 1839 τοῦ
1493 1811 1691 1846 Πνεύματος,ὅ
1715 1812 1778 1839 ἐστι

988 1861 1065 1897 ῥῆμα
1076 1860 1142 1887 Θεοῦ
1153 1869 1159 1876 ·
1178 1861 1256 1895 λόγος
1276 1859 1305 1886 δὲ
1323 1858 1391 1886 Θεοῦ
1406 1858 1454 1885 καὶ
1470 1858 1546 1894 ῥῆμα
1564 1858 1618 1890 ζῶν
1633 1858 1680 1883 καὶ
1693 1857 1775 1892 ἐνερ-

987 1909 1044 1943 γόν.
1066 1908 1096 1934 '0
1111 1907 1139 1934 δὲ
1167 1907 1244 1940 ἅγιος
1259 1906 1423 1941 Ἀμϐρόσιος
1449 1901 1481 1940 (ᾧ
1503 1906 1516 1931 ό
1545 1905 1615 1936 θεῖος
1634 1903 1777 1936 Batonem;

987 1955 1156 1982 ἐπιστέλλων
1168 1954 1261 1987 ἔλεγεν
1272 1961 1279 1969 ·
1297 1954 1364 1987 ’Λγε
1391 1953 1432 1988 δὴ,
1445 1949 1467 1978 ὦ
1483 1952 1613 1986 ἄνθρωπε
1630 1950 1677 1977 τοῦ
1691 1951 1773 1982 Θεοῦ,

987 2002 1083 2037 ἐπειδὴ
1097 2001 1127 2028 οὺ
1146 2001 1212 2036 παρ’
1234 2000 1386 2036 ἀνθρώπων
1410 1999 1565 2033 παρέλαὸες
1583 1998 1600 2033 ἢ
1629 1998 1774 2033 ἐδιδάχθης

987 2049 1017 2076 τδ
1029 2048 1195 2082 Εὑαγγέλιον
1210 2046 1256 2073 τοῦ
1271 2046 1399 2081 Χριστοῦ,
1417 2044 1477 2071 ἀλλ’
1499 2044 1581 2074 αὑτός
1594 2052 1624 2070 σε
1642 2045 1656 2070 ό
1671 2044 1775 2078 Κύριος

987 2095 1041 2122 ἀπὸ
1054 2094 1109 2121 τῶν
1127 2092 1229 2127 κριτῶν
1244 2091 1293 2125 τῆς
1319 2090 1370 2124 γῆς
1389 2089 1434 2115 ἐπὶ
1468 2089 1518 2124 τὴν
1546 2089 1693 2124 προεδρίαν
1718 2090 1775 2116 τῶν

987 2141 1149 2168 ἀποστόλων
1166 2137 1342 2173 μετέθηκεν),
1362 2132 1439 2167 οὗτος
1461 2135 1499 2170 δὴν
1521 2135 1590 2168 πρὸς
1620 2135 1774 2170 Γρατιανδν

987 2187 1033 2214 τὸν
1051 2185 1164 2221 βασιλέα
1180 2186 1209 2210 ἐν
1221 2182 1258 2217 τῷ
1273 2182 1372 2218 πρώτῳ
1386 2181 1481 2217 βιϐλίῳ
1497 2181 1534 2216 τῷ
1550 2179 1618 2216 Περὶ
1631 2180 1677 2207 τοῦ
1691 2180 1772 2214 ἁγίου

988 2231 1160 2265 Πνεύματος,
1179 2227 1319 2263 κεφαλαίῳ
1345 2227 1463 2262 δεκάτῳ,
1491 2225 1591 2261 φηςιν·
1613 2225 1686 2252 Ἀλλ’
1711 2226 1772 2252 οὕτε

986 2277 1097 2306 ἐπειδὰν
1113 2277 1146 2303 ἐκ
1161 2275 1209 2303 τοῦ
1227 2275 1332 2310 Πατρὸς
1348 2274 1500 2309 ἐξέρχεται,
1522 2272 1575 2309 ἀπὸ
1599 2269 1683 2299 τόπον
1708 2272 1773 2298 ἁνα-

986 2325 1082 2361 χωρεῖ,
1106 2324 1154 2351 καὶ
1185 2322 1251 2349 ὡσεὶ
1280 2322 1360 2356 σῶμα
1388 2321 1536 2356 χωρίζεται
1552 2319 1605 2346 ἀπὸ
1627 2319 1769 2353 σώματος·

985 2371 1047 2398 οὐδὲ
1064 2371 1119 2405 γὰρ
1141 2371 1170 2397 ὲν
1190 2369 1228 2405 τῷ
1249 2369 1339 2404 Πατρὶ
1366 2367 1404 2398 ὡς
1426 2367 1507 2400 δῆθεν
1531 2367 1560 2392 ὲν
1589 2366 1696 2400 σώματι
1724 2364 1770 2391 ita

984 2417 1016 2452 δὴ
1044 2417 1125 2451 σῶμα
1151 2415 1388 2451 ὲμπερικλειεται.
1417 2412 1473 2439 Καὶ
1495 2411 1525 2438 τὸ
1552 2410 1666 2445 Πνεῦμα
1688 2410 1715 2437 δὲ
1739 2410 1770 2437 τὸ

985 2463 1065 2498 ἆγιον
1087 2463 1168 2498 ἡνίκα
1185 2463 1217 2489 ὲκ
1247 2460 1295 2487 τοῦ
1324 2459 1432 2494 Πατρὺς
1454 2457 1564 2485 καὶτοῦ
1592 2457 1658 2484 Υίοῦ
1688 2457 1769 2483 ἐκπο-

988 2510 1108 2546 ρεύεται,
1129 2509 1158 2535 οὑ
1174 2507 1324 2544 χωρίζεται
1353 2506 1400 2532 τοῦ
1428 2504 1545 2553 Πατρός,
1576 2503 1768 2553 υῦὴχωρίξεται

986 2557 1034 2584 τοῦ
1049 2555 1115 2583 Υίοῦ
1126 2563 1134 2571 ·
1150 2555 1211 2582 τινα
1224 2554 1280 2588 γὰρ
1293 2551 1395 2588 τρόπον
1407 2550 1520 2577 δύναται
1535 2548 1700 2584 χωρίζεσθαι
1723 2548 1767 2573 τοῦ

986 2601 1101 2637 Πατρὸς,
1123 2599 1235 2635 Πνεῦμα
1256 2600 1393 2633 στόματος
1410 2595 1492 2622 αὐτοῦ
1510 2595 1560 2628 ὅν;
1574 2594 1589 2620 ὃ
1601 2593 1709 2624 πάντως
1723 2592 1769 2619 καὶ

982 2649 1032 2682 τῆς
1050 2647 1203 2681 ἀϊδιότητος
1222 2644 1324 2679 διϊγμά
1341 2645 1411 2675 ἔστι,
1429 2643 1477 2669 καὶ
1496 2641 1546 2675 τῆς
1565 2641 1692 2674 θεότητος
1718 2639 1768 2672 ἑμ-

983 2696 1075 2730 φαίνει
1088 2695 1138 2729 τὴν
1159 2693 1283 2727 ἑνότητα.
1305 2691 1335 2717 ’0
1356 2690 1434 2723 ginno;
1457 2688 1580 2738 Ἀγάθων
1596 2687 1625 2713 ὲν
1654 2687 1690 2738 τῇ,
1711 2685 1769 2738 ιζπ-

984 2742 1063 2777 στολῇ
1089 2739 1183 2773 αὑτοῦ,
1209 2738 1244 2774 ἢν
1267 2737 1336 2772 πρὸς
1361 2736 1411 2772 τὴν
1434 2735 1516 2769 ἁγίαν
1547 2734 1632 2766 ἕκτην
1661 2734 1768 2758 σύνοδον
