1861 3068
161 146 212 178 127

623 146 814 178 GREGORII
827 148 978 179 MAMM/E
997 149 1054 180 (ΖΡ.
1070 150 1329 180 PATRIARCIUE

1731 150 1790 182 128

163 207 313 231 mentatum
327 202 471 234 conﬁcere.
488 202 533 230 sed
551 203 642 231 omnia
660 203 759 231 frustra
781 211 843 232 esse
869 204 940 232 arbi-
955 204 979 234 A
993 205 1053 234 σίαν
1070 205 1218 233 τελεῖσθαι.
1234 206 1316 239 Ἀλλ’,

1006 205 1053 234 ’ίαν
1070 205 1218 233 τελεῖσθαι.
1234 206 1316 239 Ἀλλ’,
1335 206 1373 237 ὡς
1383 206 1477 239 οἴεται,
1491 205 1590 238 πάντα,
1610 206 1627 241 ἧ
1643 213 1673 232 τε
1700 214 1792 241 ιερω-

163 255 261 283 tratur,
288 249 483 282 sacerdotium,
512 249 607 282 altare,
634 249 804 277 Dominicam
829 257 942 278 vocem:

163 297 220 324 Hoc
233 297 312 332 facite
328 296 356 323 in
376 305 460 323 meam
491 297 763 323 commemorationem
773 306 782 330 ;
797 301 823 324 et
851 297 943 324 divina

161 343 260 370 verba:
276 342 332 369 Hoc
351 346 390 370 est
407 350 500 376 corpus
521 350 625 375 meum;
643 347 689 370 et:
710 342 760 370 llic
774 347 812 370 est
838 342 944 377 sanguis

163 396 236 415 meus
253 389 285 420 η,
296 392 323 415 et
337 388 460 422 reliquos
476 388 543 416 ritus
554 388 599 423 qui
630 389 823 421 observantur,
839 389 863 416 si
889 395 944 416 non

162 433 234 460 adsit
246 433 366 467 ejusdem
379 441 487 466 massa,
504 441 550 461 seu
565 433 686 468 ejusdem
713 435 836 462 materiae
855 434 945 461 modi-

161 487 224 507 cum
241 479 402 514 acidumque
426 479 602 507 fermentum.
622 479 699 512 Quod
721 488 787 508 vero
814 481 945 509 Dominus

163 532 195 551 ac
210 524 280 551 Dens
294 530 388 556 poster
401 525 485 559 legale
500 524 604 552 Pascha
620 526 696 559 prius
725 526 878 559 celebrarit,
895 524 944 553 de;

164 570 228 597 inde
241 571 368 605 mysteria
383 570 525 605 discipulis
550 571 700 604 tradiderit,
729 572 793 599 audi
820 577 945 600 sanctqu

164 615 273 642 Patrem
290 616 515 652 Chrysostomum
545 617 656 644 homilia
667 617 833 653 octogesima
860 618 945 653 prima

165 662 204 688 sic
217 663 350 689 dicentem
365 671 372 689 :
388 662 441 690 Sed
454 669 534 696 quam
556 662 592 689 ob
607 670 717 690 causam
746 662 849 691 Pascha
876 663 947 691 cele-

164 707 279 734 brabat?
296 707 450 734 Ostendens
472 715 519 741 per
532 707 622 735 omnia
653 716 740 742 usque
757 709 790 735 ad
819 709 945 745 ultimum

163 754 246 785 diem,
263 760 292 779 se
308 760 360 780 non
385 759 447 780 esse
460 753 513 788 legi
531 753 708 780 contrarium.
741 748 856 781 Attende
881 754 946 789 quid

162 799 254 826 dicat:
269 798 307 825 Ne
324 799 374 834 legi
393 804 465 826 esset
481 800 645 832 contrarius,
661 799 763 827 Pascha
779 800 945 829 celebrabat.

163 845 232 872 Num
244 852 307 879 ergo
317 844 442 879 perfregit
457 844 551 880 legem,
576 852 718 872 asservans
756 845 945 873 fermentatum

164 891 281 926 panem?
293 890 368 923 Quod
380 898 446 918 vero
460 891 540 918 etiam
553 898 600 925 per
615 895 718 924 septem
731 891 790 919 dies
808 892 853 918 illo
879 896 946 918 tem-

164 945 229 971 pore
242 936 401 964 fermentum
416 944 469 963 non
482 940 614 968 exstaret,
629 937 704 964 testis
715 937 767 964 erit
784 937 854 964 idem
868 946 948 965 sacer

165 984 380 1019 Chrysostomus
392 982 418 1010 in
433 983 552 1018 priorem
566 982 600 1010 ad
614 982 771 1011 Corinthios
783 983 946 1018 Epistulam:

168 1030 306 1062 Dicamus,
323 1029 421 1063 inquit,
434 1029 520 1064 prius.
536 1036 586 1056 cur
596 1028 630 1056 de
640 1029 747 1056 cunctis
758 1029 856 1058 ﬁnibus
865 1030 947 1064 pella-

169 1082 213 1103 tur
225 1076 405 1109 fermentum;
420 1076 485 1110 quid
499 1083 564 1111 ergo
580 1076 632 1103 sibi
648 1076 706 1104 vult
732 1077 784 1104 hoc
811 1077 948 1112 aenigma!

164 1121 245 1149 Omni
261 1122 382 1156 nequitia
395 1121 510 1149 liberum
531 1126 638 1156 oportet
651 1129 712 1150 esse
729 1122 845 1151 ﬁdelem.
871 1123 947 1151 Sicut

166 1168 238 1195 enim
251 1167 290 1194 ibi
320 1167 424 1202 peribat
447 1168 481 1200 is,
499 1168 568 1205 apud
600 1175 681 1201 quem
709 1173 846 1203 repertum
875 1174 948 1197 esset

165 1218 244 1241 Vetus
266 1213 439 1246 fermentum,
453 1213 607 1242 itaenobis
629 1214 686 1246 ille,
707 1215 777 1250 apud
791 1222 871 1250 quem
897 1216 949 1243 erit

166 1259 300 1294 nequitia.
313 1259 405 1294 Neque
417 1259 489 1287 enim
512 1260 562 1287 sub
577 1261 645 1295 legis
661 1261 766 1292 umbra.
782 1269 868 1296 paenae
884 1269 948 1295 gra‘

167 1314 214 1333 vcs
231 1305 397 1338 constitutae,
411 1306 490 1333 nobis
505 1310 594 1334 autem
616 1306 687 1334 haud
701 1307 785 1334 multo
798 1307 948 1342 graviores.

168 1354 195 1380 Si
212 1354 283 1381 enim
297 1354 391 1380 domos
410 1354 446 1380 ita
462 1357 620 1388 repurgant,
637 1358 667 1380 ut
692 1353 810 1380 murium
840 1359 950 1387 quoque

168 1407 300 1426 cavernas
310 1399 457 1430 rimentur,
471 1399 555 1425 multo
571 1399 657 1434 magis
669 1398 747 1426 decet
759 1405 808 1426 nos
821 1406 947 1433 perscru.

168 1446 220 1473 tari
234 1449 337 1473 secreta
352 1445 446 1472 animi.
475 1443 542 1472 Cum
568 1444 651 1479 igitur
677 1451 808 1471 cavernas
831 1444 948 1471 murium

168 1493 345 1523 rimarentur,
371 1495 398 1518 et
428 1495 540 1518 sanctus
568 1490 648 1517 Pater
673 1489 789 1517 at’ﬁrm‘et
810 1489 948 1517 Christum

996 250 1073 285 σύνη,
1087 251 1134 276 καὶ
1149 251 1179 277 τὸ
1192 250 1395 285 θυσιαστήριον,
1412 250 1459 277 καὶ
1473 251 1489 286 ή
1503 251 1578 285 φωνὴ
1594 250 1627 284 ἢν
1638 251 1793 287 προήκατο

995 297 1009 323 ὁ
1023 295 1135 331 Κύριος,
1154 296 1246 324 Τοῦτο
1260 296 1370 324 ποιεῖτε
1381 297 1423 329 εις
1438 296 1495 330 τήν
1505 295 1583 330 ἐμὴν
1594 296 1791 331 ἀνάμνησιν,

995 344 1040 370 καὶ
1055 344 1087 371 τὰ
1114 344 1172 371 θεῖα
1199 345 1319 380 ῥήματα,
1339 345 1431 372 Τοῦτό
1456 344 1523 372 ἐστι
1549 345 1581 372 τὸ
1600 344 1687 379 σῶμά
1708 353 1791 378 μου,

994 389 1053 419 καὶ.
1081 389 1173 417 Τοῦτό
1188 390 1254 417 ἐστι
1273 391 1306 417 τὸ
1322 388 1394 425 αἷμά
1410 391 1482 425 μόυ,
1500 391 1548 417 καὶ
1569 391 1644 417 πᾶσα
1669 390 1789 425 τελετὴ,

995 437 1068 472 ἀργά
1078 437 1131 463 εισι
1148 437 1191 464 διὰ
1208 438 1239 464 τὸ
1265 438 1301 473 μὴ
1319 439 1391 474 ἔχειν
1408 439 1439 465 ἐκ
1454 438 1501 465 τοῦ
1527 438 1609 466 αὑτοῦ
1631 439 1791 472 ὑποκειμέ-

995 491 1052 514 νου,
1082 483 1098 518 ἢ
1128 483 1160 510 ἐκ
1176 484 1227 518 τῆς
1252 485 1336 519 αὐτῆς
1360 484 1426 520 ὕλης
1449 485 1534 520 ὀξώδη
1560 486 1661 520 μικρὰν
1676 485 1791 519 ζύμην.

996 527 1059 554 ’Ότι
1083 527 1111 554 δέ
1136 528 1150 554 ὸ
1167 529 1271 563 Κύριος
1298 529 1376 564 ἡμῶν
1403 530 1449 556 καὶ
1474 530 1540 562 Θεδς
1558 531 1669 565 νομικὸν
1683 531 1792 563 Πάσχα

996 573 1128 605 ἐτέλεσεν,
1146 572 1206 600 εἶτα
1227 574 1262 600 τὰ
1280 575 1418 610 μυστήρια
1440 575 1541 603 δέδωκε
1558 577 1614 608 τοῖς
1631 577 1791 611 μαθηταῖς,

995 617 1180 645 ἄκουσον’τοῦ
1202 619 1275 646 θείου
1293 619 1489 654 Χρυσοστύμου
1511 621 1540 647 ἐν
1563 621 1657 656 ὁμιλίᾳ
1675 620 1723 648 πα¹
1741 622 1792 648 λέ-

997 671 1105 698 γοντος·
1122 664 1202 696 Τίνος
1216 665 1247 700 δὴ
1262 665 1355 692 ἕνεκεν
1367 666 1396 692 τὺ
1414 666 1510 702 Πάσχα
1525 667 1629 700 ἐτέλεις
1644 667 1694 694 Διὰ
1713 668 1790 694 πάν-

996 717 1051 735 των
1077 709 1185 743 δεικνὺς
1203 710 1285 746 μέχρι
1310 711 1359 745 τῆς
1384 711 1500 747 ἐσχάτης
1528 712 1647 748 ἡμέρας,
1671 714 1713 740 ὄτι
1733 714 1791 741 οὐκ

997 753 1069 780 ἐστιν
1083 755 1203 788 ἐναντίος
1230 756 1268 791 τῷ
1285 757 1370 792 νόμῳ.
1385 757 1457 792 Ὅρα
1484 757 1510 784 τί
1539 766 1638 793 φησιν·
1658 758 1718 785 Ἰνα
1748 759 1789 793 μὴ

997 799 1118 831 ἐναντίος
1141 801 1252 836 γένηται
1269 802 1307 836 τῷ
1325 803 1411 838 νόμῳ,
1434 804 1463 829 τὸ
1483 803 1580 838 Πάσχα
1596 803 1731 831 ἐπετέλει.
1753 805 1790 831 Τί

997 843 1060 877 οὖν;
1077 846 1197 873 ἐναντίον
1214 847 1261 874 τοῦ
1274 849 1358 883 νόμου
1374 849 1461 876 ἐποίει
1483 849 1627 883 φυλάττων
1642 849 1688 876 τὸν
1704 850 1790 882 ενζυ-

1000 899 1049 925 μον
1079 891 1177 927 ἇρτον;
1200 893 1269 920 Ἀλλ’
1296 894 1337 921 ὅτι
1357 895 1404 921 καὶ
1429 895 1458 921 ἐν
1483 895 1552 922 ἑπτὰ
1575 895 1693 931 ἡμέραις
1721 896 1789 922 κατ’

997 935 1084 963 ἐκεῖνο
1099 938 1227 973 καιροῦὴ
1255 939 1329 973 ζύμη
1352 940 1401 974 οὐχ
1427 940 1581 974 εὑρίσκετο,
1609 942 1788 976 μαρτυρήσει

997 981 1075 1009 τοῦτο
1091 982 1168 1009 πάλιν
1183 985 1196 1009 ὁ
1213 983 1284 1016 (istoc
1296 985 1488 1019 Χρυσόστομος
1504 986 1532 1012 ἐν
1547 986 1580 1021 τῇ
1595 985 1663 1019 πρὺς
1682 980 1788 1020 Κδριν-

997 1027 1070 1059 θίους
1085 1028 1179 1064 πρώτῃ
1197 1030 1350 1066 Ἐπιστολῇι
1365 1031 1499 1067 Πρότερον
1511 1032 1643 1067 εἴπωμεν,
1655 1032 1737 1058 διὰτί
1753 1033 1787 1058 ἐκ

996 1073 1050 1099 τῶν
1061 1075 1143 1108 ὁρίων
1157 1076 1265 1103 πάντων
1281 1076 1466 1104 ἀπελαύνεται
1480 1078 1497 1112 ἠ
1511 1076 1585 1112 ζύμη
1596 1086 1603 1094 ·
1621 1077 1647 1104 τι
1662 1076 1709 1104 οὖν
1725 1079 1785 1104 ἐστι

999 1119 1027 1146 τὸ
1044 1120 1175 1155 αἵνιγμας
1201 1122 1295 1157 Πάσης
1319 1122 1455 1157 πονηρίας
1484 1122 1656 1158 ἀπηλλάχθαι
1674 1123 1716 1150 δεῖ
1737 1123 1786 1149 τὸν

998 1166 1102 1193 πιστόν.
1125 1166 1233 1202 ’Ὠσπερ
1257 1169 1311 1202 γὰρ
1341 1169 1444 1200 ἐκεῖνος
1469 1169 1630 1201 ἀπόλλυται,
1658 1170 1727 1196 ὅπου
1750 1169 1785 1195 ἂν

999 1211 1097 1247 εὑρεθῇ
1114 1212 1217 1240 παλαιὰ
1232 1212 1315 1249 σύμη,
1334 1214 1405 1240 οὓτω
1422 1215 1468 1241 καὶ
1492 1215 1557 1250 παρ’
1574 1215 1642 1251 ἡμῖν
1666 1216 1732 1242 ἔνθα
1750 1217 1785 1242 ἂν

998 1257 1097 1293 εὑρεθῇ
1114 1260 1248 1293 πονηρῖα·
1269 1259 1299 1285 οὑ
1325 1260 1379 1294 γὰρ
1394 1260 1480 1294 δήπου
1497 1261 1543 1287 ἐπὶ
1560 1260 1609 1295 μὲν
1630 1261 1681 1296 τῆς
1697 1263 1781 1292 σκιᾶ;

999 1303 1084 1337 πολλὴ
1101 1305 1116 1339 ἡ
1142 1305 1265 1338 κόλασις,
1283 1305 1330 1332 ἐπὶ
1352 1306 1380 1332 δέ
1396 1306 1475 1341 ήμῶν
1491 1307 1521 1333 οὐ
1547 1306 1638 1342 πολλῷ
1661 1307 1783 1342 μεὶζων·

1000 1350 1023 1375 εἰ
1038 1350 1092 1385 γὰρ
1111 1351 1160 1382 τὰς
1179 1351 1269 1383 οίκίας
1284 1351 1355 1379 οὕτω
1370 1353 1558 1389 καθαίρουσιν,
1577 1353 1615 1385 ὡς
1632 1354 1678 1380 καὶ
1708 1354 1785 1388 μυῶν

999 1395 1068 1426 ὀπὰς
1084 1397 1328 1431 περιεργάζεσθαι,
1345 1399 1436 1432 πολλῷ
1452 1399 1551 1433 μᾶλλον
1566 1400 1640 1434 ἡμᾶς
1662 1399 1710 1434 τὴν
1732 1400 1784 1434 ψυ-

1000 1440 1050 1475 χὴν
1065 1441 1250 1476 διερευνᾶσθαι
1265 1444 1315 1470 δεῖ.
1328 1443 1406 1471 Ἐπεὶ
1420 1442 1465 1471 οὗν
1480 1445 1556 1480 μυῶν
1569 1446 1640 1478 ὀπὰς
1659 1454 1784 1481 περιειρ-

1000 1487 1151 1521 γάζοντο,ὀ
1173 1489 1201 1515 δὲ
1217 1489 1294 1523 ἆγιος
1316 1489 1401 1524 λέγει,
1413 1491 1453 1517 ὅτι
1479 1491 1561 1526 μέχρι
1590 1492 1639 1526 τῆς
1666 1493 1784 1526 ἐσχάτης

168 1541 201 1566 ad
215 1539 340 1566 ultimum
355 1545 442 1571 usque
454 1537 524 1564 diem
539 1544 593 1564 non
607 1535 692 1564 fuisse
707 1537 756 1571 legi
769 1537 947 1568 contrarium,
963 1541 984 1570 ο
1001 1534 1117 1569 ἡμέρας,
1130 1534 1172 1560 ἴνα
1187 1535 1225 1570 μὴ
1237 1536 1328 1562 ὲναντί

1006 1534 1117 1569 ἡμέρας,
1130 1534 1172 1560 ἵνα
1187 1535 1225 1570 μὴ
1237 1536 1358 1567 ἐναντίος
1370 1537 1482 1572 γένηται
1493 1538 1533 1572 τῷ
1548 1539 1632 1572 νόμῳ,
1644 1538 1674 1564 τὸ
1687 1538 1782 1572 Πάσχα

167 1591 194 1614 et
207 1586 268 1613 ideo
285 1584 388 1612 Pascha
403 1584 657 1614 celebrassc;certe
671 1584 828 1610 contrarius
841 1583 948 1617 fuisset,

168 1633 191 1660 si
209 1632 312 1660 Pascha
338 1631 514 1662 celebrasset,
535 1634 562 1657 el
584 1629 773 1657 fermentatum
800 1635 948 1658 servasset.

169 1679 235 1706 Esse
250 1685 331 1713 porro
347 1677 371 1704 id
389 1676 447 1711 lege
460 1676 583 1707 Velitum.
599 1675 662 1702 audi
687 1675 767 1702 verba
782 1675 842 1710 ejus
856 1677 951 1711 przeci-

169 1725 291 1760 pientis:
310 1724 412 1757 Septem
435 1723 526 1750 diebus
537 1730 630 1757 azyma
654 1720 810 1748 comedetis:
828 1722 870 1749 die
894 1723 951 1757 pri-

170 1780 213 1799 mo
229 1779 279 1797 non
292 1771 341 1797 erit
357 1769 516 1804 fermentum
536 1769 561 1794 in
577 1767 698 1794 dantibus
716 1768 818 1796 vestris.
835 1768 951 1800 Quicun-

170 1826 218 1853 que
237 1816 375 1844 comederit
390 1816 556 1850 fermentum.
569 1813 664 1848 peribit
682 1813 771 1840 anima
795 1814 843 1841 illa
864 1814 895 1841 de
911 1815 951 1842 Is-

171 1864 235 1893 rael.
250 1863 282 1890 Et
299 1862 379 1897 paulo
392 1866 471 1896 post:
503 1859 594 1891 Primo
623 1867 720 1891 mense,
736 1864 832 1894 quarta
849 1861 951 1888 decima

171 1911 214 1937 die
226 1909 332 1941 mensis,
353 1908 387 1934 ad
403 1914 534 1941 vesperam
547 1905 687 1932 comedetis
709 1913 802 1940 azyma
818 1914 900 1941 usque
917 1908 950 1933 ad

171 1958 238 1984 diem
256 1956 404 1983 vicesimam
426 1953 538 1988 priurum
555 1951 671 1986 ejusdem
691 1953 786 1979 mensis
807 1953 841 1979 ad
866 1961 952 1988 vespe-

172 2008 249 2028 ram:
265 2004 360 2034 septem
376 1999 468 2025 diebus
498 1998 652 2031 fermentum
677 2005 727 2023 non
756 1997 902 2024 invenietur
926 1999 951 2026 in

172 2047 291 2074 domibus
300 2046 394 2074 uestris
406 2052 415 2071 :
427 2044 471 2078 qui
485 2043 624 2070 contederit
642 2043 837 2077 fermentatum.
860 2045 952 2078 peribit

172 2094 260 2120 anima
282 2092 338 2126 ejus
350 2091 381 2118 de
392 2095 459 2118 metu
484 2089 572 2116 Israel
585 2089 616 2115 ιδ.
635 2089 711 2122 Quod
736 2096 801 2116 vero
827 2090 953 2119 Christus

171 2144 278 2167 servato
293 2139 360 2173 legis
374 2136 531 2172 praescripto
557 2134 662 2162 Pasrha
687 2134 842 2168 celebrarit,
867 2135 953 2164 Judaei

170 2192 236 2213 vero
256 2189 426 2218 nequaquam
443 2181 508 2209 illud
536 2180 682 2213 servarint,
698 2180 745 2208 sed
760 2180 831 2208 diem
863 2186 955 2210 trans.

1001 1580 1133 1614 ἐπετέλει,
1149 1581 1250 1614 μᾶλλον
1272 1581 1304 1609 ἂν
1327 1582 1447 1614 ἐναντίος
1471 1580 1505 1618 ἦν
1529 1583 1560 1609 τὺ
1578 1585 1675 1618 Πάσχα
1698 1584 1783 1610 τελῶν

1000 1624 1048 1650 καὶ
1059 1624 1089 1651 τὸ
1101 1624 1216 1660 ἐνζνμον
1225 1627 1374 1660 φυλάττων.
1387 1628 1485 1655 Ὅτιδέ
1497 1629 1511 1655 ό
1519 1629 1600 1663 νόμος
1615 1631 1783 1665 ἀπαγορεύει

1000 1670 1089 1703 τοῦτο,
1118 1672 1233 1699 ἄκουσον
1261 1673 1333 1700 οὕτω
1359 1675 1573 1708 προστάττοντος
1588 1684 1594 1691 ·
1614 1677 1683 1711 φησὶ
1698 1677 1755 1712 γάρ
1771 1685 1778 1693 '

1006 1715 1098 1742 Ἑπτὰ
1115 1717 1227 1751 ἡμέρας
1241 1717 1336 1752 ἄζυμα
1349 1719 1456 1746 ἕδεσθε
1467 1727 1472 1734 ·
1489 1719 1590 1747 ἀπὸδὲ
1601 1720 1659 1754 τῆς
1671 1721 1782 1755 ἡμέρας

1000 1760 1054 1795 τῆς
1083 1762 1200 1797 πρώτης
1226 1764 1381 1798 ἀφανιεῖτε
1409 1765 1503 1800 ζύμην
1534 1766 1568 1793 ἐκ
1593 1766 1653 1794 τῶν
1681 1768 1781 1794 οἰκιῶν

1001 1807 1094 1842 ὑμῶν,
1113 1809 1175 1842 Πᾶς
1197 1809 1230 1842 ὃς
1248 1809 1288 1837 ἂν
1308 1810 1389 1846 φάγῃ
1408 1809 1512 1845 ζύμην,
1528 1812 1779 1846 ὲξολοθρευθιξσε-

1001 1861 1047 1880 ται
1063 1854 1081 1888 ἡ
1106 1855 1191 1890 ψυχὴ
1211 1856 1312 1889 ἐκείνη
1326 1856 1361 1888 ἐξ
1380 1857 1504 1891 Ἰσραήλ
1516 1866 1522 1872 ·
1549 1859 1597 1884 καὶ
1614 1860 1686 1887 μετά
1699 1867 1757 1885 τινα
1773 1867 1778 1873 ·

1008 1901 1218 1936 Ἑνηρχόμενοι
1233 1901 1270 1936 τῇ
1286 1903 1601 1937 τεσσαρεσκαιδεκάτῃ
1619 1904 1715 1938 ἡμέρα
1729 1905 1779 1933 ut}

1000 1947 1097 1981 μηνὸς
1115 1947 1168 1974 τοῦ
1189 1947 1316 1982 πρώτου,
1336 1948 1386 1982 ἀφ’
1414 1949 1546 1982 ἑσπέρας
1565 1949 1672 1976 ἐδεσθε
1687 1949 1780 1984 ἄζυμα

1002 1993 1057 2025 ἕως
1077 1993 1190 2027 ἡμέρας
1218 1991 1289 2028 μιᾶς
1305 1994 1353 2020 καί
1381 1994 1501 2027 εἰκάδος
1526 1994 1580 2021 τοῦ
1605 1995 1703 2029 μηνὸς
1728 1995 1779 2028 ἕως

1003 2039 1152 2073 ἑσπέρας·
1180 2039 1256 2066 ἐπτά
1283 2039 1392 2073 ἡμέρας
1413 2039 1485 2073 ζύμη
1516 2040 1572 2074 οὐχ
1591 2041 1780 2074 εὑρεθήσεται

1003 2085 1037 2112 ὲν
1051 2085 1115 2118 ταῖς
1131 2086 1238 2118 οἰκίαις
1253 2085 1346 2119 ὑμῶν.
1361 2084 1424 2117 Πᾶς
1441 2084 1474 2117 ὃς
1484 2084 1524 2112 ἂν
1542 2085 1622 2120 φάγῃ
1638 2085 1777 2120 ζυμωτὸν,

1004 2131 1292 2165 ἐξολοθρευθήσεται
1308 2131 1326 2164 ἡ
1342 2130 1428 2164 ψυχὴ
1442 2131 1542 2164 ἐκείνη
1554 2131 1588 2158 ἐκ
1604 2131 1779 2166 συναγωγῆς

1012 2177 1144 2212 Ἰσραήλ.
1155 2177 1215 2204 Ὅτι
1223 2177 1250 2203 δὲ
1261 2176 1330 2202 κατὰ
1337 2175 1418 2211 νόμον
1429 2177 1442 2203 ὁ
1453 2176 1570 2211 Χριστδς
1579 2177 1609 2203 τὸ
1619 2177 1713 2212 Πάσχα
1725 2177 1785 2217 ἑτέ-ι

170 2209 385 2267 gressi—fuerint,
397 2229 459 2256 audi
475 2227 532 2254 oris
542 2227 616 2254 aurei
633 2209 738 2254 Patrem
751 2227 862 2255 homilia
878 2232 953 2256 ouo.
967 2209 993 2239 Β
1006 2223 1092 2254 λεσεν,
1109 2222 1133 2248 ot
1146 2222 1174 2248 δὲ
1195 2221 1316 2267 Ἰουδαῖοι

1006 2209 1092 2254 λεσεν,
1106 2209 1133 2248 ὀι
1146 2222 1174 2248 δέ
1196 2221 1316 2248 Ἰουδαῖοι
1331 2209 1497 2255 παρανόμοις
1513 2222 1646 2257 ἐποίησαν
1665 2209 1777 2257 ἧαραῦιε

171 2278 270 2312 [resima
286 2280 382 2310 quarta
411 2273 438 2300 in
462 2273 604 2304 Joannem,
627 2272 690 2299 dum
705 2272 787 2300 verba
808 2273 854 2300 illa
871 2281 954 2308 expo-

171 2325 228 2350 nit:
244 2322 383 2349 Adducunt
394 2319 486 2347 Iesum
500 2326 515 2345 α
529 2318 630 2352 Caip/ta
652 2319 679 2345 in
699 2320 852 2354 praetorium
866 2328 874 2347 :
899 2320 955 2347 Cur

172 2370 244 2397 enim
265 2368 331 2394 illnc
348 2373 411 2393 eum
437 2366 585 2396 duxerunt,
607 2364 652 2391 ubi
670 2372 767 2393 omnes
795 2365 952 2400 congregati

170 2414 268 2442 crant?
284 2412 318 2441 Ut
333 2419 378 2439 res
388 2411 463 2438 fieret
477 2409 617 2437 communi
645 2410 768 2438 omnium
794 2410 952 2444 pontiﬁcum

171 2467 324 2493 consensu;
338 2462 397 2486 erat
410 2465 483 2485 enim
503 2457 549 2484 ille
567 2461 632 2484 tune
656 2457 789 2492 pontifex,
808 2460 836 2483 et
857 2463 952 2483 omnes

172 2508 248 2534 illum
264 2503 503 2540 przestolabantnr.
514 2503 553 2530 lta
568 2503 767 2538 pernoctabant
787 2501 952 2535 vigilabant-

173 2560 226 2588 que
240 2551 321 2586 hujus
334 2550 373 2578 rei
387 2556 489 2577 causa:
503 2548 562 2576 Non
586 2549 670 2581 enim,
699 2547 799 2582 inquit,
829 2546 952 2573 comede-

174 2603 237 2627 runt
252 2597 355 2625 Pascha
371 2600 447 2627 tunc.
464 2595 512 2624 sed
535 2600 677 2631 propterea
703 2592 862 2628 vigilabant.
886 2592 952 2620 Nam

175 2652 236 2680 post
252 2645 296 2672 illa
314 2644 409 2672 verba:
431 2643 495 2670 Erat
510 2646 596 2669 autem
609 2638 825 2671 mane,Joannes
852 2638 953 2676 intulit,

176 2690 211 2717 Et
225 2690 275 2723 ipsi
293 2697 344 2716 non
358 2689 512 2716 introierunt
530 2688 557 2714 in
581 2684 744 2720 praetorium,
762 2688 788 2709 ut
809 2691 863 2710 non
891 2691 954 2710 ειη-

176 2737 378 2767 taminarentur,
395 2735 439 2763 sed
457 2738 485 2761 ut
500 2732 689 2760 manducarent
715 2729 817 2756 Pascha
835 2729 865 2756 “.
883 2729 954 2763 Quid

175 2791 240 2820 ergo
255 2783 287 2811 ad
302 2783 359 2810 lmc
369 2780 513 2809 dicemus?
530 2777 597 2805 lllud
617 2784 692 2810 sane,
717 2776 788 2812 quod
805 2776 888 2804 altera
913 2777 955 2804 liiC

213 2873 235 2890 "
251 2873 317 2902 Luc.
336 2881 402 2907 un,
420 2873 467 2906 l0;
487 2871 574 2900 lCor.
590 2878 625 2904 xl,
648 2871 690 2900 Ἡ.

747 2873 766 2888 ¹³
795 2873 878 2900 Esol.
901 2879 946 2903 ιιι,
973 2872 1002 2900 15
1024 2877 1097 2904 3mm.

1003 2267 1136 2298 δάπαντες
1150 2267 1178 2292 τὸ
1194 2265 1290 2300 Πάσχα
1301 2286 1308 2298 ,
1324 2265 1442 2292 ἄκουσον
1456 2265 1504 2292 τοῦ
1517 2265 1711 2300 Χρυσοστόμου
1726 2266 1776 2292 Πα-

1002 2314 1065 2348 τρὺς
1091 2313 1118 2338 ἐν
1136 2311 1177 2338 ἠδ’
1196 2311 1291 2346 ὁμιλία
1326 2311 1371 2338 τοῦ
1398 2311 1470 2338 κατὰ
1504 2311 1640 2345 Ἰωάννην,
1669 2311 1707 2342 εις
1732 2310 1775 2336 τό·

1003 2359 1123 2392 "Arcum
1136 2358 1190 2384 τὸν
1203 2357 1321 2391 Ἰησοῦν
1331 2357 1390 2384 ἀπὸ
1403 2357 1455 2384 τοῦ
1466 2356 1584 2391 Καϊάφα
1597 2357 1642 2390 είς
1655 2356 1687 2383 τὸ
1701 2365 1776 2390 πραι-

1001 2404 1115 2438 τώριον·
1134 2403 1183 2429 Διά
1197 2403 1223 2430 τί
1238 2403 1296 2430 ἐκεῖ
1311 2403 1456 2438 ἀπήγαγον
1472 2402 1563 2434 αὑτὸν,
1582 2401 1647 2428 ἔνθα
1665 2402 1775 2432 ἅπαντες

1004 2449 1074 2486 ἦσαν
1092 2449 1273 2484 συνηγμένοι;
1292 2449 1352 2476 Ἵνα.
1368 2449 1438 2483 μετὰ
1453 2448 1566 2485 γνώμης
1581 2448 1689 2480 πάντων
1705 2448 1775 2482 ποιή-

1006 2505 1073 2524 σωσι
1087 2496 1140 2523 τῶν
1164 2495 1314 2531 ἀρχερέων·
1342 2495 1446 2525 ἐκεῖνος
1464 2495 1518 2529 γὰρ
1541 2492 1575 2529 ἦν
1597 2493 1658 2520 τότε
1693 2495 1775 2529 ἀρχιε-

1006 2545 1079 2580 ρεὺς,
1105 2543 1152 2570 καὶ
1169 2543 1267 2574 πάντες
1291 2540 1362 2577 ἦσαν
1386 2541 1466 2568 αὑτὸν
1485 2540 1678 2575 ἀναμένοντες.
1707 2540 1774 2567 οὕτω

1005 2589 1209 2624 διενυκτέρευον
1231 2588 1278 2616 καὶ
1295 2587 1453 2623 ἡγρῦπνουν
1468 2586 1515 2613 ἐπὶ
1530 2585 1618 2621 τούτῳ
1629 2593 1637 2601 ·
1653 2585 1712 2612 οὐδέ
1729 2589 1775 2622 γὰρ

1006 2636 1108 2671 ἔφαγον
1135 2635 1197 2662 τότε
1223 2635 1253 2661 τὸ
1279 2634 1393 2670 Πάσχα²
1425 2633 1525 2668 φησὶν,
1551 2632 1620 2660 ἀλλὰ
1641 2632 1684 2659 διὰ
1708 2632 1774 2660 τοῦτο

1006 2681 1165 2717 ἠγρύπνουν
1176 2688 1182 2696 ’
1197 2679 1284 2707 εἰπὼν
1299 2680 1363 2715 γὰρ,
1381 2680 1422 2706 ὃτι
1445 2679 1542 2714 Πρωΐα
1554 2677 1603 2714 ἦν,
1623 2680 1637 2705 ὸ
1661 2679 1774 2713 Ἰωάννης

1008 2729 1147 2762 ἐπήγαγεν
1159 2735 1165 2742 ·
1189 2726 1406 2760 Οὐκεισῆλθον
1420 2726 1463 2758 εἰς
1478 2725 1512 2752 τὸ
1536 2724 1720 2760 πραιτώριον.
1732 2726 1774 2752 ἵνα

1006 2775 1049 2811 μὴ
1064 2774 1242 2810 μιανθῶσιν,
1253 2773 1321 2801 ἀλλ’
1331 2773 1381 2800 ἵνα
1403 2772 1519 2807 φάγωσι
1530 2771 1563 2798 τὸ
1574 2770 1691 2806 Πάσχα.
1699 2770 1727 2798 Ti
1736 2769 1773 2798 οὖν

1147 2869 1167 2884 "'
1183 2868 1261 2896 Joun.
1274 2874 1352 2899 ιιι-ιιι,
1373 2867 1416 2894 28.
