1861 3068
45 127 90 157 1Ξ9
658 121 808 152 CONTRA
829 121 1044 153 EPHESIUM.

1616 123 1666 155 130

43 185 110 209 ἐστιν
127 181 236 213 εἱπεῖν;
256 180 321 207 ’Ότι
340 179 370 206 ἒν
386 178 463 214 ἑτέρᾳ
480 178 593 213 ἔφαγον,
619 180 666 205 καὶ
684 179 729 206 τὸν
749 178 856 212 νόμονΔ

944 178 1071 211 ederunt,
1087 181 1114 206 et
1138 185 1152 205 a
1177 178 1235 213 lege
1258 177 1444 206 discesserunt
1474 178 1556 205 caedis
1585 179 1666 214 hujus

43 229 136 254 ἔλυσαν
155 226 202 252 διὰ
219 226 271 260 τὴν
284 223 435 258 ἐπιθυμίαν
447 224 497 258 τὴν
511 222 575 256 περὶ
585 221 634 256 τὴν
647 221 755 256 σφαγὴν
768 220 833 247 ταύ-

42 283 96 308 την.
113 272 184 300 Οὐδὲ
205 273 262 306 γὰρ
280 272 295 297 ὁ
317 269 436 305 Χριστὸς
459 268 567 304 παρέϐη
593 267 638 294 τὸν
663 266 760 302 καιρὸν
784 265 832 293 τοῦ

43 320 145 353 Πάσχα,
161 317 222 345 ἀλλ’
235 317 338 343 ἐκεῖνοι
353 315 379 342 ot
390 315 479 342 πάντα
491 313 648 349 τολμῶντες
659 313 707 339 καὶ
721 311 833 347 μυρίους

44 364 268 394 καταπατοῦντες
283 362 396 396 νόμους.
412 361 522 387 Τούτων
540 359 628 390 οὕτως
643 358 760 394 ἑχόντων
775 357 833 388 πῶς

46 410 275 445 κιτηγορὴσομεν
299 408 365 438 τοὺς
391 405 458 442 μετὰ
473 405 588 440 ἀζύμων
601 404 650 439 τὴν
677 404 773 430 θυσίαν
789 411 833 429 τε-

46 456 155 487 λοῦντας
169 464 178 486 ;
193 454 264 490 Περὶ
281 453 311 480 δὲ
329 453 409 488 ήμῶν
431 451 523 478 αὐτῶν
554 450 626 477 οὕτω
650 449 777 484 λέγομεν,
794 449 834 475 ὅτι

47 502 114 529 οὓτω
127 500 336 536 παρελάϐομεν,
351 500 397 526 καὶ
413 497 484 525 οὓτω
499 498 662 532 στέργομεν,
677 495 716 527 ὡς
729 496 753 522 ot
770 495 837 521 ἁπό-

49 547 134 574 στολοι
148 546 211 573 κατ’
223 543 300 572 οἷκον
315 544 433 575 κλῶντες
449 543 531 578 ἄρτον
554 542 604 577 τὴν
625 540 720 568 θυσίαν
743 540 836 566 ἐπετέ-

49 595 118 619 ὶουν·
136 592 186 618 καὶ
209 589 333 625 οὐδαμοῦ
358 589 483 624 φαίνεται
509 588 546 619 ὡς
568 587 674 621 ἄζυμον
690 584 837 620 ζητοῦντες

51 639 96 674 τὴν
107 637 207 664 θυσίαν
221 636 379 663 ἐπετέλουν.
396 634 452 661 Καὶ
473 633 556 661 πάλιν
579 634 606 659 ὲν
624 633 686 663 ταῖς
703 632 756 658 τῶν
771 631 836 664 d653-

52 694 108 720 μων
134 679 255 718 ἰς’μέραις
283 680 410 716 μηδαμοῦ
436 681 466 706 ὲν
492 679 692 714 Ἰεροσολύμοις
719 676 837 711 ὲνζύμου

51 729 260 765 εὑρισκομένου,
273 723 394 760 οὐδαμοῦ
412 725 493 751 πάλιν
510 724 647 758 φαίνεται,
666 723 707 749 δτι
723 721 837 755 ἕνζυμον

51 774 201 806 αἰτοῦντες,
225 772 313 803 οὕτως
348 771 468 798 ἐποίουν.
499 769 630 805 ’ῌδεισαν
655 767 721 802 γὰρ.
745 767 786 793 ὃτι
807 766 838 792 τὸ

50 821 113 846 αὐτό
130 820 205 845 ἐστιν
231 816 426 851 ὑποκείμενον,
444 816 458 841 ὁ
483 815 515 840 ὲκ
539 813 596 841 τοῦ,
615 813 690 838 σίτου
713 811 836 845 ἄλευρος.

51 867 84 893 υὺ
99 865 154 899 γὰρ
169 863 214 890 διὰ
227 862 260 888 τδ
279 861 319 897 μὴ
336 848 417 896 ⁷ἔχειν
440 859 541 895 μικρὰν
566 858 668 893 ζύμην,
685 857 734 892 ήδη
751 857 838 882 πάντα
855 848 874 875 Β

51 912 83 939 τὰ
96 909 249 945 τελούμενα
262 907 349 943 ἀργὰ,
364 906 412 934 καὶ
429 906 547 941 μάλιστα
564 904 597 930 τὰ
612 903 659 930 τοῦ
675 902 779 937 Κυρίου
791 901 839 936 ῥή-

54 967 135 992 ματα,
150 957 230 984 ἅτινα
241 955 289 981 καὶ
302 952 482 989 μεταποιοῦσι
494 951 540 978 τὸν
553 951 636 986 ἄρτον
645 950 691 976 καὶ
708 948 753 975 τὸν
768 946 839 974 οἶνον

54 1003 150 1038 abuse}:
165 1001 296 1032 ὓδατιείς
322 999 403 1034 σῶμα
427 998 474 1024 καὶ
492 995 563 1032 αἷμα
600 995 696 1023 αὑτοῦ.
722 994 784 1020 ’Ὁτι
811 993 839 1019 δὲ

54 1051 118 1076 αὐτὰ
133 1049 167 1074 τὰ
186 1047 299 1083 ῥήματα
316 1042 569 1080 μεταρῤυθμίζουσι
585 1041 634 1076 τὴν
656 1040 721 1075 ὕλην
738 1039 841 1073 ταύτην

54 1098 91 1127 εἰς
117 1095 152 1121 τὰ
170 1093 320 1129 εἰρημένα,
337 1091 455 1118 ἄκουσον
479 1088 526 1116 τοῦ
547 1088 621 1115 θείου
645 1085 840 1122 Χρυσοστόμου

54 1143 81 1168 ὲν
92 1141 130 1176 τῷ
144 1140 227 1174 λόγῳ,
241 1135 271 1164 οὗ
283 1138 301 1172 ὴ
317 1135 470 1170 ἐπιγραφὴ,
485 1136 537 1168 Είς
551 1132 774 1168 τὴνπροδοσίαν
785 1129 839 1158 τοῦ

60 1187 168 1219 Ἰούδα,
184 1185 233 1213 καί
248 1187 293 1218 είς
309 1184 342 1210 τὸ
363 1182 514 1218 μυστικὸν
537 1180 661 1208 δεῖπνον’
676 1179 730 1206 τοῦ
745 1177 842 1212 Σωτῆ-

53 1243 115 1268 ρος,
136 1233 186 1261 καί
210 1233 287 1259 κατὰ
309 1229 481 1257 Ἰουδαίων·
499 1229 517 1263 ἡ
534 1228 562 1254 δὲ
580 1226 653 1262 ἀρχὴ
677 1225 724 1252 τοῦ
748 1225 839 1259 λόγοιν

62 1279 237 1314 Ἐὸουλόμην,
261 1275 413 1312 ἀγαπητοὶ,
428 1274 479 1308 τῆς
495 1272 567 1300 κατὰ
592 1272 638 1299 τὸν
669 1270 841 1306 πατριάρχην

57 1327 135 1354 πάλιν
151 1314 323 1354 ῦποθέσεως.
335 1323 455 1357 Πάρεστι
464 1321 512 1347 καὶ
526 1318 573 1346 νῦν
589 1319 603 1345 ὁ
613 1317 730 1352 Χριστὸς
738 1317 842 1347 ἐκεῖνος

58 1373 103 1407 τὴν
115 1370 259 1405 τράπεζαν
280 1367 384 1401 ταύτην
399 1364 526 1400 κοσμῶν·
540 1364 554 1390 ὁ
570 1363 625 1396 γὰρ
637 1362 688 1397 τὴν
701 1358 841 1395 τράπεζαν

60 1406 164 1452 ἑνείνην
177 1415 322 1450 κοσμήσας
341 1413 413 1443 τότε,
427 1408 503 1441 οὗτος
515 1410 563 1437 καὶ
582 1408 686 1443 ταύτην
700 1406 843 1440 διακοσμετ

60 1464 113 1491 νῦν.
134 1451 171 1490 Ob
196 1461 253 1496 γὰρ
282 1458 427 1494 ἄνθρωπός
441 1458 514 1484 ἐστιν
536 1457 550 1483 ὁ
568 1454 655 1482 ποιῶν
670 1454 704 1480 τὰ
729 1451 840 1488 προκεί-

884 224 1013 252 faciendae
1032 224 1180 252 desiderio.
1203 223 1298 259 Neque
1323 225 1394 251 enim
1411 224 1538 252 Christus
1558 227 1666 259 tempus

883 270 994 298 Pascha:
1006 278 1061 298 non
1077 263 1244 305 observavit,
1257 271 1304 298 sed
1316 271 1352 299 illi
1366 271 1411 305 qui
1426 270 1494 297 nihil
1508 277 1563 298 non
1585 270 1668 298 aude-

883 316 958 348 bant,
975 321 1002 343 et
1015 316 1088 350 leges
1109 316 1264 344 innumeras
1282 318 1505 352 perrumpehant.
1524 315 1592 344 Cum
1609 316 1668 343 haec

883 361 920 388 ita
940 369 970 389 se
983 361 1112 393 habeant,
1128 369 1181 396 qua
1198 363 1304 390 ratione
1331 367 1412 390 erunt
1425 370 1439 389 a
1465 362 1544 390 nobis
1573 369 1667 397 repre-

884 406 1029 438 hendendi,
1045 408 1092 442 qui
1107 415 1204 443 azymo
1215 407 1394 435 sacriﬁcant?
1418 408 1455 434 De
1480 408 1560 435 nobis
1576 411 1668 434 autent

885 453 952 487 ipsis
971 453 1098 485 dicimus,
1111 453 1149 480 ita
1166 461 1217 481 nos
1239 453 1388 488 accepisse,
1405 457 1432 480 et
1459 456 1580 480 nostram
1604 460 1669 480 con-

885 500 1058 526 suetudinem
1073 503 1161 525 ratam
1180 499 1280 526 habere
1293 507 1299 531 ;
1315 503 1341 525 et
1356 498 1469 533 apostoli
1486 498 1558 525 domi
1573 505 1669 532 panem

886 544 1042 579 frangentes
1053 545 1218 571 sacriﬁcium
1232 544 1415 577 factitabant;
1434 551 1523 578 neque
1552 551 1666 578 usquam

886 595 1010 625 apparet,
1025 591 1170 625 quaesitum
1186 598 1248 618 esse
1262 591 1297 617 ab
1313 591 1366 617 illis
1381 598 1476 624 panem
1497 597 1622 625 alymum
1639 588 1671 614 ad

886 635 1111 663 sacriﬁcandum.
1125 635 1233 662 Rursus
1245 642 1307 661 eum
1324 635 1382 662 dies
1395 639 1486 662 essent
1500 642 1672 669 azymorum,

886 687 913 709 ct
930 682 1109 709 fermentatus
1125 682 1203 716 panis
1218 689 1270 708 non
1286 686 1360 709 esset
1387 680 1593 716 Hierosolymis,
1608 688 1674 706 nus-

887 737 967 764 quam
983 729 1107 756 similiter
1124 732 1247 763 apparet,
1278 728 1392 762 qumsito
1425 726 1586 754 fermentato
1614 726 1674 752 illos

888 781 1079 806 consecrasse.
1092 775 1165 808 quod
1181 774 1283 802 scirent
1295 774 1436 800 materiam
1454 780 1517 800 esse
1536 771 1673 802 eamdem,

888 826 987 854 nempe
1002 819 1119 846 farinam
1137 819 1284 846 triticeam.
1300 817 1394 852 Neque
1408 819 1481 845 enim
1498 816 1572 852 quod
1588 815 1675 842 modi,

889 873 952 892 cum
984 873 1037 892 non
1063 855 1341 896 adsit-fermentum,
1366 863 1486 890 invalida
1511 863 1567 897 jam
1591 865 1674 888 erunt

890 912 982 938 omnia
997 918 1058 946 qua:
1074 910 1107 938 ad
1121 910 1286 938 sacrificium
1302 913 1438 945 spectant,
1456 908 1607 944 praesertim
1623 907 1676 934 Do-

890 956 955 984 mini
970 957 1066 989 verba,
1085 963 1146 991 quae
1161 963 1258 990 panem
1275 959 1301 983 et
1313 956 1405 982 vinum
1421 962 1483 983 eum
1501 962 1572 990 aqua
1588 959 1676 982 trans-

890 1006 998 1030 mutant
1034 1002 1062 1029 in
1091 1009 1192 1036 corpus
1226 1001 1286 1036 ejus
1314 1005 1341 1029 et
1371 1002 1531 1036 sanguinein
1553 1001 1566 1028 τ
1597 999 1675 1033 Quod

890 1053 980 1075 antem
998 1048 1081 1075 verba
1097 1047 1155 1074 hazc
1177 1047 1319 1075 materiam
1335 1047 1410 1074 illam
1437 1051 1621 1074 transmutcnt
1647 1045 1676 1073 in

890 1101 921 1123 ea
938 1102 998 1130 quae
1013 1094 1142 1126 diximus,
1167 1093 1230 1120 audi
1251 1101 1285 1121 ex
1311 1093 1403 1121 divino
1426 1093 1623 1129 Chrysostomo
1648 1093 1675 1119 in

890 1140 1036 1171 oratione.
1071 1147 1132 1175 qua:
1162 1139 1324 1168 inscribitur
1349 1147 1357 1166 :
1384 1139 1416 1166 Iu
1444 1138 1523 1165 Iuda
1547 1138 1678 1172 proditio-

891 1194 969 1220 nem,
998 1190 1022 1213 et
1055 1186 1192 1220 mysticam
1225 1183 1376 1212 Saluatoris
1406 1191 1526 1215 cenam,
1557 1188 1580 1209 et
1615 1190 1678 1209 rori-

892 1239 936 1261 tra
964 1233 1085 1266 Judazos;
1115 1232 1248 1260 orationis
1274 1235 1364 1259 autem
1395 1231 1504 1258 initium
1525 1231 1579 1258 hoc
1605 1234 1646 1257 est
1669 1238 1678 1256 :

891 1281 1021 1309 Volebam
1055 1287 1121 1308 sane
1139 1299 1146 1312 .
1176 1277 1359 1310 dilectissimi,
1391 1284 1489 1304 rursus
1517 1276 1680 1309 patriarchae

892 1331 1091 1363 argumentum,
1108 1329 1162 1353 etc.
1176 1324 1259 1352 Adest
1274 1330 1348 1351 nunc
1369 1322 1451 1350 etiam
1468 1321 1595 1349 Christus
1619 1322 1680 1356 ipse

892 1380 1013 1401 mensam
1032 1372 1102 1398 hanc
1128 1377 1231 1397 ornans
1255 1369 1328 1404 :qui
1358 1368 1432 1395 enim
1458 1371 1523 1394 tunc
1556 1374 1679 1394 mensam

892 1420 964 1448 illam
977 1419 1094 1450 ornavit,
1108 1417 1178 1444 idem
1193 1423 1265 1443 nunc
1276 1419 1304 1442 et
1317 1415 1387 1442 hanc
1400 1415 1487 1449 ipsam
1501 1414 1678 1441 condecorat.

892 1466 985 1500 Neque
998 1464 1068 1491 enim
1081 1465 1165 1490 homo
1195 1466 1245 1494 est,
1258 1461 1306 1496 qui
1323 1461 1389 1488 facit
1406 1465 1436 1487 ut
1450 1460 1588 1496 proposita
1616 1460 1681 1486 ﬁant

62 1518 127 1545 μενα
146 1507 276 1543 γενέσθαι
293 1505 373 1541 σῶμα
386 1504 435 1530 καὶ
450 1500 521 1538 αἷμα
542 1501 673 1536 Χριστοῦ,
689 1499 746 1526 ἀλλ’
762 1499 843 1530 αὐτὸς

942 1499 992 1546 pus
1003 1515 1029 1537 et
1044 1509 1156 1544 sanguis
1165 1507 1278 1541 Christi,
1290 1508 1336 1534 sed
1347 1507 1392 1542 qui
1408 1514 1459 1542 pro
1483 1506 1564 1534 nobis
1591 1506 1681 1532 cruci-

61 1556 74 1581 ὸ
88 1553 258 1589 σταυρωθεὶς
272 1550 342 1586 ὑπὲρ
369 1549 448 1585 ἡμῶν
463 1547 590 1582 Χριστός.
613 1545 712 1581 Σχῆμα
732 1544 845 1580 πληρῶν
862 1568 866 1570 .

62 1602 176 1637 ὀιερεὺς
192 1600 274 1635 μόνον
291 1598 401 1632 ἕστηκε,
417 1596 466 1623 καὶ
483 1595 632 1632 προσφέρει
649 1593 697 1628 τὴν
707 1593 798 1628 δέησιν
812 1591 846 1618 τὰ

65 1651 171 1684 ῥήματα
182 1645 371 1682 φθεγγόμενος
386 1644 488 1670 ἐκεῖνα·
503 1643 520 1677 ή
533 1642 562 1668 δὲ
578 1641 657 1676 χάρις
673 1639 749 1674 καὶὴ
766 1638 847 1666 δύνα-

66 1683 107 1728 μίς
119 1695 178 1720 ἐστι
193 1690 241 1718 τοῦ
257 1689 325 1717 Θεοῦ
341 1690 358 1724 ὴ
372 1689 464 1718 πάντα
477 1686 666 1726 ἐργαζομένη..
683 1684 774 1712 Τοῦτό
787 1683 847 1718 μού

64 1723 123 1766 ἑστι
137 1738 171 1765 τὸ
190 1736 291 1771 σῶμα,
305 1723 382 1769 φησί·
398 1733 478 1760 τοῦτο
490 1733 520 1759 τδ
534 1731 610 1768 ῥῆμα
628 1723 666 1758 τάξ
679 1730 848 1766 προκείμενα

66 1783 292 1821 μεταρῤυθμίξει.
309 1780 365 1808 Καὶ
380 1779 508 1814 καθάπερ
529 1778 619 1809 ἐκείνη
635 1777 652 1813 ἠ
676 1777 752 1812 φωνὴ
771 1777 788 1812 ἠ
805 1777 848 1804 λέ-

65 1839 155 1866 γουσα·
175 1827 367 1861 Δὺξάνεσθε,
383 1825 432 1852 καί
450 1824 653 1858 πληθύνεσθε,
668 1822 718 1850 καί
732 1822 849 1857 πληρώ-

65 1885 132 1906 σατε
148 1876 208 1910 τὴν
224 1873 298 1909 γῆν,
309 1871 410 1908 ἐρρέθη
424 1871 474 1906 μὲν
491 1869 573 1902 ἅπαξ,
587 1869 631 1896 διὰ
642 1869 743 1900 παντῦς
757 1868 785 1895 δὲ
801 1867 848 1895 τοῦ

66 1923 158 1958 χρόνου
173 1922 283 1956 γίνεται
310 1919 402 1953 ἔργον,
430 1915 585 1951 δυναμοῦσα
614 1914 662 1949 τὴν
692 1914 773 1949 φύσιν
799 1914 850 1949 τὴν

69 1969 204 2004 ἡμετέραν
224 1965 295 2001 πρὸς
310 1963 494 1991 παιδοποιίαν
509 1961 579 1989 οὕτω
593 1962 641 1988 καὶ
656 1961 726 1996 αὓτη
740 1962 757 1997 ἡ
773 1961 849 1996 φωνὴ

69 2015 137 2047 ἅπαξ
152 2012 283 2048 λεχθεῖσα
295 2010 372 2043 παρὰ
386 2009 435 2042 τῆς
453 2007 528 2039 θείας
539 2006 662 2041 γλώττης
678 2007 796 2041 ἐκείνης,
809 2005 850 2039 τὸ,

71 2059 156 2087 Τοῦτό
178 2058 240 2093 μού
257 2056 324 2083 ἐστι
340 2055 374 2081 τὸ
393 2053 490 2088 σῶμα,
507 2051 569 2079 καθ’
584 2051 702 2088 ἑκάστην
711 2050 851 2087 τράπεζαν

69 2108 94 2133 ὲν
108 2107 166 2137 ταῖς
178 2101 355 2137 ἐκκλησίαις,
369 2100 473 2127 ἐκείνου
501 2099 547 2126 τοῦ
569 2099 691 2134 ῥήματος
706 2098 722 2134 ὴ
737 2097 851 2131 δύναμις

71 2151 144 2185 μέχρι
159 2149 211 2184 τῆς
237 2147 370 2182 σήμερον,
386 2145 434 2171 καὶ
449 2144 512 2180 ἄχρι
536 2143 586 2178 τῆς
600 2142 684 2170 αὑτοῦ
701 2142 852 2178 παρουσίας

70 2183 225 2231 την-θυσίαν
245 2192 458 2228 ἀπηρτισμένην
479 2190 636 2226 ἐργάζεται.
654 2190 685 2216 Εἰ
706 2189 757 2217 οὖν
772 2188 852 2215 τοῦτο
867 2183 889 2212 Ι)

69 2246 95 2270 τὸ
107 2244 179 2278 ῥῆμα
193 2243 235 2274 τίς
250 2241 332 2276 σῶμα
347 2238 467 2275 Χριστοῦ
484 2239 531 2265 καὶ
546 2235 616 2273 αἷμα
629 2237 664 2264 τὰ
681 2235 851 2272 προκείμενα

73 2290 221 2324 μεταποιεῖ,
233 2288 282 2315 καὶ
295 2287 397 2321 φρικτὰ
423 2286 563 2320 μυστήρια
577 2283 775 2319 ἀπεργάζεται,
790 2283 852 2310 ἁδυ-

71 2335 181 2362 mam
207 2334 297 2360 ταῦτα
314 2330 384 2358 εἶναι
406 2331 499 2357 τέλεια
527 2330 572 2356 διὰ
594 2329 625 2356 τὸ
655 2329 693 2364 μὴ
709 2328 781 2364 ἔχειν
806 2337 851 2363 μι-

72 2382 134 2414 κρὰν
158 2381 262 2415 ζύμην,
293 2377 384 2412 θαῦμα
399 2377 431 2404 ἂν
453 2377 497 2412 εἴη
512 2384 519 2392 ⁸
544 2375 695 2402 καὶταῦτα
719 2375 748 2401 ὲν
766 2374 852 2410 ταύτῃ

72 2428 100 2461 τῇ
126 2426 176 2461 ὕλῃ
199 2425 248 2451 τοῦ
266 2423 385 2458 Χριστοῦ
409 2422 582 2453 τελέσαντος,
599 2421 637 2452 ὼς
660 2419 853 2456 προαποδέδει-

74 2479 140 2497 χται.

414 2514 508 2541 ΕΦΕΣ.

109 2564 164 2599 Ἆρ’
177 2562 229 2597 οὐχ
250 2561 331 2588 ἱκανὰ
345 2560 431 2587 ταῦτα
452 2560 503 2595 τὴν
518 2559 634 2594 γνώμην
649 2559 739 2586 αὐτῶν
755 2558 856 2586 διαδεῖ-

75 2608 123 2642 ﬁat.
138 2610 184 2636 καὶ
209 2609 251 2635 ὃτι
268 2607 319 2634 οὐκ
341 2607 469 2642 ἀληθείας
486 2606 601 2642 ἔρευναν
619 2606 776 2641 ποιούμενοι
799 2606 856 2636 τοῖς

74 2656 193 2686 Λατίνοις
217 2652 361 2687 συνῆλθον,
374 2653 408 2687 ἢν
430 2654 460 2680 ὲν
480 2654 574 2687 χερσὶν
592 2652 700 2688 ἔχοντες
723 2651 856 2687 προδεδώ-

75 2709 157 2733 κασιν,
174 2701 245 2727 ἀλλὰ
268 2700 452 2734 χρυσοχοῆσαι
480 2699 649 2734 βουλόμενοι,
675 2698 722 2725 καὶ
747 2699 856 2726 πεπλα-

76 2748 173 2783 σμένην
190 2747 243 2774 οὒκ
261 2745 348 2781 ἀληθῆ
364 2746 550 2782 συστήσασθαι
565 2745 682 2778 ἓνωσινς

105 2851 126 2867 ’⁸
136 2851 205 2879 Gen.
218 2857 240 2883 ι,
252 2848 299 2876 28.

896 1558 965 1584 ﬁxus
982 1560 1033 1586 est,
1051 1554 1109 1590 ipse
1132 1554 1269 1582 Christus.
1296 1552 1428 1588 Figuram
1452 1556 1558 1580 tantum
1583 1559 1682 1586 gerens

897 1607 951 1631 stat
960 1601 1100 1632 sacerdos,
1115 1604 1142 1627 et
1157 1607 1251 1635 preces
1262 1598 1350 1632 offert,
1362 1600 1426 1625 dum
1440 1598 1523 1626 verba
1538 1597 1581 1625 illa
1594 1605 1681 1624 enun—

896 1649 961 1680 tiat;
978 1654 1071 1674 verum
1087 1645 1174 1680 gratia
1188 1644 1344 1672 eteﬂieacia
1359 1643 1407 1671 Dei
1433 1649 1486 1675 est,
1500 1651 1561 1678 qua:
1584 1650 1682 1677 opera-

898 1698 943 1721 tur
956 1692 1056 1720 omnia.
1073 1690 1128 1717 Hoc
1147 1695 1197 1721 εει,
1219 1689 1320 1724 inquit,
1349 1697 1443 1724 corpus
1471 1696 1574 1721 meum;
1601 1688 1682 1715 verba

897 1740 955 1767 bzcc
974 1738 1140 1773 propositam
1165 1739 1350 1763 lransmutant
1365 1735 1518 1762 materiam.
1534 1735 1566 1762 Et
1589 1741 1683 1769 quctw

898 1785 1043 1812 admodum
1063 1789 1115 1808 vox
1134 1781 1201 1808 illa:
1223 1781 1338 1808 Crescite
1363 1785 1387 1808 et
1415 1780 1628 1814 multiplicamini
1659 1783 1684 1806 et

897 1829 994 1864 replete
1005 1832 1104 1855 terram
1116 1827 1148 1860 “,
1162 1827 1266 1860 prolata
1283 1825 1392 1860 quidem
1403 1829 1445 1852 est
1458 1824 1613 1861 scmeILIed
1628 1832 1686 1858 pcr-

900 1875 988 1911 petuis
1003 1873 1170 1908 temporibus
1184 1872 1213 1899 llt
1238 1879 1315 1906 opus,
1349 1876 1472 1898 naturam
1501 1875 1624 1897 nostram
1650 1870 1683 1896 ad

898 1920 1117 1955 procreationem
1130 1917 1330 1945 corroborans:
1346 1917 1383 1944 ita
1411 1922 1436 1944 et
1449 1917 1504 1944 haec
1520 1924 1570 1943 vox
1600 1917 1686 1944 semil

899 1969 985 1997 missa
1005 1966 1093 1994 abilla
1114 1965 1206 1992 divina
1222 1964 1332 1998 lingua:
1352 1963 1408 1991 Hoc
1430 1969 1469 1990 eu
1482 1971 1576 1998 corpus
1590 1971 1685 1994 meuin,

900 2015 928 2042 in
944 2013 1058 2049 singulis
1073 2012 1208 2040 altaribus
1219 2019 1266 2046 per
1279 2011 1413 2038 ecclesias
1424 2011 1582 2038 virtute‘sua
1594 2009 1685 2040 eﬁicit.

901 2065 931 2088 ut
947 2060 980 2088 ad
994 2060 1065 2086 hanc
1085 2059 1156 2086 diem
1172 2062 1199 2085 et
1212 2064 1299 2091 usque
1312 2057 1343 2084 ad
1361 2056 1484 2084 futurum
1511 2056 1571 2091 ejus
1585 2057 1686 2082 adven-

901 2111 959 2134 tum
976 2105 1140 2133 sacriﬁcium
1154 2104 1289 2138 integrum
1304 2107 1456 2138 peragatur.
1472 2101 1501 2129 Si
1518 2109 1583 2136 ergo
1601 2101 1684 2127 verba

903 2153 961 2180 bmc
973 2154 1159 2178 tmnsmutaut
1171 2149 1311 2176 materiam
1325 2147 1495 2183 propositam
1530 2148 1555 2174 in
1587 2155 1688 2182 corpus

903 2201 931 2225 et
942 2196 1102 2231 sanguinem
1123 2195 1235 2228 Christi,
1246 2194 1420 2228 cﬁiciuntque
1436 2198 1465 2221 ut
1477 2194 1532 2221 sint
1547 2194 1686 2221 trcmemla

905 2242 1053 2277 mysteria;
1073 2241 1172 2268 mirum
1193 2239 1314 2275 profecto
1336 2239 1430 2271 fuerit,
1447 2240 1470 2266 si
1497 2239 1619 2274 perfecta
1642 2238 1686 2264 illa

904 2294 965 2314 esse
978 2294 1032 2314 non
1046 2293 1079 2321 po
1096 2285 1161 2317 sint,
1178 2284 1250 2320 quod
1263 2291 1315 2311 non
1328 2284 1400 2311 adsit
1414 2283 1549 2311 modicum
1568 2283 1687 2311 fermen-

905 2337 982 2364 tum;
996 2333 1076 2367 idque
1089 2339 1151 2360 eum
1167 2331 1196 2359 in
1208 2331 1255 2358 tali
1276 2331 1390 2358 materia
1404 2329 1530 2358 Christus
1554 2329 1612 2365 ipse
1622 2337 1688 2357 con-

907 2377 1011 2410 fecerit,
1025 2382 1054 2405 ut
1068 2376 1255 2412 probavimus.

1240 2514 1361 2543 EPllES.

942 2562 982 2589 An
1002 2569 1056 2589 non
1070 2561 1138 2589 satis
1159 2561 1218 2588 haec
1233 2565 1296 2587 sunt
1313 2560 1345 2587 ad
1357 2558 1553 2588 declarandum
1566 2558 1688 2586 animum

907 2616 1013 2640 eorum,
1031 2607 1104 2643 quod
1115 2614 1170 2634 non
1183 2606 1343 2641 indaganda:
1353 2606 1478 2633 veritatis
1492 2605 1594 2637 studio.
1607 2613 1688 2640 quam

909 2655 936 2682 in
955 2655 1080 2681 manibus
1097 2652 1227 2680 habentes
1258 2651 1416 2687 prodidere,
1447 2651 1474 2679 in
1511 2659 1596 2678 unum
1626 2659 1689 2679 cum

911 2700 1017 2728 Latinis
1031 2705 1188 2726 convenere
1201 2698 1309 2730 locum;
1327 2697 1374 2725 sed
1388 2697 1529 2724 voluntate
1543 2698 1691 2732 cxpiscan-

912 2747 938 2774 di
957 2753 1066 2779 aurum,
1083 2749 1111 2773 et
1125 2744 1227 2777 ﬁctam,
1244 2751 1297 2772 non
1314 2750 1407 2772 veram
1437 2743 1568 2771 unionem
1600 2743 1694 2771 conci-

915 2792 995 2820 liandi
1010 2791 1021 2818 ?
