1861 3068
169 85 215 117 1‘31

508 141 605 170 llESP.

207 188 284 222 Quod
319 195 369 215 nos
408 187 552 215 veritatem
580 188 744 223 indagantes
775 188 878 223 potius,
901 196 949 224 per

169 242 228 263 eam
249 234 389 269 conjuncti
406 233 541 261 fuerimus
558 240 621 261 cum
634 233 748 267 Latinis,
768 238 877 265 constat
893 234 950 268 pla-

170 288 203 307 ne
218 280 358 312 omnibus,
377 280 424 314 qui
442 280 633 307 contentiones
665 287 721 307 non
738 284 834 307 amant
853 289 859 307 :
886 287 948 306 nam

170 328 292 354 veritatis
307 326 452 361 inquisitio
469 334 516 361 per
536 331 695 354 sanctorum
724 326 888 362 theologiam
902 327 950 353 ha-

168 373 222 400 hita
241 376 293 404 est,
309 380 363 400 non
393 376 423 399 ut
436 373 495 406 ipse
523 372 572 402 ait,
599 372 672 406 quod
702 376 730 399 et
755 372 842 407 ipsam
869 379 949 407 quam

168 418 349 450 habebamus,
363 419 505 445 veritatem
519 418 733 451 prodiderimus.
751 417 880 452 Alioquin
899 418 951 445 hoc

167 464 241 492 idem
257 463 293 492 de
312 465 410 498 quavis
432 463 597 491 cmumenica
632 464 737 499 synodo
759 463 814 491 dici
846 469 949 498 posset,

168 510 263 537 relicta
273 509 400 537 videlicet
414 510 498 544 prima
512 509 576 544 (ide,
591 511 672 538 aliain
681 518 742 538 esse
753 508 831 538 abiis
838 510 948 538 editam.

169 555 269 582 Verum
285 556 338 583 hoc
355 563 487 590 nusquam
513 557 647 590 scriptum
673 560 725 588 est,
756 557 829 591 quod
858 556 951 591 expla-

169 600 260 628 nando
274 608 374 628 novam
386 601 466 628 [idem
494 601 654 628 conderent.
686 601 774 636 llujus
805 601 844 629 rei
873 601 951 628 testis

169 644 220 671 erit
233 650 261 672 et
277 650 389 673 sanctus
400 644 534 673 Maximus
558 645 588 673 in
600 646 649 673 illo
663 651 792 680 tractatu,
811 647 891 681 cujus
904 654 954 673 an—

171 695 213 716 tea
231 691 395 717 mentionem
408 690 603 724 fecimus.Qua
618 691 704 724 enim,
718 692 816 726 inquit.
833 692 950 724 ratione,

168 739 265 770 etquo
280 741 359 771 pacto
384 741 507 763 sanctam
527 737 778 765 Chalcedoueusem
804 737 951 772 synodum,

168 789 232 809 cum
246 782 291 808 illa
307 783 420 809 Patrum
438 783 550 810 vocibus
563 787 658 817 aperte
675 791 723 810 usa
740 784 786 815 sit,
816 783 949 810 crimina-

608 83 797 114 GllEGCRll
819 83 969 114 MAMM.‘E
985 82 1040 112 CP.
1063 80 1313 110 thTlilliIlCllJl

1735 79 1788 112 132

1339 140 1444 169 ΑΠΟΛ.

1037 188 1098 214 Ὀτι
1122 187 1172 222 μὲν
1192 184 1239 213 οὖν
1255 186 1385 221 ἀληθείας
1406 187 1521 222 ιρευναν
1538 187 1695 222 ποιούμενοι
1713 188 1786 222 μᾶλ-

999 233 1054 265 λον,
1070 233 1115 260 διὰ
1134 232 1235 268 ταύτης
1255 232 1382 263 Λατίνοις
1401 231 1557 267 ήνώθημεν,
1582 232 1718 266 πρόδηλον
1737 233 1788 258 καὶ

1000 279 1116 314 φανερὸν
1130 280 1186 310 τοῖς
1210 279 1247 314 μὴ
1270 278 1434 313 φιλονεικεῖν
1448 278 1581 305 ἐθέλουσι·
1600 279 1646 305 διὰ
1665 278 1721 313 γὰρ
1735 278 1787 312 τῆς

999 325 1053 351 τῶν
1068 325 1154 357 ἁγίων
1175 324 1316 358 θεολογίας
1337 325 1353 359 ἡ
1370 324 1469 359 ἔρευνα
1485 325 1592 359 γέγονε,
1613 325 1660 352 καὶ
1684 325 1734 360 οὐχ
1748 324 1789 356 ὡς

999 371 1081 402 αὑτός
1108 379 1202 406 φησιν,
1229 371 1270 398 ὅτι
1293 370 1505 405 προδεδώκαμεν
1529 372 1578 398 καὶ
1601 371 1635 406 ἢν
1660 371 1787 405 εἴχομεν·

1000 418 1080 445 τοῦτο
1094 417 1148 452 γὰρ
1161 418 1207 444 καὶ
1221 417 1267 444 ἐπὶ
1281 418 1372 453 πάσης
1389 418 1584 453 οικουμενικῆς
1599 419 1711 445 συνόδου
1725 418 1788 445 sit.

1000 471 1065 498 γετο
1080 463 1125 495 ἂν,
1141 464 1182 490 ὅτι
1205 464 1253 498 τὴν
1279 464 1392 499 πρώτην
1417 464 1509 491 πίστιν
1526 465 1668 496 ἐάσαντες,
1685 464 1790 499 ἑτέραν

1003 509 1091 544 ἔσχον.
1114 508 1184 536 Ἀλλ’
1200 509 1319 544 οὖδαμοῦ
1335 509 1414 537 τοῦτο
1435 509 1601 545 γέγραπται,
1617 511 1658 536 ὅτι
1674 509 1720 536 διὰ
1735 509 1790 543 τῆς

1001 555 1181 587 ἐξαπλώσεως
1195 555 1290 590 ἑτέραν
1304 555 1396 582 πίστιν
1411 555 1500 590 ἔσχον.
1514 556 1691 591 Μαρτυρήσει
1706 555 1791 582 τοῦτο

1002 600 1049 626 καὶ
1065 601 1078 626 ὁ
1099 601 1128 626 ὲν
1145 601 1233 634 ἁγίοις
1256 600 1381 635 Μάξιμος
1406 601 1435 627 ὲν
1459 601 1498 636 τῷ
1513 601 1791 636 προμνημονευθέντι

1001 646 1074 680 λόγῳ
1096 646 1192 672 αὑτοῦ·
1208 647 1276 681 φησὶ
1294 647 1359 681 γάρ’
1375 646 1435 672 Τίνι
1450 646 1523 682 λόγῳ
1544 648 1592 673 καὶ
1608 648 1666 679 πῶς
1687 647 1739 683 τὴν
1760 650 1794 675 εν

1002 690 1155 724 Καλχηδὲνι
1169 691 1250 724 ἁγίαν
1272 692 1392 724 σύνοδον,
1408 691 1499 719 καίτοι
1524 693 1672 727 πατρικαῖς
1687 693 1794 727 προδή-

1001 735 1054 766 λως
1070 737 1302 772 ἀποχρησαμένην
1318 739 1429 773 φωναῖς,
1445 739 1580 770 αἰτιᾶσθε,
1596 738 1646 765 καὶ
1657 740 1695 770 ὡς
1708 739 1795 766 ἄλλον

1004 782 1121 813 πίστεως
1140 783 1202 817 ὅρον
1219 783 1396 816 εἰσάγουσαν,
1411 783 1475 818 τῇδε
1496 784 1608 811 κάκεῖσε
1624 786 1670 812 καὶ
1685 785 1794 820 ἐγγρά⁴
1823 778 1826 782 ’

170 827 256 854 mini?
271 831 297 853 et
311 827 390 861 quasi
401 835 499 854 novatn
515 827 574 854 liilei
591 823 780 855 definitionem
818 828 950 855 condide‘
967 825 989 854 Β
1004 836 1042 861 φα

1042 837 1060 859 ις
1080 829 1127 854 καὶ
1150 828 1282 862 ἀγράφως
1302 829 1494 866 διαλοιδορεῖτε
1510 832 1557 857 καὶ
1576 831 1793 864 διασκώπτετε;

169 873 216 904 rit.
236 874 337 907 passim
353 874 485 900 conviciis
508 873 581 900 illam
598 877 653 900 tum
667 873 788 908 scriptis.
824 879 881 901 tum
907 873 952 900 di-

169 921 222 946 ctis
235 919 411 954 proscinditis
422 920 433 947 ?
444 919 545 950 Nolite.
573 920 662 955 inquit
676 920 817 953 Dominus,
828 920 954 954 judicare

168 967 310 993 secundum
326 965 431 1000 facie",
453 966 499 993 sed
510 967 616 1000 justum
631 966 764 1000 judicium
779 966 900 1000 judicale
915 966 949 994 ¹⁸.

169 1011 224 1039 Cur
239 1012 266 1041 in
281 1020 333 1039 una
349 1012 500 1046 eademque
516 1011 679 1038 nnatet'iaale
696 1011 824 1038 Patrihus
853 1012 952 1046 synodi

169 1057 401 1084 Chalcedonensis
425 1057 637 1092 conquer-inrui,
653 1062 680 1083 et
701 1057 872 1092 antiquiores
902 1057 954 1085 hoc

169 1105 229 1139 ipso
238 1104 353 1131 crimine
366 1103 507 1132 liberatis?
532 1103 599 1130 Nam
619 1103 642 1130 si
660 1104 726 1130 licet
740 1111 872 1132 arcensare
901 1104 954 1130 Pa-

169 1157 227 1178 tres
241 1150 478 1178 Chalcedonensis
498 1151 620 1182 concilii,
634 1155 664 1177 ut
680 1150 760 1177 aliam
793 1150 855 1177 lidci
884 1150 953 1177 deli-

169 1199 302 1225 nitionem
312 1197 530 1232 promulgantcs,
542 1204 576 1224 eo
588 1197 659 1232 quod
674 1204 755 1224 voces
767 1197 952 1230 adhibuerim,

169 1252 230 1278 quze
247 1251 301 1271 non
316 1243 451 1270 habentur
467 1243 494 1270 in
527 1243 687 1270 deﬁnitione
701 1243 810 1270 Patrum
829 1243 955 1270 Niceno-

169 1299 229 1317 rum
249 1299 257 1322 ;
274 1292 399 1324 sequitur
410 1290 533 1322 onmino,
550 1295 580 1317 ut
607 1291 658 1317 hoc
691 1291 761 1318 idem
779 1291 814 1318 oh
830 1291 953 1318 eamdem

172 1344 284 1364 causam
307 1337 359 1364 dici
379 1337 468 1372 possit
488 1341 516 1363 et
532 1340 627 1364 contra
645 1335 788 1371 Cyrillum,
808 1341 836 1363 et
858 1341 953 1364 contra

170 1387 280 1409 centum
297 1383 495 1417 quinquaginta
514 1382 608 1410 Patres
626 1390 633 1409 :
652 1383 700 1409 sed
716 1383 739 1410 si
770 1383 802 1409 de
819 1382 874 1411 illis
904 1383 957 1410 hoc

170 1428 223 1455 dici
241 1436 295 1456 non
310 1428 386 1461 licet,
405 1435 459 1455 non
477 1427 556 1455 video
568 1435 617 1455 cur
632 1428 712 1455 liceat
724 1428 756 1456 de
769 1428 822 1456 hac
838 1429 953 1464 synodo.

170 1474 248 1507 Quod
266 1475 351 1509 igitur
368 1477 497 1509 paternus
514 1474 600 1501 secuti
616 1481 707 1506 voces,
733 1481 780 1508 per
796 1481 842 1502 eas
871 1475 953 1502 unio-

170 1530 232 1550 nem
249 1521 454 1557 perl‘ecerimus,
468 1521 524 1555 jam
549 1521 769 1548 demonstratum
784 1524 828 1547 est
843 1529 850 1547 :
868 1520 956 1548 idcir-

168 1576 202 1596 co
218 1575 268 1595 nec
284 1568 346 1602 jure
363 1575 415 1595 nos
428 1567 579 1598 insimulat,
601 1567 672 1601 quod
692 1565 848 1600 veritatem,
863 1575 925 1602 qua:
939 1575 954 1594 ο

172 1614 255 1642 nobis
272 1618 341 1645 erat,
361 1613 574 1648 prodiderimus.
590 1612 645 1640 Sed
660 1619 750 1647 neque
761 1619 829 1640 auro
845 1613 955 1640 inhian-

169 1665 211 1688 tes
230 1661 360 1688 unioan
381 1660 549 1688 coniecimus
563 1667 641 1692 ;nam
652 1663 679 1686 ct
692 1660 751 1693 ipso
763 1666 841 1693 atque
859 1666 892 1686 ac
903 1667 955 1687 nos

169 1706 322 1734 constituta
337 1705 439 1733 salaria
466 1704 602 1737 sumebat,
623 1709 652 1732 et
685 1712 829 1732 nummum
857 1710 956 1731 aureo-

169 1761 230 1779 rum
244 1760 344 1788 expers
358 1759 412 1779 non
426 1757 486 1779 erat
499 1759 506 1778 :
523 1752 590 1787 quin
606 1751 689 1779 etiam
705 1751 738 1778 de
750 1751 879 1785 pecunia,
892 1757 954 1785 qua:

169 1799 222 1825 huc
239 1798 322 1824 missa
337 1801 396 1824 erat
413 1797 446 1824 ad
464 1801 650 1824 commeatum
675 1795 874 1830 navigationis,
901 1801 955 1821 nec

171 1851 224 1869 nou
241 1842 372 1875 Venetiis,
401 1847 428 1870 ot
447 1846 588 1869 menstrua
617 1849 678 1876 qum
703 1842 840 1869 dabantur
871 1840 952 1873 inihi,

170 1889 298 1916 similiter
316 1893 343 1916 et
360 1889 418 1923 ipse
439 1888 602 1922 accipiebat.
618 1886 716 1915 Nescio
727 1894 821 1922 porro,
839 1895 874 1914 an
887 1886 953 1921 quia

170 1935 259 1962 sant-ti
276 1934 392 1969 Eugenii
403 1933 561 1968 depinxerit
576 1934 733 1968 imaginem,
758 1937 787 1961 ut
803 1940 862 1960 eam
876 1940 953 1968 papae

169 1982 298 2012 ullerret,
325 1984 352 2005 et
381 1985 537 2006 sermonem
570 1977 605 2005 ad
636 1985 699 2005 eum
731 1977 887 2012 scripserit,
923 1978 949 2003 iu

1004 875 1052 908 Μὴ
1070 876 1134 901 κατ’
1147 875 1220 910 ὄψιν
1231 877 1362 910 κρίνητε,
1378 877 1422 903 διὰ
1437 878 1482 904 τὸν
1493 878 1605 906 εἰπόντα
1618 878 1696 912 Θεὸν,
1709 879 1797 906 ἀλλὰ

1005 921 1061 954 τὴν
1076 921 1196 948 δικαίαν
1213 922 1316 956 κρίσιν
1329 924 1459 957 κρίνατε.
1477 923 1525 955 Τίς
1545 925 1560 958 ἡ
1578 925 1623 950 ἐπὶ
1638 915 1795 959 τῆς-αὑτῆς

1005 967 1052 992 καὶ
1080 967 1143 1000 μιᾶς
1169 967 1323 1000 ὑποθέσεως
1348 968 1402 995 τῶν
1427 969 1456 996 ὲν
1482 970 1633 1005 Καλχηδόνι
1657 971 1796 1004 Πατέρων

1005 1011 1135 1046 Εγκλησις
1151 1013 1238 1046 ὑμῶν,
1255 1014 1301 1040 καὶ
1324 1014 1366 1045 τίς
1388 1015 1405 1049 ἡ
1423 1014 1478 1041 τῶν
1498 1015 1692 1051 προλαϐόντων
1707 1017 1795 1053 ἀνάρ-

1006 1058 1101 1093 ρησις;
1120 1059 1150 1084 El
1173 1059 1227 1094 γάρ
1243 1059 1302 1086 ἐστι
1324 1060 1394 1086 κατὰ
1419 1061 1466 1096 τῆς
1492 1061 1690 1097 Καλχηδονέων
1708 1063 1795 1090 ἄλλον

1005 1104 1145 1131 αἰτιᾶσθαι
1161 1105 1280 1137 πίστεως
1295 1106 1358 1141 ὅρον
1371 1106 1415 1134 διὰ
1430 1108 1478 1139 τὰς
1499 1109 1549 1135 οὐκ
1571 1109 1736 1144 ὲγκειμένας
1752 1110 1795 1145 τῷ

1005 1150 1059 1185 ὅρῳ
1081 1151 1130 1184 τῆς
1151 1151 1278 1178 Νικαέων
1300 1153 1403 1186 φωνὰς,
1424 1154 1504 1180 τοῦτό
1521 1163 1552 1189 γε
1568 1156 1677 1188 πάντως
1694 1157 1795 1191 ἕψεται

1004 1198 1095 1231 λέγειν
1107 1198 1151 1225 διὰ
1163 1198 1213 1233 τὴν
1229 1198 1314 1234 αὐτὴν
1330 1199 1421 1225 αἰτίαν
1438 1200 1484 1226 καὶ
1501 1201 1571 1227 κατὰ
1588 1201 1726 1236 Κυρίλ).ου
1745 1202 1796 1228 καὶ

1005 1244 1076 1271 κατὰ
1088 1244 1142 1269 τῶν
1159 1244 1255 1270 ὲκατδν
1273 1245 1453 1279 πεντήκοντα·
1473 1246 1540 1272 εἰδὲ
1556 1246 1616 1272 κατ’
1633 1247 1726 1273 αὐτῶν
1740 1248 1794 1274 οὐκ

1005 1290 1073 1321 ἔστι,
1090 1289 1147 1320 πῶς
1171 1288 1231 1315 κατ’
1244 1289 1362 1324 ἐκείνης,
1383 1290 1500 1317 συνιδεῖν
1514 1292 1563 1318 οὐκ
1580 1292 1642 1327 ἔχω.
1656 1292 1718 1318 ’Ὁτι
1745 1291 1797 1319 οὖν

1006 1337 1151 1371 πατρικαῖς
1168 1336 1296 1370 ἑπόμενοι
1312 1339 1425 1371 ῳωναῖς,
1438 1337 1481 1363 διὰ
1504 1338 1606 1365 τούτων
1624 1339 1672 1373 τὴν
1690 1339 1796 1366 ἕνωσιν

1006 1382 1199 1416 πεποιήκαμεν
1222 1382 1422 1408 ἀποδέδεικται*
1439 1383 1480 1409 διὸ
1503 1383 1563 1409 οὐδὲ
1579 1384 1691 1416 δικαίως
1708 1387 1799 1418 ἐγκα-

1005 1427 1056 1456 λεῖ.
1069 1427 1111 1453 ὅτι
1127 1427 1161 1462 ἢν
1179 1428 1289 1462 εἴχομεν
1304 1428 1526 1462 προδεδώκαμεν·
1543 1429 1599 1454 ἀλλ’
1617 1430 1677 1457 οὑίὲ
1694 1439 1799 1464 χρυσο-

1007 1473 1106 1509 χοῆσαι
1128 1473 1287 1507 βουλόμενοι
1313 1473 1362 1507 τὴν
1387 1474 1485 1499 Ξνωσιν
1512 1475 1715 1510 πεποιήκαμεν·
1746 1479 1799 1502 καὶ

1007 1520 1062 1554 γὰρ
1074 1518 1120 1545 καὶ
1133 1518 1213 1549 αὐτὸς
1225 1518 1325 1553 ὁμοίως
1341 1519 1406 1553 ἡμῖν
1418 1519 1447 1545 τὸ
1463 1520 1630 1554 τεταγμένον
1643 1521 1797 1555 ἐλάμϐανε,

1007 1564 1055 1591 καὶ
1070 1563 1123 1590 τῶν
1139 1563 1275 1598 χρυσίνων
1289 1563 1433 1599 στατήρων
1449 1564 1499 1590 οὐκ
1512 1565 1646 1600 ἀμέτοχος
1663 1563 1709 1600 ἦν·
1724 1567 1797 1594 sua

1008 1610 1054 1637 καὶ
1069 1610 1100 1636 ὲκ
1115 1609 1169 1636 τῶν
1185 1609 1337 1636 ⁵πταλέντοιιν
1354 1609 1474 1637 ἐνταῦθα
1490 1611 1526 1638 δι’
1537 1611 1630 1645 ἐφόδια
1647 1613 1695 1639 τοῦ
1711 1613 1796 1646 πλοῦ,

1008 1656 1054 1682 καὶ
1081 1657 1110 1682 ἐν
1133 1653 1165 1690 τῇ
1184 1656 1305 1692 Βενετίᾳ,
1329 1657 1377 1683 καὶ
1398 1657 1430 1683 τδ
1452 1658 1524 1685 κατὰ
1553 1657 1627 1692 μῆνα
1653 1659 1795 1694 διδόμενον

1008 1703 1110 1735 ἐκεῖσε,
1126 1702 1229 1736 ὁμοίως
1243 1702 1408 1737 ἐλάμϐανεν.
1426 1704 1483 1730 Οὐκ
1505 1703 1618 1738 οἴδαμεν
1631 1705 1670 1738 δὲ,
1685 1706 1710 1732 εἰ
1726 1706 1794 1732 ειότι

1006 1748 1051 1774 τὸν
1066 1747 1144 1782 ἅγιον
1163 1747 1292 1782 Εὐγένιον
1306 1749 1459 1784 ἱστόρησεν,
1473 1749 1516 1776 ἵνα
1533 1749 1607 1786 δώσῃ
1622 1750 1660 1786 τῷ
1677 1751 1793 1788 πάππα,

1007 1794 1052 1820 καὶ
1067 1794 1108 1819 ὅτι
1128 1795 1357 1829 προσφωνητικδν
1382 1795 1487 1831 ἔγραψε
1510 1796 1577 1831 πρὸς
1594 1798 1710 1831 ἐκεῖνον,
1725 1799 1796 1833 γρά-

1007 1847 1065 1872 φων
1080 1839 1126 1865 καὶ
1144 1838 1233 1865 τοῦτο·
1251 1840 1341 1875 Πάτερ
1361 1840 1500 1876 Ἁϐραάμ,
1514 1841 1616 1877 επαρον
1632 1843 1682 1874 τὰς
1697 1844 1795 1878 χεῖράς

1008 1888 1067 1916 σου,
1089 1885 1137 1912 καὶ
1154 1886 1303 1921 εὐλόγησον
1316 1888 1350 1913 τὰ
1365 1887 1448 1914 τέκνα
1469 1896 1515 1914 σου
1530 1888 1633 1923 ἥκοντα
1650 1889 1681 1922 ἕξ
1698 1890 1772 1926 ἑῴας
1785 1899 1792 1908 ·

1006 1933 1054 1958 καὶ
1080 1931 1118 1966 μὴ
1141 1931 1233 1958 λαϐὼν
1248 1933 1423 1968 ἀντιμισθίαν
1441 1934 1554 1970 τούτων,
1570 1936 1638 1971 μηδὲ
1660 1945 1793 1972 χρυσοχο-

1005 1978 1086 2012 ήσας,
1102 1979 1136 2005 τὰ
1152 1979 1265 2005 τοιαῦτα
1282 1980 1437 2014 ἐρεύγεται.

170 2035 225 2060 ιμιθ
240 2031 338 2060 prater
367 2025 420 2052 alia
461 2025 592 2052 dicebat:
623 2024 702 2052 Pater
723 2025 885 2055 Abraham,
909 2023 985 2051 eleva
1006 2032 1104 2052 manus
1133 2030 1204 2058 tuas,
1239 2031 1266 2054 et
1292 2027 1406 2055 benedic
1435 2028 1496 2056 ﬁliis
1525 2028 1591 2061 tuis,
1612 2030 1657 2066 qui
1683 2031 1730 2058 tibi
1761 2031 1795 2058 ab

169 2073 274 2099 υιξι-ιιιο
290 2071 402 2099 veniunt
417 2079 426 2103 ς
443 2076 473 2098 οι
496 2071 564 2099 nihil
579 2079 612 2099 ex
630 2079 663 2100 eo
681 2071 819 2099 mercedis
839 2070 977 2104 habuerit,
998 2079 1049 2099 nec
1066 2080 1163 2100 aurum
1195 2074 1352 2109 expiscatus
1385 2075 1493 2110 fuerit;-
1513 2077 1672 2112 hujusmodi
1709 2079 1793 2107 verba

170 2130 193 2147 ε.
203 2123 284 2148 uclci.

533 2168 653 2196 EPHES.

209 2214 261 2242 Sed
278 2215 507 2250 quemadmodum
524 2221 586 2242 cum
614 2215 669 2242 illis
689 2214 829 2249 conjuncti
843 2214 954 2246 iuerint,

171 2263 411 2290 considerandum.
424 2262 491 2289 Nam
504 2269 586 2290 onme
596 2262 668 2297 quod
691 2270 752 2289 cum
772 2262 825 2288 alio
837 2261 953 2296 conjun-

171 2311 254 2345 gitnr,
274 2317 322 2344 per
340 2309 451 2344 aliquod
466 2312 541 2336 certe
556 2308 676 2335 medium
688 2308 792 2335 unitur.
811 2308 888 2341 Quod
902 2308 952 2342 igi-

173 2359 216 2380 tur
231 2353 264 2380 ad
280 2353 444 2380 sententiam
459 2353 491 2380 de
503 2353 606 2387 Spiritu
633 2359 731 2381 sancto
756 2353 866 2386 attinet,
902 2353 954 2380 visi

173 2407 238 2426 sunt
251 2399 305 2426 illis
321 2399 464 2434 conjungi,
481 2399 638 2427 sanciontes
654 2400 730 2427 illum
746 2408 760 2427 a
772 2399 840 2427 Filio
870 2399 954 2428 etiam

172 2453 249 2472 suam
264 2445 470 2472 subsistentiam
489 2445 608 2479 habere;
626 2450 654 2473 at
668 2451 768 2474 caetera
787 2446 881 2474 omnia
904 2445 958 2472 dif-

171 2491 274 2524 ferunt,
292 2498 343 2518 nec
359 2495 399 2518 est
416 2491 487 2518 inter
502 2498 551 2519 eos
562 2491 710 2528 quidquam
724 2500 822 2525 unum,
837 2496 885 2518 aut
897 2498 955 2518 me-

172 2537 256 2569 dium,
274 2541 321 2563 aut
332 2544 489 2566 commune.

508 2583 609 2612 RESP.

203 2627 260 2655 Nos
280 2628 369 2656 medio
381 2629 415 2657 ad
429 2630 560 2658 unionem
573 2631 614 2658 usi
628 2639 724 2659 sumus
740 2631 876 2666 theologia
890 2639 953 2658 san-

170 2679 290 2706 ctorum,
307 2681 363 2701 non
376 2675 473 2703 relicto
484 2683 527 2708 eo,
545 2676 617 2710 quod
633 2681 713 2703 antea
733 2676 908 2708 tenebamus,
925 2680 954 2703 ut

170 2718 224 2753 jam
237 2719 304 2747 satis
325 2720 392 2749 bene
423 2721 624 2756 perspicueque
649 2720 868 2748 demonstratum
899 2725 952 2747 est.

225 2808 246 2824 “
259 2808 338 2838 Joan.
351 2817 399 2841 vu,
419 2808 464 2836 24.

1354 2169 1447 2196 ΕΦΕΣ.

1040 2216 1108 2242 Τίνα
1118 2216 1146 2243 δὲ
1159 2216 1206 2242 καὶ
1218 2216 1319 2249 τρόπον
1331 2215 1424 2246 αὐτοῖς
1436 2215 1591 2250 ήνὼοησαν,
1603 2218 1794 2245 ἐπισκεπτέον.

1006 2261 1064 2288 Πᾶν
1089 2262 1144 2295 γὰρ
1169 2261 1202 2287 τὸ
1223 2260 1309 2295 ἑτέρῳ
1334 2260 1479 2294 ἑνούμενον
1494 2260 1528 2286 δι’
1543 2261 1602 2293 ἑνός
1616 2269 1688 2292 τινος
1709 2263 1795 2297 μέσου

1006 2308 1115 2339 πάντως
1132 2307 1248 2335 ἑνοῦται.
1265 2308 1304 2341 Τῇ
1320 2308 1370 2342 μὲν
1384 2304 1431 2333 οὖν
1446 2307 1509 2342 δόξῃ
1522 2309 1555 2342 τῇ
1571 2307 1636 2343 περὶ
1650 2307 1698 2335 τοῦ
1712 2309 1792 2342 ἁγίου

1007 2352 1169 2388 Πνεύματος
1191 2351 1285 2384 ἔδοξαν
1303 2351 1438 2385 ὲνωθῆναι
1464 2353 1513 2378 σὺν
1535 2353 1639 2385 αὐτοῖς,
1654 2352 1794 2387 ἀποφηνά-

1010 2407 1086 2434 μενοι
1102 2400 1149 2425 ml.
1163 2399 1195 2424 ὲκ
1209 2397 1254 2424 τοῦ
1269 2397 1334 2424 Υιοῦ
1356 2397 1435 2424 τοῦτο
1456 2398 1529 2433 ἔχειν
1546 2397 1596 2433 τὴν
1616 2397 1744 2433 ὕπαρξιν·
1759 2398 1794 2425 τὰ

1007 2443 1112 2470 δ’ἁλλα
1139 2443 1229 2469 πάντα
1257 2443 1385 2477 διάφορα,
1404 2444 1452 2469 καὶ
1469 2443 1545 2470 οὐδὲν
1573 2444 1602 2470 ὲν
1630 2444 1723 2475 αὐτοῖς
1753 2443 1792 2476 ἓν,

1006 2489 1068 2516 οὐδὲ
1086 2489 1180 2524 μέσον,
1196 2489 1256 2515 οὐδὲ
1272 2491 1370 2516 κοινόν.

1347 2580 1450 2607 ΑΠΟΛ.

1049 2626 1145 2661 Ἡμεῖς
1168 2625 1211 2652 διὰ
1229 2625 1314 2660 μέσου
1329 2625 1476 2661 ήνώθημεν
1490 2627 1538 2662 τῆς
1560 2627 1614 2654 τῶν
1634 2626 1720 2661 ἁγίων
1737 2625 1795 2653 Osc-

1007 2673 1111 2706 λογίας,
1135 2672 1166 2698 ού
1184 2672 1381 2704 καταλιπόντες
1403 2674 1435 2708 ἣν
1456 2673 1565 2709 εἴχομεν
1591 2673 1735 2709 πρότερον,
1754 2673 1793 2704 ὡς

1007 2718 1252 2753 προαποδέδεικται
1275 2718 1347 2754 μάλα
1365 2719 1455 2751 καλῶς
1473 2720 1519 2747 καὶ
1537 2719 1704 2756 περιφανῶς·
1722 2719 1794 2746 κατὰ
