1861 3068
51 129 92 160 m
328 103 333 107 ’
655 123 807 153 CONTRA
826 120 1042 152 EPIIESIUM.

1612 121 1662 153 134

49 186 92 218 γὰρ
104 183 135 210 τὰ
151 183 257 211 ἄνωθεν
273 184 407 219 εἰρημένο
423 183 498 218 παρὰ
514 182 569 210 τῶν
584 182 720 216 θεοφόρων
738 179 824 207 Πατέ-

913 186 944 206 ιηι
960 177 1039 211 juxta
1055 184 1137 212 supra
1166 178 1265 206 citatas
1288 179 1440 214 sententias
1464 179 1573 217 Patrum
1605 181 1661 208 Dco

51 238 96 264 ρων
112 230 163 256 πᾶν
187 229 218 255 τὸ
232 229 434 264 ἐξαντλούμενον
450 229 497 255 καὶ
510 226 760 262 έπεξεργαζόμενον
773 225 824 252 οὐκ

49 276 185 309 ἀνατρέπει
209 276 243 301 τὺ
258 274 378 309 πρῶτον,
394 275 449 301 οὐκ
463 274 574 305 ἀλλοιοῖ,
591 273 648 300 ἀλλ’
664 272 718 298 οὐδ’
731 272 822 306 ἀμαυ-

51 323 86 356 ροί
100 321 150 347 οὐδ’
169 320 311 355 ἀφανίζει,
331 321 398 348 ἀλλὰ
420 320 521 355 μᾶλλον
543 319 686 352 συνίστησι
704 318 751 344 καὶ
767 317 824 342 δια-

49 369 140 402 τρινοί,
154 369 202 394 καὶ
218 366 411 403 φανερώτερον
423 365 663 400 καθίστησιν.’¹οτι
676 364 704 391 δὲ
722 363 824 398 ἀληθὴς

48 413 61 447 ἡ
74 414 129 446 περὶ
142 411 190 439 τοῦ
205 413 288 446 ἁγίου
304 411 461 446 “veritum;
476 410 539 443 δόξα
552 411 568 445 ἠ
583 411 629 436 καὶ
641 410 672 435 ὲκ
684 408 731 435 τοῦ
744 407 822 439 Υίοῦ,

49 458 295 492 τροσποδέδεικται,
315 458 356 484 ὅτι
372 457 426 484 τῶν
445 456 588 491 μακαρίων
602 455 734 490 Πατέρων
750 453 823 480 ἐστὶν

49 504 144 539 ἡτοινή
169 504 253 539 αὕτη.
279 504 426 537 Μεσότητα
452 503 479 529 δὲ
498 501 553 529 οὐδ’
576 501 644 532 ὅλως
670 502 823 534 ἑνοήσαμεν

49 550 128 584 ἁλι-ην,
146 551 170 575 εί
196 550 236 584 μὴ
269 550 321 583 τὴν
347 549 487 583 ἀλήθειαν,
512 549 545 583 ἣν
564 548 612 574 καὶ
636 546 785 582 Γρηγὸριος
809 546 823 571 ό

50 595 165 627 θεολόγος
182 595 265 630 φησί·
281 595 427 628 Maso-tnta
451 593 479 619 δὲ
503 593 568 619 εταν
596 593 675 623 εῖπω,
691 593 740 625 τὴν
759 591 824 625 ὰλήα

51 640 113 667 ῦειαν
125 640 207 674 λέγω·
221 640 272 668 καὶ
286 639 414 675 ἀλλαχοῦ·
433 638 528 672 Ἰίμεῖς
541 638 570 664 δὲ
588 638 638 674 τὴν
659 637 745 672 μέσην
765 636 823 663 ὁδὸν

52 686 90 712 καὶ
102 685 243 721 βασιλικὴν
267 686 433 720 βαδίζοντες,
452 686 480 711 ὲν
541 684 587 710 καὶ
602 684 632 710 τὸ
647 683 701 710 τῶν
718 682 824 717 ἀρετῶν

50 731 149 766 ἔστηκεν
172 732 340 767 ἀκρότατον.
362 731 471 765 Ταύτην
500 731 585 766 μόνην
612 730 660 765 τὴν
686 729 823 764 μεσότητα

50 777 88 802 καὶ
99 777 174 811 ἡμεῖς
191 777 236 804 ἀεὶ
254 777 409 812 στέργομεν
426 776 539 812 κυρίως,
555 775 655 806 ειδότες
673 777 714 803 ὅτι
729 774 758 801 τὸ
776 773 823 808 μέ-

51 830 87 847 σον
101 823 154 848 ἐστὶ
166 823 214 849 καὶ
228 823 363 855 ένούτιον,
381 823 414 849 τὰ
427 822 455 848 δὲ
471 822 537 857 παρ’
549 822 667 856 ἑκάτερα
679 820 726 846 τοῦ
740 820 823 854 μέσου

51 867 119 894 κακία
138 868 285 900 ἀνούσιος⁶
313 868 360 895 καὶ
383 867 445 894 οὒτε
469 869 501 894 ὲκ
525 867 607 902 μόνου
633 866 680 892 τοῦ
705 865 823 900 Πατρὺς,

51 914 100 940 οὗτε
123 915 174 949 μὴν
194 917 230 941 ὲκ
257 914 342 948 μόνου
367 914 414 941 τοῦ
441 914 506 941 Υίοῠ
524 914 554 940 τδ
577 914 688 948 Πνεῦμα
701 913 731 938 τὸ
747 912 824 945 ἅγιον

51 961 234 996 ἐκπορεύεσθαι
259 961 389 996 λέγομεν,
411 961 480 988 ἀλλὰ
507 960 557 994 τὴν
581 960 668 994 μέσην
689 959 748 985 ὁδὸν
770 958 824 984 τῶν

52 1007 123 1038 ἁγίων
137 1008 183 1033 καὶ
196 1007 229 1033 ἐκ
250 1006 300 1032 τοῦ
319 1006 436 1041 Πατρδς,
453 1006 501 1034 καὶ
519 1005 550 1037 ἐξ
565 1005 642 1037 Υίοῦ,
657 1005 703 1031 καὶ
719 1004 763 1030 διὰ
776 1002 823 1030 τοῦ

53 1052 114 1079 Ποῦ.

387 1143 482 1170 ΕΦΕΣ.

87 1189 159 1216 Ἀλλὰ
169 1190 217 1217 δύο
238 1189 290 1225 μὲν
304 1189 427 1224 σύμϐολα
447 1188 494 1215 καὶ
510 1187 727 1223 παρηλλαγμένα
743 1186 823 1220 λέγε-

54 1235 183 1268 ταιπάλιν,
199 1235 300 1270 ὥσπερ
317 1235 364 1262 καὶ
385 1234 529 1270 πρότερον
546 1234 634 1260 διτταὶ
655 1234 684 1260 δὲ
701 1233 748 1260 καὶ
766 1233 824 1260 διά-

55 1287 119 1314 caput
144 1281 319 1316 λειτουργίαι
344 1280 495 1314 τελοῦνται,
518 1281 535 1316 ὴ
568 1280 617 1314 μὲν
643 1280 677 1306 δι’
705 1279 824 1314 ἰνζύμου

55 1325 142 1359 θυσίας,
156 1327 172 1361 ἡ
187 1327 215 1353 δὲ
229 1327 268 1354 δι’
285 1326 401 1362 ἀζύμου.

378 1372 482 1400 ΔΠΟΛ.

80 1418 125 1444 Δύο
143 1419 191 1454 μὲν
206 1419 335 1454 σύμϐολα
348 1418 397 1445 οῦκ
419 1420 500 1450 εἰσιν,
521 1419 582 1445 οὐδὲ
596 1418 823 1455 παρηλλαγμένα·

55 1463 77 1488 ἐν
89 1464 135 1499 γάρ
151 1465 208 1491 ἐστι
234 1465 268 1491 τὸ
290 1466 339 1498 τῆς
355 1465 474 1496 πίστεως
492 1463 637 1500 σύμϐολον,
655 1464 669 1490 ὅ
684 1464 823 1499 ψάλλομεν

874 223 1033 259 plenorum,
1055 230 1135 250 omne
1148 224 1219 258 quod
1228 225 1391 259 explanatur
1406 230 1433 253 ct
1449 220 1530 253 latius
1542 227 1662 262 explica-

875 274 919 298 tur
932 277 987 296 non
1000 269 1110 301 evertit.
1123 277 1176 297 non
1200 271 1338 302 immutat,
1354 279 1408 298 non
1432 273 1576 304 obscurat.
1607 281 1660 301 non

876 315 944 343 tollit
959 315 1076 349 denique
1095 315 1166 349 quod
1181 316 1257 349 prius
1273 321 1325 348 est,
1341 318 1387 343 Sed
1403 319 1549 344 conﬁrmat
1566 320 1659 354 potius

874 365 901 388 ct
919 360 1050 392 declarat,
1074 360 1278 396 dilucidiusque
1307 363 1459 390 constituit.
1488 363 1554 391 Esse
1578 372 1661 399 porro

875 414 968 434 veram
991 407 1022 433 de
1036 406 1140 441 Spiritu
1157 412 1252 434 sancto
1279 408 1457 440 sententiam,
1475 410 1546 442 quod
1560 417 1574 436 a
1591 409 1660 437 Filio

874 460 982 488 quoque
997 452 1138 487 procedat,
1160 453 1216 487 jam
1243 453 1386 487 probatum
1401 459 1443 480 est
1459 455 1610 488 evidenter,
1627 464 1660 483 eo

874 499 947 532 quod
966 499 1071 525 scilicet
1090 499 1147 526 haec
1163 506 1214 525 vox
1231 506 1245 524 a
1259 499 1364 526 sanctis
1379 499 1505 527 Patribus
1519 502 1660 536 desumpta

874 543 921 570 sit.
940 543 1057 571 Medium
1078 551 1142 577 vero
1159 544 1263 570 nullum
1283 545 1357 571 vcnit
1395 546 1474 572 nobis
1491 546 1517 572 in
1542 553 1658 574 mentem

875 594 972 623 praeter
987 589 1128 615 veritatem
1146 598 1153 616 ι
1176 596 1232 623 quo
1249 589 1330 618 etiam
1341 590 1489 625 Gregorius
1503 591 1660 627 Theologus

875 634 948 661 illam
968 635 1077 662 nomine
1090 640 1169 662 vocat
1183 635 1233 669 (l),
1265 635 1394 668 Medium,
1423 637 1521 671 inquit,
1539 647 1600 664 cum
1618 640 1659 665 ili-

873 688 917 712 co,
934 681 1075 707 veritatem
1093 680 1166 708 dico.
1185 680 1219 707 Et
1234 689 1330 709 rursus
1344 681 1407 709 alibi
1427 683 1464 716 (2)
1478 703 1485 715 ,
1516 684 1571 711 Nos
1583 693 1658 717 vero,

877 727 979 761 inquit,
998 726 1084 752 inedia
1095 727 1224 761 regiaque
1239 727 1280 753 via
1294 728 1460 760 incedentes,
1473 729 1499 756 in
1510 737 1562 764 qua
1575 731 1656 757 ctiam

874 773 1019 800 summitas
1031 772 1163 798 virtutum
1177 772 1315 800 consistit.
1336 772 1392 800 Hoc
1416 782 1499 800 unum
1523 780 1656 809 perpetuo

876 818 954 845 nobis
984 825 1094 852 quoque
1126 817 1244 845 medium
1273 819 1416 852 probatur,
1441 820 1516 855 quod
1548 821 1659 856 proprie

879 863 994 895 talcest,
1012 864 1116 890 scimus
1142 863 1214 889 enim
1246 863 1363 890 medium
1379 871 1441 892 esse
1474 873 1530 892 rem
1561 871 1659 894 natura

878 914 1062 941 constantem,
1077 913 1203 937 extrema
1215 917 1279 938 vero
1297 910 1409 944 malum,
1437 912 1510 946 quod
1522 912 1589 939 nihil
1604 918 1658 940 est.

877 955 971 990 Itaque
982 956 1115 990 Spiritum
1131 960 1256 984 sanctum
1282 964 1370 992 neque
1386 965 1419 985 ex
1429 959 1488 985 solo
1506 958 1597 991 Patre,
1611 966 1660 987 ne-

878 1010 931 1037 que
945 1011 978 1029 ex
989 1002 1129 1035 solo_Filio
1142 1005 1290 1037 procedere
1313 1004 1451 1036 dicimus,‘
1476 1006 1523 1032 sed
1539 1006 1657 1033 mediam

879 1052 1005 1075 tenentes
1020 1053 1181 1076 sanctorum
1195 1050 1278 1082 viam,
1298 1049 1415 1077 fatemur
1429 1054 1455 1077 et
1467 1057 1499 1077 ex
1515 1051 1604 1084 Patre,
1633 1056 1660 1078 ct

877 1100 909 1121 ex
922 1092 1001 1124 Filio,
1019 1093 1076 1120 sive
1091 1101 1139 1128 per
1152 1094 1262 1122 Filium.

1209 1141 1329 1168 EPIIES.

914 1185 966 1213 Sed
992 1186 1046 1213 duo
1061 1186 1168 1213 diversa
1185 1187 1313 1222 Symbola
1331 1195 1403 1215 nunc
1413 1196 1523 1223 quoque
1536 1189 1658 1216 recitan-

878 1236 938 1264 tur,
957 1232 1028 1260 sicut
1044 1237 1072 1259 et
1095 1238 1197 1265 antea;
1219 1233 1274 1260 duo
1291 1241 1400 1268 quoque
1421 1240 1485 1261 sunt
1505 1234 1658 1262 differentia

877 1279 1076 1306 sacriﬁciorum
1088 1286 1200 1314 genera,
1224 1280 1340 1307 alterum
1358 1281 1428 1314 quod
1443 1289 1511 1316 pauc
1541 1282 1662 1309 formon-

878 1329 936 1353 tato
951 1325 1107 1358 conﬁcitur,
1125 1326 1240 1353 alterum
1260 1326 1332 1361 quod
1345 1334 1451 1362 azymo.

1219 1372 1318 1399 RESP.

913 1417 972 1444 Duo
981 1422 1054 1444 certe
1073 1417 1201 1452 Symbola
1218 1425 1269 1444 non
1294 1424 1366 1452 sunl,
1383 1426 1432 1446 nec
1447 1420 1553 1449 diversa
1573 1430 1579 1448 :
1596 1429 1660 1449 nam

877 1463 941 1490 ﬁdei
955 1463 1122 1498 Symbolum,
1136 1465 1207 1498 quod
1217 1471 1265 1492 nos
1279 1469 1305 1491 et
1319 1464 1408 1492 Latini
1427 1466 1564 1498 canimus.
1576 1475 1659 1494 unum

57 1510 120 1543 ἡμεῖς
131 1519 158 1537 τε
169 1512 218 1538 καὶ
233 1511 358 1537 Λατῖνοι·
375 1511 405 1537 οὐ
421 1510 475 1545 γὰρ
495 1509 540 1537 διὰ
553 1510 603 1545 τὴν
616 1509 775 1545 σαφήνειαν,
793 1510 824 1544 ἣν

913 1515 921 1537 ι
937 1518 945 1543 ;
961 1516 1049 1545 neque
1065 1509 1139 1537 enim
1155 1510 1189 1537 ob
1202 1510 1427 1545 declarationem,
1446 1519 1527 1546 quam
1542 1513 1581 1540 illi
1614 1520 1661 1547 3p—

57 1555 145 1587 ἐδέξατο
157 1556 225 1591 παρ’
245 1555 371 1588 ἐκείνων,
390 1556 441 1591 ἤδη
460 1555 526 1582 ἄλλο
540 1555 677 1590 σύμϐολόν
692 1556 777 1582 ἔστιν.
795 1556 826 1582 Et

56 1601 78 1626 δὲ
96 1604 136 1628 aut
150 1602 198 1628 δύο
216 1600 304 1637 ἦσαν,
319 1602 374 1627 οὐδ’
389 1601 475 1633 οὕτως
490 1601 523 1628 ἂν
539 1601 686 1628 ἐκαλοῦντο
706 1601 762 1628 δύο·
781 1602 826 1629 καὶ

55 1648 96 1682 γὰρ
109 1649 152 1674 καὶ
168 1648 198 1675 τὸ
215 1649 247 1674 ἑν
272 1647 374 1683 Νικαίᾳ
389 1647 524 1682 σύμϐολόν
539 1647 614 1674 ἐστιν
634 1647 709 1679 ἄλλο,
728 1647 775 1674 καὶ
796 1646 827 1674 τὸ

56 1694 98 1720 τείν
110 1694 270 1722 ἀποστόλων
285 1694 389 1729 ἕτερον·
406 1693 474 1720 ἀλλὰ
489 1694 561 1721 κατὰ
577 1693 623 1720 τὸν
641 1693 705 1721 νοῦν
722 1694 752 1720 οὺ
769 1694 826 1721 δια-

57 1740 162 1774 φέρουσι,
172 1740 218 1767 διὰ
243 1739 327 1766 τοῦτο
345 1739 405 1766 οὐδὲ
427 1739 654 1775 παρηλλαγμένα.
677 1740 771 1766 Διτταὶ
796 1739 826 1766 δὲ

55 1784 203 1820 λῃτουργίαι
219 1785 286 1813 οΰττ
301 1785 381 1818 εἰσὶν,
395 1785 457 1812 οὕτε
469 1785 605 1820 λέγονται,
614 1785 682 1812 διότι
696 1784 736 1817 εἷς
749 1787 826 1812 ἐστιν

55 1832 166 1864 ὀσκοπὺς
181 1833 229 1860 τοῦ
245 1833 294 1860 τὶν
310 1832 384 1867 ἱερέα
398 1832 539 1867 ὑπηρέτην
557 1832 686 1866 γενέσθαι
702 1833 751 1867 τῆς
769 1840 826 1859 τοι·

57 1879 125 1912 αὑτης
140 1880 250 1911 θυσίας·
268 1879 317 1905 καὶ
334 1879 436 1914 ταύτην
448 1878 506 1914 ἔχει
524 1878 651 1913 θεμέλιον
667 1879 720 1910 πᾶς
735 1878 825 1913 ἱερεὺς

58 1926 190 1961 ἀρχόμενος
205 1926 260 1960 τῆς
283 1924 360 1956 θείας
386 1925 593 1960 μυσταγωγίας,
616 1923 666 1959 τὴν
691 1923 825 1960 κυριακὴν

59 1971 190 2007 ςωνὴν,ἢν
212 1973 227 1998 ὸ
246 1970 350 2005 Κύριος
371 1970 523 2006 προήκατοο
547 1969 638 1997 Τοῦτο
656 1969 766 1997 ποιεῖτε
782 1970 826 2002 είς

58 2017 101 2050 τὴν
115 2019 188 2052 ἐμὴν
202 2017 391 2052 ἀνάμνησιν,
407 2016 453 2043 διὰ
467 2016 514 2043 τοῦ
530 2017 562 2043 ἐκ
582 2015 629 2042 τοῦ
649 2015 723 2042 σίτου
741 2015 825 2051 ἄρτου

57 2064 93 2089 ut
106 2064 149 2090 τοῦ
162 2065 238 2091 οἴνου
257 2063 305 2089 καὶ
322 2062 370 2089 τοῦ
384 2061 492 2094 ὕδατος·
510 2061 579 2090 ὥστε
595 2062 638 2089 διὰ
652 2062 764 2095 τούτων,
778 2063 825 2089 καὶ

57 2110 90 2136 διὰ
103 2111 187 2146 πάσης
205 2109 331 2143 τελετῆς,
348 2110 394 2136 καὶ
409 2109 464 2135 τῶν
485 2109 626 2143 κυριακῶν
640 2110 720 2136 θείων
735 2109 824 2144 ῥημά-

58 2164 108 2189 των,
123 2158 166 2183 καὶ
179 2156 229 2183 τοῦ
248 2155 444 2190 θυσιαστηρίου
459 2155 595 2182 τελεῖσθαι
612 2155 642 2182 τὸ
662 2155 823 2190 μυστήριον,

56 2204 93 2228 ut
106 2203 224 2236 γίνεσθαι
242 2202 324 2236 σῶμα
337 2203 383 2228 καὶ
396 2199 467 2236 αἷμα
482 2201 536 2230 τοῦ.
550 2201 676 2237 Σωτῆρος
692 2202 822 2236 Χριστοῦ,

57 2248 124 2276 αὑτοῦ
140 2248 355 2284 μεταποιοῦντος
370 2249 401 2283 τῇ
424 2247 618 2282 παντοδυνὰμῳ
633 2247 751 2283 θεότητι.
771 2248 825 2274 Καὶ

58 2295 122 2326 κῦτος
133 2296 160 2322 δὲ
171 2297 185 2322 ὀ
197 2295 291 2330 τίμιος
304 2294 373 2329 ἀνὴρ
387 2295 562 2330 ὁμολογήσει,
582 2294 623 2320 ὅτι
641 2295 688 2320 καὶ
705 2293 759 2329 πρὸ
775 2295 825 2320 τοῦ

58 2341 115 2374 ἱεροῦ
127 2342 269 2369 Βασιλείου
285 2341 388 2368 καὶτοῦ
401 2340 473 2368 θείου
494 2341 690 2376 Χρυσοπόμου
702 2341 719 2376 ἡ
730 2340 825 2376 τελετὴ

59 2388 97 2420 τῆς
110 2387 179 2419 θείας
194 2386 367 2422 λειτουργίας
389 2387 419 2414 οὐ
434 2386 580 2419 διέλειπεν,
595 2386 652 2414 ἀλλ’
666 2387 697 2413 οὐ
710 2387 754 2415 διὰ
770 2387 826 2414 τῶν

60 2434 173 2461 ἐκθέσεων
183 2434 239 2462 τῶν
257 2433 409 2469 είρημένων
426 2433 512 2468 ἁγίων
534 2433 661 2460 ἐτελεῖτο·
677 2433 737 2465 πῶς
759 2433 823 2469 γὰρ,

62 2481 131 2515 μήπω
144 2481 313 2514 γεγονότων;
333 2480 388 2507 Καὶ
402 2480 487 2507 πάλιν
503 2480 669 2516 γενομένων,
688 2480 776 2512 οὐδεὶς
793 2480 827 2507 ἂν

61 2526 106 2560 tto:
115 2527 207 2559 δεῖξαι,
223 2528 253 2552 έν
266 2527 323 2557 τοῖς
338 2527 477 2561 ἑσπερίοις
489 2526 534 2553 διὰ
552 2526 609 2553 τῶν
624 2526 759 2553 ἐκθέσεων
773 2526 827 2553 τῶν

63 2573 196 2606 εὲρημένων
219 2573 307 2606 ἁγίων
321 2572 437 2598 ἐτελεῖτο
462 2572 478 2607 ἠ
503 2571 621 2607 μυστικὴ
639 2571 708 2607 αὕτη
734 2572 826 2599 θυσία·

63 2618 108 2643 an“
120 2619 246 2646 οὐδέποτε
269 2618 356 2645 διτταὶ
379 2619 550 2654 λειτουργίαι
575 2619 737 2654 ἐρρέθησαν,
759 2618 826 2645 διότι

65 2665 129 2700 μίση
147 2665 190 2693 Eii
215 2665 271 2691 τῶν
296 2664 377 2691 θείων
401 2665 543 2700 ῥημάτων,
566 2667 615 2693 καὶ
636 2665 683 2692 τοῦ
714 2665 826 2698 σκοποῦ,

63 2709 100 2734 ut
123 2711 168 2744 τῆς
195 2709 274 2744 ὕλης,
303 2709 351 2736 καὶ
374 2710 421 2737 τοῦ
454 2711 549 2747 ἱερέως
581 2712 719 2746 ὑπηρέτου
749 2710 826 2743 τάξιν

64 2755 163 2788 ἔχοντος,
177 2757 224 2783 καὶ
241 2756 290 2790 τῆς
315 2756 417 2784 ἄνωθεν
433 2757 509 2789 θείας
535 2757 646 2794 χάριτος
663 2757 823 2793 τελουμένη.

93 2847 123 2880 (l)
135 2848 208 2876 Orat.
224 2850 257 2877 de
273 2849 355 2877 tlieol.
375 2858 394 2878 I.

878 1559 1040 1590 posuerunt,
1056 1555 1130 1582 aliud
1147 1561 1294 1591 propterea
1318 1556 1478 1591 Symbolum
1504 1562 1555 1586 est.
1582 1558 1659 1591 Quod

877 1602 901 1629 si
912 1601 994 1628 etiam
1007 1601 1060 1628 duo
1078 1608 1181 1635 essent,
1209 1610 1243 1629 ne
1271 1607 1334 1629 tunc
1363 1603 1473 1638 quidem
1495 1610 1661 1633 vocarentur

877 1647 932 1674 duo
947 1667 955 1681 ,
983 1647 1118 1682 siquidem
1140 1648 1214 1675 aliud
1235 1648 1343 1676 Patrum
1369 1648 1553 1683 Nicanorum,
1585 1651 1660 1679 aliud

876 1693 1061 1729 apostolorum
1072 1693 1230 1729 Symbolum
1247 1699 1306 1728 est;
1320 1695 1377 1723 hmo
1392 1700 1481 1723 tamen
1494 1697 1558 1730 quia
1575 1704 1660 1725 sensu

877 1748 930 1767 non
942 1739 1083 1774 diﬁcrunt,
1098 1748 1272 1776 nequaquam
1297 1742 1407 1770 diversa
1427 1747 1571 1770 vocantur.
1602 1743 1661 1771 Duo

876 1794 986 1821 quoque
1001 1787 1197 1815 sacriﬁciorum
1228 1795 1327 1822 genera
1346 1795 1395 1815 nec
1410 1791 1485 1820 sunt,
1499 1796 1550 1816 nec
1566 1789 1664 1816 dicun-

876 1836 933 1864 tur,
951 1832 1079 1866 quoniam
1099 1839 1200 1867 scopus
1215 1840 1287 1860 unus
1303 1837 1353 1865 est,
1364 1837 1393 1860 ut
1407 1833 1513 1860 scilicet
1529 1834 1659 1862 sacerdos

877 1878 922 1905 ﬁat
935 1879 1060 1906 minister
1078 1879 1158 1913 hujus
1169 1878 1296 1906 sacriﬁcii
1313 1889 1318 1906 :
1337 1883 1363 1905 ct
1384 1879 1433 1906 hoc
1449 1884 1491 1906 est
1507 1880 1582 1907 omni
1608 1887 1654 1907 Sa-

876 1924 979 1952 cerdoti
995 1924 1084 1951 sacris
1106 1929 1253 1959 operaturo
1271 1923 1491 1958 fundamentum,
1518 1924 1662 1953 Dominica

876 1978 928 1998 vox
943 1977 1024 2005 quam
1042 1970 1157 2005 protulit
1175 1969 1306 1998 Dominus
1320 1981 1326 1998 :
1340 1970 1398 1997 Hoc
1427 1971 1506 2006 facile
1521 1972 1549 1998 in
1574 1979 1660 1999 meam

876 2016 1162 2048 commemorationem,
1179 2024 1228 2051 per
1241 2017 1380 2045 triticeum
1409 2024 1507 2052 panem
1522 2023 1548 2045 et
1565 2008 1658 2045 viuum

876 2069 937 2088 cum
951 2069 1042 2097 aqua;
1061 2065 1157 2096 ut'per
1174 2062 1242 2094 haec.
1264 2066 1291 2089 et
1303 2062 1374 2090 ritus
1393 2069 1498 2096 omnes,
1514 2067 1540 2090 et
1568 2071 1661 2091 sacra-

877 2108 982 2135 tissima
1002 2108 1110 2135 Domini
1125 2108 1252 2143 verba,et
1268 2109 1364 2142 altare,
1380 2110 1540 2145 perﬁciatur
1556 2115 1659 2145 mystc-

876 2155 961 2186 rium,
977 2155 1078 2189 ﬁatque
1090 2161 1190 2190 corpus
1205 2158 1233 2182 et
1248 2155 1360 2190 sanguis
1377 2155 1481 2183 Christi
1495 2155 1662 2189 Salvatoris,

877 2201 994 2236 ipsomet
1022 2205 1223 2228 transmutante
1257 2201 1453 2236 omnipatentis
1479 2203 1505 2229 vi
1538 2203 1660 2231 deitatis.

875 2248 943 2275 Nam
959 2249 1053 2283 etipse
1082 2248 1245 2276 venerabilis
1265 2247 1400 2283 Ephesius
1414 2247 1558 2281 fatebitur,
1590 2249 1663 2276 divi-

877 2303 942 2322 num
971 2295 1138 2323 sacriﬁcium
1171 2295 1305 2322 celebrari
1340 2295 1449 2322 solitum
1477 2295 1561 2322 etiam
1597 2300 1663 2322 ante

878 2346 1001 2376 tempora
1020 2345 1180 2369 sanctorum
1201 2341 1296 2368 Basilii
1323 2345 1350 2368 et
1375 2340 1573 2375 Chrysostomi,
1605 2348 1664 2368 non

878 2393 967 2416 tamen
984 2395 1017 2416 eo
1033 2388 1099 2419 ritu,
1116 2395 1197 2422 quem
1215 2387 1265 2423 ipsi
1293 2391 1483 2422 exposuerunt
1501 2395 1508 2414 :
1534 2387 1663 2421 quinam,

878 2442 939 2463 cum
954 2434 1118 2470 posteriores
1133 2435 1171 2461 illi
1189 2434 1311 2461 fuerint?
1324 2434 1355 2460 Et
1380 2437 1524 2468 postquam
1542 2431 1585 2459 illi’
1601 2440 1666 2459 uno-

878 2482 942 2509 dum
961 2470 1117 2508 celebrandi
1129 2480 1241 2509 missam
1257 2487 1422 2515 exposuere,
1439 2486 1519 2506 nemo
1544 2478 1665 2513 probare

879 2528 990 2563 poterit,
1005 2525 1208 2554 Occidentaicm
1232 2524 1382 2552 Ecclesiam
1408 2531 1441 2552 eo
1467 2523 1548 2551 modo
1575 2523 1663 2550 fuisse

879 2581 957 2602 usam
979 2581 1054 2600 :nec
1076 2576 1166 2599 tamen
1183 2571 1237 2598 duo
1256 2571 1430 2598 sacriﬁcandi
1459 2577 1559 2605 genera
1590 2570 1665 2597 dicta

881 2626 999 2653 unquam
1017 2623 1092 2649 sunt,
1120 2624 1152 2644 eo
1163 2616 1233 2651 quod
1258 2623 1311 2642 una
1334 2615 1479 2643 sitvocum
1509 2615 1663 2642 divinarum

883 2666 983 2698 virtus,
999 2669 1026 2692 et
1042 2662 1170 2694 intentio,
1185 2666 1213 2689 et
1240 2661 1365 2694 materia,
1382 2665 1409 2688 et
1434 2661 1584 2689 sacerdotis
1613 2659 1664 2687 mi-
1713 2689 1715 2691 _

882 2711 998 2740 nisterio
1011 2708 1150 2743 iungentis
1163 2706 1294 2738 facultas,
1313 2710 1339 2733 et
1362 2705 1481 2733 coelestia
1498 2706 1583 2740 gratia
1604 2713 1664 2740 qua:

881 2760 1020 2792 operatur.
1037 2754 1117 2787 Nam,
1132 2757 1161 2780 nt
1177 2759 1261 2787 supra
1282 2751 1383 2778 dictum
1401 2755 1453 2784 est,
1483 2751 1599 2778 intentio
1624 2755 1664 2777 cst

878 2855 881 2858 ‘
915 2848 952 2883 (2)
968 2846 1045 2874 Orat.
1059 2845 1193 2881 apologct.
