1861 3068
176 93 227 126 135

626 89 820 120 GREGORII
843 88 994 119 MAMM/E
1010 88 1069 119 (ΖΡ.
1086 84 1344 118 ΡΑΤΒῘΑΒΕΗᾹΞ

1753 80 1808 113 136

174 149 338 179 conﬁciendi
361 148 433 184 quod
463 147 533 175 dixit
564 146 719 174 Dominus:
743 145 800 172 Hoc
828 145 908 180 facite
936 145 962 171 in
978 147 999 175 Α
1016 144 1070 171 Καὶ
1095 145 1155 178 γὰρ

1033 145 1070 170 ἰαὶ
1095 145 1161 178 γὰρ,
1188 144 1226 173 ὡς
1256 141 1426 177 προείρηται,
1456 140 1469 166 ὁ
1494 138 1596 169 σκοπός
1612 138 1697 169 ἐστιν,
1721 138 1765 164 ὅτι
1793 139 1804 163 έ

175 204 257 223 meam
271 194 557 224 commemorationem,
573 192 684 219 materia
699 191 797 223 farina,
812 191 869 219 sive
882 190 961 226 panis

176 241 309 272 triticeus,
328 243 355 268 et
369 239 463 267 vinum
482 245 544 266 eum
557 244 640 272 aqua,
659 243 741 270 super
757 243 817 270 quas
831 235 962 262 Dominus

150 319 155 323 .
176 284 243 311 dixit
261 293 268 310 :
286 284 342 310 Hoc
356 287 393 310 est
418 290 514 316 corpus
541 288 626 308 meum
641 289 651 313 ,'
666 285 693 307 et
709 290 716 307 :
735 279 786 306 llic
798 285 836 307 est
852 280 961 314 sanguis

176 337 264 361 meus,
280 328 364 363 ﬁtque
398 328 513 354 materia
530 327 588 354 hac
611 333 718 360 semper
750 332 850 359 corpus
875 325 961 359 ipsius

176 376 277 403 virtute
289 375 350 409 ejus
364 374 412 409 qui
431 374 488 400 hate
502 376 678 400 transmutat.
693 372 785 400 Unum
804 375 847 398 est
879 371 963 405 igitur

175 421 228 449 hoc
245 419 424 452 sacriﬁcium,
446 418 509 445 dum
529 418 574 445 liat
591 418 671 453 juxta
700 424 824 444 normam
839 421 866 443 et
895 423 958 450 prte-

175 466 308 501 seriptum
325 465 405 492 nobis
417 472 431 492 a
447 464 561 492 Domino
587 463 730 495 traditum,
748 467 777 489 ut
792 462 961 496 eXpiicatum

175 517 229 541 est.
243 513 279 540 De
298 519 393 547 azymo
411 518 476 538 vero
493 515 522 538 et
545 509 707 537 fermentato
736 509 791 543 jam
806 508 886 535 allata
916 507 962 534 de-

176 559 340 586 monstratio
353 561 396 585 est
412 566 419 590 ;
440 564 501 583 nam
514 559 628 583 sanctus
650 555 729 581 Pater
745 553 961 588 Chrysmtomus

176 604 289 632 homilia
324 603 550 640 quinquagesima
578 602 604 629 in
638 601 820 628 Matth-stum:
841 599 961 632 Credite,

176 652 286 685 inquit;
299 650 344 677 illa
361 657 434 677 nunc
451 649 533 681 etiam
554 655 633 675 creua
660 647 700 678 iit,
717 647 745 673 in
761 654 814 681 qua
844 650 870 672 et
900 645 958 680 ipse

177 696 375 728 accumbebat;
392 695 460 722 nihil
475 694 547 722 enim
561 693 621 720 hrcc
640 691 732 719 diiiert
745 691 778 718 ab
816 691 872 722 illa,
898 698 960 718 cum

176 750 230 770 non
242 742 325 769 homo
340 741 396 773 hic,
409 741 468 775 ipse
488 747 554 767 vero
567 739 624 766 illic
646 739 683 766 sit
700 742 841 772 operatus.
858 735 960 763 Verum

175 789 242 816 satis
254 789 400 823 probatum
416 789 467 817 est.
482 785 548 820 quid
563 785 599 812 sit
615 783 649 811 de
664 783 716 810 hoc
743 782 874 817 mysterio
897 789 960 809 scn-

1013 190 1115 224 Κύριος
1147 187 1207 215 εἷπε
1224 195 1231 203 ·
1264 187 1356 214 Τοῦτο
1392 185 1503 212 ποιεῖτε
1544 186 1589 217 εις
1623 183 1681 217 τὴν
1724 183 1804 217 ἐμὴν

1012 234 1199 269 ἀνάμνησιν
1224 233 1273 267 ὕλη
1295 234 1307 258 ὁ
1323 233 1355 258 ἐκ
1377 230 1424 257 τοῦ
1446 231 1518 257 σίτου
1539 230 1650 262 ἄλευρος
1678 229 1740 262 ἦτοι
1756 229 1804 261 ἆρ-

1012 290 1070 311 τος,
1085 281 1132 306 καὶ
1145 281 1159 306 ὁ
1173 279 1256 310 οἶνος,
1274 279 1321 305 καὶ
1335 277 1365 304 τὸ
1379 277 1461 312 ὕδωρ,
1479 276 1520 310 ἐφ’
1536 274 1576 307 οἷς
1589 276 1602 301 ὁ
1615 274 1717 308 Κύριος
1730 274 1806 300 εἶπε·

1012 327 1106 354 Τοῦτό
1119 325 1188 352 ἐστι
1201 325 1234 352 τὸ
1246 324 1334 359 σῶμά
1342 332 1413 359 μου.
1427 323 1485 355 καὶ,
1504 322 1596 349 Τοῦτό
1613 321 1679 347 ἐστι
1688 321 1722 347 τὸ
1730 318 1807 354 αἷμά

1010 381 1079 408 pav'
1099 372 1146 400 καὶ
1159 372 1200 398 ἀεὶ
1218 373 1258 403 εἰς
1276 371 1355 405 σῶμα
1371 369 1456 397 αὐτοῦ
1472 371 1489 405 ἡ
1507 369 1556 405 ὕλη
1575 368 1681 403 γίνεται
1700 369 1735 402 τῇ
1756 367 1807 393 ’τοῦ

1014 417 1229 453 μεταποιοῦντος
1244 417 1313 443 αὐτὰ
1324 417 1449 451 δυνάμει.
1470 415 1530 443 Μία
1542 412 1589 442 οὖν
1603 414 1705 448 ἔστινὴ
1722 413 1807 439 θυσία

1013 463 1095 497 αὕτη.
1110 464 1134 488 εἰ
1151 463 1231 496 μόνον
1254 462 1325 488 κατᾶ
1341 462 1386 488 τὸν
1403 461 1593 497 παραδοθέντα
1605 460 1672 494 ἡμῖν
1691 459 1747 485 ὑπὸ
1757 458 1808 484 τοῦ

1014 509 1118 544 Κυρίου
1132 509 1195 543 ὅρον
1209 517 1238 535 τε
1254 509 1301 534 καὶ
1316 507 1394 542 λόγον
1406 508 1545 540 τελεῖται,
1576 505 1670 537 καθὼς
1698 505 1808 541 ἐδηλώ-

1014 563 1112 588 σαμεν.
1131 555 1201 589 Περὶ⁴
1218 554 1246 580 δὲ
1262 554 1297 580 δι’
1315 554 1434 588 ὲνξύμου
1485 553 1519 580 δι’
1547 552 1655 586 ἀζύμου
1678 560 1809 586 προαπε-

1011 599 1121 635 δείχθηο
1137 601 1184 626 καὶ
1198 599 1252 635 γὰρ
1269 601 1283 626 ὸ
1298 599 1370 635 ἱερὸς
1397 598 1594 634 Χρυσόστομος
1608 599 1637 624 ἐν
1653 599 1686 632 τῇ
1705 600 1729 624 ν’
1742 598 1810 631 ὁμι-

1013 647 1059 682 λίᾳ
1082 647 1130 673 τοῦ
1156 646 1227 673 κατὰ
1243 646 1382 673 Ματθαῖόν
1408 654 1492 681 φησι·
1508 645 1674 672 Πιστεύσατε
1696 644 1809 675 τοίνυν,

1013 692 1102 718 ἐκεῖνο
1118 691 1166 718 κα)⁸
1180 691 1229 718 νῦν
1248 691 1278 717 τὺ
1305 690 1413 717 δεῖπνόν
1434 691 1518 721 ἐστιν,
1547 691 1576 715 ὲν
1599 686 1620 722 ᾦ
1643 688 1692 715 καὶ
1722 688 1810 718 αὐτὸς

1019 738 1155 764 ἀνέκειιοο
1173 737 1252 764 οὐδὲν
1265 737 1318 771 γὰρ
1341 737 1446 764 ἐκείνου
1463 735 1543 762 τοῦτο
1561 735 1714 769 διενήνοχεν
1725 741 1732 748 ⁸
1744 734 1810 760 οὐδὲ

1012 786 1067 819 γὰρ
1083 784 1160 811 τοῦτο
1174 784 1223 819 μὲν
1238 784 1382 818 ἄνθρωπος
1416 783 1574 817 ἐργάζεται,
1596 782 1684 808 ἐκεῖνο
1707 780 1738 806 δὲ
1758 780 1810 806 αὖ·

177 834 309 862 tiendum.
334 832 364 860 ln
390 833 477 860 nostri
508 838 590 866 porro
618 829 699 856 oﬂicii
725 828 898 860 lectionibus,
927 827 961 855 de
978 827 1069 861 Βτός.
1092 830 1154 856 ’Δλλ

1033 830 1069 861 ές.
1092 830 1173 856 ’Δλλὰ
1186 830 1215 856 τὺ
1228 830 1292 864 περὶ
1319 830 1469 864 μυστηρίου
1499 827 1658 864 ἀρκούντως
1681 825 1810 860 ἐδείχθη.

176 880 255 907 beato
267 877 399 913 Gregorio
421 884 516 904 mense
542 875 640 902 Martio
669 878 696 901 et
726 873 779 901 hoc
803 873 960 900 habemus:

177 922 456 959 Gregoriusemedio
483 922 543 948 vitae
560 920 697 952 sublatus,
728 923 755 946 et
782 919 808 946 in
843 918 961 945 medium

178 970 338 1004 angelorum
350 973 452 996 coetum
462 971 604 994 evocatus.
633 966 690 992 Et:
716 964 834 992 Sanctus
859 964 962 998 Grego-

179 1016 237 1043 rius
262 1016 288 1042 in
303 1015 377 1042 omni
399 1013 578 1042 scientiarum
607 1019 706 1047 genere
721 1015 747 1039 et
762 1011 789 1037 in
809 1010 962 1045 Scripturis

178 1065 303 1088 versatus
320 1059 419 1087 multos
434 1067 448 1085 a
472 1066 502 1085 se
529 1057 698 1092 compositos
730 1056 815 1083 libros
840 1055 960 1091 reliquit.

178 1107 209 1134 ιςι
227 1106 324 1141 paucis
339 1104 493 1139 interiectis
510 1112 517 1131 :
536 1103 595 1130 Non
607 1102 864 1137 humanis,.inquit,
879 1102 962 1128 ratio-

177 1151 365 1180 cinationibus
381 1155 407 1178 et
422 1150 546 1177 studiosa
576 1153 682 1176 tantum
713 1147 867 1175 eruditione
897 1154 962 1174 con-

177 1199 306 1232 scriptos,
321 1196 369 1223 sed
384 1203 431 1230 per
456 1193 588 1229 Spiritum
617 1197 754 1225 sanctum,
784 1194 963 1227 quemadmo-

178 1244 241 1270 dum
255 1250 287 1270 eo
305 1243 358 1268 vita
375 1241 470 1268 functo
485 1240 582 1267 Petrus
595 1239 806 1266 archidiaconus
826 1238 886 1272 eius
898 1245 962 1264 nar-

182 1289 263 1314 ravit.
281 1285 373 1314 Visam
389 1286 463 1314 enim
481 1293 496 1312 a
512 1292 540 1312 se
559 1285 650 1311 aiebat
679 1284 768 1311 albam
789 1283 959 1316 columbam,

178 1335 242 1359 dum
262 1333 305 1359 ille
323 1331 467 1364 scriberet,
483 1331 517 1358 ad
541 1338 571 1357 os
585 1330 645 1365 ejus
656 1329 839 1361 advolantem,
869 1332 897 1356 et
915 1335 962 1355 ve-

180 1377 227 1404 luti
248 1381 439 1412 suggerentem
454 1379 481 1403 et
496 1375 644 1402 dictantem
669 1382 730 1410 quae
756 1374 962 1401 scribebantur.

180 1423 212 1450 Et
225 1430 278 1450 non
294 1423 378 1449 multo
390 1425 452 1457 post
467 1421 577 1449 pAiunt
600 1425 690 1448 autem
705 1429 737 1448 ex
752 1421 835 1456 hujus
855 1420 965 1448 institui

181 1470 254 1497 tione
267 1469 379 1501 factum,
412 1471 442 1495 ut
467 1467 699 1502 quadragesima“
735 1471 859 1502 tempore
892 1467 963 1502 apud

181 1516 320 1542 Romanos
337 1514 426 1541 Missa:
440 1512 607 1540 sacriﬁcium
639 1513 776 1548 integrum
804 1518 962 1548 peragatur,

180 1562 252 1597 quod
271 1561 341 1596 apud
358 1560 418 1588 illos
443 1559 578 1594 hodieque
592 1564 728 1586 servatur.
748 1558 800 1586 Sed
825 1566 879 1587 non
902 1566 965 1594 pro-

181 1615 271 1642 pterca
286 1606 416 1641 disiuncti
431 1605 544 1638 fuimus,
568 1612 655 1639 neque
668 1605 740 1632 illius
754 1605 804 1632 aevi
838 1606 963 1633 homines

181 1655 234 1681 duo
251 1653 398 1680 missarum
415 1659 529 1687 ‘genera
558 1651 689 1678 dixerunt
706 1660 713 1684 ;
728 1656 755 1678 et
785 1659 874 1687 neque
902 1652 963 1679 illos

181 1701 232 1735 ipsi
249 1707 369 1734 unquam
381 1697 563 1733 culpavimus,
582 1705 670 1733 neque
685 1698 723 1724 illi
742 1705 792 1725 nos
805 1701 963 1733 coegerunt

181 1747 214 1773 ad
232 1745 387 1781 huiusmodi
405 1743 654 1776 consuetudinem;
673 1743 804 1780 quoniam
820 1743 878 1771 haec
890 1743 965 1771 veri-

182 1793 228 1820 tati
239 1792 301 1820 ﬁdei
312 1792 382 1819 nihil
393 1791 526 1819 oilieiunt.

504 1837 627 1865 senss.
912 1872 914 1875 ι

214 1885 280 1912 Bina
292 1893 400 1921 quoque
423 1885 606 1920 baptismata;
632 1891 717 1912 unum
736 1884 809 1919 quod
826 1884 897 1912 trina
915 1885 966 1912 im-

182 1932 318 1959 mersione
333 1931 488 1964 confertur,
507 1931 622 1958 alterum
639 1929 711 1965 quod
731 1937 808 1965 aquae
825 1930 965 1958 infusione

181 1985 196 2004 a
212 1984 317 2003 summo
330 1976 450 2008 vertice;
469 1980 496 2003 et
517 1984 600 2003 unum
620 1977 744 2010 quidem,
757 1975 829 2009 quod
842 1976 963 2002 chrisma

181 2020 264 2046 etiam
293 2019 415 2052 adhibet,
432 2021 549 2047 alterum
568 2026 634 2047 vero
652 2019 724 2054 quod
748 2019 881 2047 adhibere
898 2020 964 2047 illud

182 2064 253 2091 nihil
265 2071 380 2099 prorsus
392 2071 508 2092 necesse
523 2064 617 2092 habet.

527 2109 626 2137 ltESP.

1019 877 1062 902 Ἐν
1080 877 1135 905 τοῖς
1148 875 1324 911 συναξαρίοις
1339 876 1367 901 δὲ
1400 875 1478 910 ἡμῶν
1495 875 1559 908 περὶ
1584 874 1633 900 τοῦ
1664 872 1809 908 μακαρίου

1013 923 1165 957 Γρηγορίου
1179 923 1207 948 ἐν
1223 922 1262 957 τῷ
1275 921 1391 958 Μαρτίῳ
1405 922 1522 956 μηνὶκαὶ
1534 920 1613 946 τοῦτο
1627 919 1807 954 περιέχεται·

1018 968 1049 995 '0
1063 968 1214 1003 Γρηγόριος
1229 969 1261 994 ὲκ
1281 968 1364 1002 μέσου
1391 968 1441 1002 μὲν
1469 966 1516 993 ’σοῦ
1536 966 1604 1001 βίου,
1631 966 1660 992 ὲν
1679 965 1756 999 μέσῳ
1775 963 1807 990 δὲ

1012 1013 1061 1040 τοῦ
1075 1014 1156 1049 χοροῦ
1180 1014 1234 1040 τῶν
1262 1014 1387 1048 ἀγγέλων
1408 1014 1571 1047 γενόμενος·
1597 1011 1655 1038 καί·
1683 1011 1713 1037 '0
1729 1011 1807 1041 ὅσιος

1014 1060 1164 1095 Γρηγόριος
1181 1059 1270 1095 πάσης
1284 1060 1380 1094 σοφίας
1391 1059 1439 1085 καὶ
1454 1059 1565 1094 Γραφῆς
1576 1058 1707 1092 ἔμπειρος
1715 1055 1806 1083 πολλὰ

991 1113 996 1116 ·
1015 1105 1220 1140 συγγράμματα
1235 1105 1433 1132 καταλέλοιπε·
1454 1105 1501 1132 καὶ
1521 1104 1580 1139 μετ’
1593 1100 1671 1138 ὀλίγα
1684 1111 1691 1118 ·
1707 1102 1746 1129 Οὐ
1767 1102 1805 1128 δι’

1014 1152 1197 1183 ἀνθρωπίνων
1210 1151 1400 1185 συλλογισμῶν
1415 1150 1523 1184 καὶτῆς
1545 1151 1574 1176 ὲν
1594 1149 1684 1183 λόγοις
1702 1149 1802 1183 σοφίας

1017 1197 1100 1232 μόνον
1115 1197 1288 1228 συντεθέντα,
1313 1196 1381 1223 ἀλλὰ
1395 1196 1439 1222 διὰ
1467 1195 1627 1230 Πνεύματος
1644 1195 1736 1228 ἁγίου,
1763 1194 1802 1226 ὡς

1016 1241 1085 1277 μετὰ
1101 1242 1151 1277 τὴν
1166 1241 1249 1269 αὑτοῦ
1269 1243 1300 1268 ἐκ
1314 1241 1364 1268 τοῦ
1382 1241 1443 1277 βίου
1460 1241 1592 1268 ἀνάλυσιν
1609 1241 1712 1276 Πέτρος
1727 1241 1741 1266 ὀ
1752 1241 1802 1275 ἀρ-

1008 1282 1169 1324 νχιδιάκονος
1189 1288 1273 1315 αὑτοῦ
1300 1289 1465 1324 ἐξηγήσατο,
1488 1289 1552 1314 ἰδεῖν
1568 1288 1654 1321 λέγων
1674 1295 1791 1322 περιστε

1017 1335 1067 1370 ρὰν
1078 1335 1177 1369 λευκὴν
1193 1336 1222 1361 ὲν
1237 1335 1275 1370 τῷ
1290 1335 1409 1370 γράφειν
1426 1334 1508 1361 αὑτὸν
1520 1334 1557 1367 τῷ
1584 1333 1667 1360 αὐτοῦ
1683 1341 1801 1366 προσεγ-

1015 1381 1149 1414 γίζουσαν
1163 1380 1290 1415 στόματι,
1307 1382 1354 1408 καὶ
1368 1378 1425 1407 οἷον
1451 1381 1638 1415 ἐξηγουμένην
1656 1379 1703 1406 καὶ
1718 1388 1792 1414 προσ

1015 1426 1146 1461 ορμῶσαν
1161 1427 1229 1461 πρὸς
1244 1428 1301 1458 τοῖς
1310 1427 1515 1462 γεγραμμένοις
1528 1426 1589 1452 ’καὶ
1603 1427 1672 1460 μετὰ
1685 1425 1803 1461 βραχέα·

1015 1472 1084 1498 Φασὶ
1100 1472 1139 1504 δὲ,
1155 1472 1195 1499 ὅτι
1211 1473 1396 1499 ἐπιτελεῖσθαι
1411 1472 1585 1507 λειτουργίαν
1602 1472 1709 1499 τελείαν
1725 1472 1802 1508 παρᾶ

1021 1517 1168 1552 Ῥωμαίοις
1183 1518 1213 1543 ἐν
1228 1519 1289 1549 ταῖς
1304 1518 1446 1552 νηστὶμοις
1481 1517 1600 1552 ἡμέραις
1622 1516 1699 1547 οὗτός
1727 1518 1803 1543 ἐστιν,

1015 1562 1029 1588 ὁ
1046 1562 1243 1597 νομοθετήσας,
1257 1561 1327 1597 ὅπερ
1353 1563 1496 1596 κρατεῖται
1513 1561 1595 1596 μέχρι
1616 1561 1666 1596 τῆς
1680 1561 1803 1596 σήμερον

1015 1606 1081 1641 παρ’
1097 1607 1201 1637 αὐτοῖς.
1222 1606 1292 1632 Ἀλλ’
1306 1607 1336 1632 οὺ
1362 1607 1406 1632 διὰ
1429 1606 1512 1633 τοῦτο
1537 1606 1715 1641 ὲσχίσθημεν,
1740 1606 1803 1633 οὐδὲ

1015 1653 1108 1684 διττὰς
1136 1652 1312 1687 λειτουργίας
1338 1652 1484 1686 ὠνόμασαν
1499 1652 1524 1677 οἱ
1550 1652 1610 1678 τότε
1637 1652 1729 1683 ὅντεςσ
1745 1652 1806 1678 ἀλλ’

1015 1698 1070 1725 οὐδ’
1106 1699 1188 1733 ἡμεῖς
1226 1706 1291 1724 ποτε
1330 1699 1445 1730 ἐκεινοις
1487 1698 1709 1733 ἐνεκαλέσαμεν,
1742 1699 1806 1725 ἀλλ’

1015 1745 1069 1772 οὐδ’
1093 1746 1166 1780 ἡμᾶς
1194 1746 1354 1780 ἠνάγκασαν
1391 1746 1462 1772 οὕτω
1494 1747 1594 1774 ποιεῖν,
1627 1746 1723 1774 Ταῦτα
1748 1747 1806 1783 γὰρ

1015 1794 1065 1825 τὴν
1081 1792 1130 1826 τῆς
1154 1792 1272 1823 πίστεως
1287 1792 1416 1827 ἀλήθειαν
1432 1793 1462 1819 οὐ
1475 1792 1730 1828 παραὸλάπτουσιν.

1360 1839 1456 1865 ΕΦΕΣ.

1052 1884 1133 1911 Διττὰ
1156 1884 1184 1910 δὲ
1200 1883 1388 1919 βαπτὲσμστα,
1406 1885 1436 1910 τὸ
1456 1884 1506 1920 μὲν
1519 1884 1562 1911 διὰ
1578 1884 1689 1920 τριττῆς
1714 1893 1806 1912 κατα-

1015 1929 1117 1960 δύσεως
1130 1929 1260 1962 τελειοῦν,
1275 1929 1305 1956 τδ
1320 1931 1348 1956 δὲ
1362 1930 1396 1956 δι’
1413 1930 1566 1965 ὲπιχύσεως
1590 1920 1685 1962 ὕδατος
1707 1931 1739 1957 ἐκ
1758 1940 1806 1958 κο-

1018 1976 1104 2010 ρυφῆς
1120 1976 1233 2003 ἄνωθεν·
1252 1977 1299 2003 καὶ
1314 1977 1344 2002 τὸ
1363 1977 1412 2012 μὲν
1428 1978 1466 2012 τῷ
1483 1977 1561 2013 μύρῳ
1576 1979 1805 2013 προσχρώμενον,

1015 2022 1045 2048 τδ
1062 2022 1084 2048 δ’
1098 2022 1152 2049 οὐδ’
1167 2023 1256 2050 ὁτιοῦν
1273 2024 1354 2050 αὑτοῦ
1367 2024 1461 2059 χρείαν
1482 2024 1553 2060 ἔχον.

1357 2113 1460 2140 ΑΠΘΛ.

217 2155 284 2184 Bina
292 2160 367 2184 certe
379 2155 545 2191 baptismata
557 2163 638 2183 nemo
648 2163 768 2190 unquam
780 2156 858 2184 dixit.
871 2155 961 2184 Unum
978 2166 1001 2196 ι)
1049 2158 1154 2185 Βιπτίσ

1049 2158 1230 2193 Βαπτίσματα
1255 2158 1284 2185 δὲ
1312 2159 1389 2185 διττὰ
1411 2158 1539 2185 οὐδέποτε
1565 2157 1727 2194 ἐρρέθησαν.
1755 2157 1807 2185 Ἐν

181 2204 281 2239 quippe
295 2207 339 2230 cst
350 2210 460 2231 sacrum
491 2202 637 2238 baptisma,
663 2203 734 2236 quod
751 2203 780 2230 iit
805 2203 832 2229 in
853 2203 964 2230 nomine

181 2249 279 2282 Patris,
299 2254 326 2277 et
341 2248 413 2282 Filii,
427 2252 454 2276 et
472 2248 593 2284 Spiritus
607 2249 698 2276 sancti
716 2257 723 2282 ;
743 2255 770 2276 et
791 2249 836 2283 qui
858 2249 894 2276 ita
914 2249 964 2277 ba-

182 2297 310 2332 ptizatur,
342 2296 478 2331 perfectus
499 2298 540 2322 est
561 2294 748 2323 Christianus.
767 2296 965 2331 Signiﬁcantur

183 2348 271 2369 autem
282 2349 328 2377 per
344 2341 464 2373 Patrem,
481 2345 509 2367 et
526 2339 624 2367 Filium
641 2347 669 2367 et
685 2340 818 2376 Spiritum
838 2347 963 2370 sanctum

182 2396 236 2416 tres
249 2388 347 2415 divino:
372 2388 548 2422 hypostases;
581 2394 629 2422 per
649 2395 795 2416 commune
832 2396 896 2416 vero
914 2396 964 2416 uo-

183 2442 244 2461 uten
269 2434 359 2461 unitas
382 2438 417 2468 et.
431 2433 560 2460 identitas
580 2434 715 2466 essentne,
733 2441 785 2461 nec
801 2442 854 2462 non
871 2442 964 2469 aequa-

182 2482 245 2509 litas
273 2485 300 2507 et
330 2479 553 2514 inseparabilitas
585 2484 613 2507 et
642 2480 815 2507 inilistinctio
838 2480 966 2514 potentiae

184 2529 265 2555 triutn
281 2533 471 2562 personarum.
493 2525 525 2553 Et
539 2526 663 2562 quisquis
684 2526 720 2553 ita
736 2527 901 2562 baptizatur,
928 2527 966 2553 ita

184 2574 334 2608 baptismus
361 2579 416 2599 non
438 2572 555 2600 iteratur
580 2572 676 2606 :quod
703 2573 725 2599 si
757 2572 852 2599 addito
875 2572 966 2606 aliquo

185 2620 226 2648 vel
242 2619 332 2646 ablato
351 2619 518 2654 bnptizetur,
547 2624 612 2646 tunc
635 2626 684 2646 nec
708 2618 821 2650 dicitur,
847 2626 898 2646 nec
925 2623 967 2645 est

184 2667 347 2701 baptismus.
372 2665 527 2700 Baptistnus
546 2665 620 2692 enim
643 2672 676 2692 ex
703 2664 758 2691 Deo
776 2665 889 2699 proprie
905 2670 966 2699 eSI;

184 2711 413 2747 quemadmodum
429 2711 541 2738 divinus
561 2711 641 2737 Pater
655 2709 870 2745 Chrysostomus
886 2711 967 2746 quin-

183 2758 339 2794 quagesima
352 2757 380 2784 in
400 2757 556 2784 Matthaeum
573 2756 684 2783 homilia
699 2757 776 2784 docet
791 2766 797 2783 ε
822 2757 888 2784 Nam
915 2757 967 2784 titi-

183 2803 279 2835 nister,
296 2802 395 2835 inquit,
425 2804 466 2830 est
492 2800 640 2834 sacerdos;
659 2801 731 2832 sicut
746 2801 819 2830 enim
837 2809 898 2831 cum
919 2802 966 2831 ba-

1017 2203 1070 2238 γάρ
1084 2204 1141 2230 ἐστι
1155 2205 1185 2230 τὸ
1199 2204 1268 2230 Οείον
1285 2203 1425 2238 βάπτισμα
1439 2203 1479 2235 εἰς
1489 2203 1519 2229 τὸ
1532 2204 1617 2238 δνομα
1633 2203 1743 2236 Πατρὸς
1756 2205 1807 2230 καὶ

1018 2250 1083 2277 Υίοῦ
1101 2251 1148 2277 καὶ
1164 2251 1242 2284 ἁγίου
1266 2249 1435 2284 Πνεύματος·
1451 2250 1498 2276 καὶ
1513 2251 1527 2275 ὁ
1545 2249 1615 2276 οὕτω
1633 2249 1807 2284 βαπτιζόμε-

1017 2306 1060 2328 νος
1074 2297 1175 2328 τέλειός
1199 2297 1256 2322 ἐστι
1271 2295 1442 2330 Χριστιανός.
1464 2295 1545 2331 Δηλοϊ
1566 2295 1593 2322 δὲ
1616 2295 1662 2322 διὰ
1682 2295 1731 2330 μὲν
1754 2296 1804 2322 τοῦ

1017 2345 1125 2380 Πατρδς
1138 2345 1185 2372 καὶ
1206 2343 1253 2370 τοῦ
1266 2343 1331 2370 Υίοῦ
1348 2344 1395 2370 καὶ
1411 2343 1458 2370 τοῦ
1478 2344 1555 2377 ἁγίου
1577 2343 1736 2377 Πνεύματος
1753 2343 1805 2375 τὰς

1016 2391 1090 2426 τρεῖς
1104 2390 1252 2425 θεαρχικὰς
1267 2390 1440 2421 ὑποστάσεις·
1457 2389 1501 2416 διὰ
1519 2389 1547 2416 δὲ
1570 2388 1618 2416 τοῦ
1636 2388 1726 2415 κοινοῦ
1746 2389 1806 2416 6V6-

1018 2444 1103 2471 ματος
1113 2436 1143 2462 τὺ
1157 2436 1186 2462 ἓν
1200 2435 1249 2470 τῆς
1262 2435 1356 2467 οὐσίας
1369 2435 1417 2462 καὶ
1431 2435 1542 2468 ταυτὸν,
1559 2435 1606 2462 καὶ
1621 2435 1651 2461 τὸ
1667 2436 1695 2461 ἐν
1712 2435 1807 2469 τρισὶν

1018 2483 1200 2509 ὺποστάσεσιν
1214 2481 1272 2508 ἴσον
1287 2490 1316 2508 τε
1331 2483 1378 2509 καὶ
1392 2481 1545 2517 ἀχώριστον
1559 2481 1606 2508 καὶ
1620 2480 1805 2517 ὸμοδύναμον.

1017 2528 1073 2555 Καὶ
1087 2528 1160 2560 ὅστις
1174 2529 1245 2555 οὓτω
1263 2528 1437 2564 βαπτίζεται,
1463 2528 1513 2554 οὐκ
1525 2527 1753 2559 ἀναῦαπτίζεται.
1772 2527 1805 2554 Et

1017 2572 1045 2599 δὲ
1061 2573 1129 2607 μετὰ
1152 2573 1311 2609 προσθήκης
1334 2574 1350 2609 ἢ
1368 2573 1515 2608 ἐλλείψεως
1536 2573 1708 2608 βαπτίζεται,
1726 2573 1806 2600 τοῦτο

1017 2618 1047 2645 οὐ
1066 2618 1207 2653 βάπτισμα
1228 2619 1335 2653 λέγεται
1355 2619 1417 2646 οὔτε
1440 2619 1509 2646 ἐστι.
1531 2619 1568 2646 Τὸ
1585 2619 1640 2654 γὰρ
1662 2618 1805 2654 βάπτισμα

1018 2665 1120 2700 κυρίως
1146 2665 1195 2699 μὲν
1212 2665 1244 2692 ἐκ
1258 2665 1338 2692 Θεοῦ·
1352 2665 1424 2692 οὓτω
1438 2665 1492 2700 γὰρ
1510 2665 1557 2692 καὶ
1576 2666 1589 2692 ὁ
1603 2665 1673 2696 θεῖος
1696 2664 1805 2699 Χρυσό-

1019 2717 1116 2744 acopo;
1129 2709 1157 2736 ὲν
1171 2709 1210 2745 τῷ
1224 2711 1293 2737 κατὰ
1308 2711 1449 2738 Ματθαῖον
1465 2712 1494 2737 ὲν
1506 2712 1539 2746 τῇ
1554 2710 1725 2745 πεντηκοστῇ
1744 2709 1805 2744 ὁμι-

1018 2755 1063 2792 λίᾳ
1085 2757 1177 2792 φησιν·
1199 2757 1357 2792 Ὑπηρέτης
1382 2757 1435 2791 γάρ
1453 2757 1525 2783 ἐστιν
1547 2758 1560 2783 6
1587 2756 1685 2790 ἱερεύς·
1710 2753 1804 2790 ὥσπερ

1018 2804 1074 2835 γὰρ
1092 2804 1157 2831 ὅταν
1183 2803 1312 2836 Βαπτίζη,
1335 2803 1383 2830 οὐκ
1406 2802 1487 2836 αὐτός
1509 2811 1538 2829 σε
1564 2801 1703 2835 βαπτίζει,
1719 2800 1776 2827 ἀλλ’
1791 2802 1805 2828 ό
