  <div class='ocr_page' id='page_1' title='image "/cluster/home/n/w/nwhite01/storage/ocr_20150623/160/njp.32101010941936/131.png"; bbox 0 0 1863 3057; ppageno 0'>
   <div class='ocr_carea' id='block_1_1' title="bbox 194 136 246 168">
    <p class='ocr_par' dir='ltr' id='par_1_1' title="bbox 194 136 246 168">
     <span class='ocr_line' id='line_1_1' title="bbox 194 136 246 168; baseline -0.038 0"><span class='ocrx_word' id='word_1_1' title='bbox 194 136 246 168; x_wconf 66' lang='grc'><strong>’107</strong></span> 
     </span>
    </p>
   </div>
   <div class='ocr_carea' id='block_1_2' title="bbox 654 132 1359 176">
    <p class='ocr_par' dir='ltr' id='par_1_2' title="bbox 654 132 1359 176">
     <span class='ocr_line' id='line_1_2' title="bbox 654 132 1359 176; baseline 0.01 -9"><span class='ocrx_word' id='word_1_2' title='bbox 654 132 842 169; x_wconf 66' lang='grc' dir='ltr'><strong>ϐῐίΕϐΟῘὶΙῐ</strong></span> <span class='ocrx_word' id='word_1_3' title='bbox 859 139 1009 170; x_wconf 76' lang='lat' dir='ltr'><strong>MAMM/E</strong></span> <span class='ocrx_word' id='word_1_4' title='bbox 1029 141 1082 174; x_wconf 77' lang='grc' dir='ltr'><strong>ΕΡ,</strong></span> <span class='ocrx_word' id='word_1_5' title='bbox 1103 143 1359 176; x_wconf 42' lang='grc' dir='ltr'><strong>ΡΑΤῙΠΛΒΟΙῙΑΕ</strong></span> 
     </span>
    </p>
   </div>
   <div class='ocr_carea' id='block_1_3' title="bbox 1761 149 1822 181">
    <p class='ocr_par' dir='ltr' id='par_1_3' title="bbox 1761 149 1822 181">
     <span class='ocr_line' id='line_1_3' title="bbox 1761 149 1822 181; baseline 0 0"><span class='ocrx_word' id='word_1_6' title='bbox 1761 149 1822 181; x_wconf 71' lang='grc'><strong>208</strong></span> 
     </span>
    </p>
   </div>
   <div class='ocr_carea' id='block_1_4' title="bbox 194 189 1162 239">
    <p class='ocr_par' dir='ltr' id='par_1_4' title="bbox 194 189 1159 232">
     <span class='ocr_line' id='line_1_4' title="bbox 194 189 1159 232; baseline 0.004 -12"><span class='ocrx_word' id='word_1_7' title='bbox 194 194 372 227; x_wconf 64' lang='lat' dir='ltr'><strong>prmbcamus.</strong></span> <span class='ocrx_word' id='word_1_8' title='bbox 392 203 400 220; x_wconf 84' lang='grc'><strong>›</strong></span> <span class='ocrx_word' id='word_1_9' title='bbox 419 193 451 221; x_wconf 79' lang='lat' dir='ltr'><strong>Et</strong></span> <span class='ocrx_word' id='word_1_10' title='bbox 467 193 644 222; x_wconf 84' lang='lat' dir='ltr'><strong>nihilominus</strong></span> <span class='ocrx_word' id='word_1_11' title='bbox 658 203 719 228; x_wconf 88' lang='lat' dir='ltr'><strong>ttos,</strong></span> <span class='ocrx_word' id='word_1_12' title='bbox 735 196 859 227; x_wconf 88' lang='lat' dir='ltr'><strong>veritate,</strong></span> <span class='ocrx_word' id='word_1_13' title='bbox 877 199 902 222; x_wconf 85' lang='lat' dir='ltr'><strong>et</strong></span> <span class='ocrx_word' id='word_1_14' title='bbox 916 189 975 222; x_wconf 83' lang='lat' dir='ltr'><strong>mu-</strong></span> <span class='ocrx_word' id='word_1_15' title='bbox 991 200 1011 226; x_wconf 77' lang='grc' dir='ltr'><strong>Α</strong></span> <span class='ocrx_word' id='word_1_16' title='bbox 1031 206 1096 232; x_wconf 84' lang='grc' dir='ltr'>μεν·</span> <span class='ocrx_word' id='word_1_17' title='bbox 1111 200 1159 226; x_wconf 76' lang='grc' dir='ltr'><strong>καὶ</strong></span> 
     </span>
    </p>
   </div>
   <div class='ocr_carea' id='block_1_5' title="bbox 1056 189 1822 239">
    <p class='ocr_par' dir='ltr' id='par_1_5' title="bbox 1056 200 1822 239">
     <span class='ocr_line' id='line_1_5' title="bbox 1056 200 1822 239; baseline 0.01 -15"><span class='ocrx_word' id='word_1_18' title='bbox 1056 206 1096 225; x_wconf 78' lang='grc' dir='ltr'>εν·</span> <span class='ocrx_word' id='word_1_19' title='bbox 1111 200 1159 226; x_wconf 75' lang='grc' dir='ltr'><strong>καὶ</strong></span> <span class='ocrx_word' id='word_1_20' title='bbox 1175 201 1257 228; x_wconf 81' lang='grc' dir='ltr'>πλέον</span> <span class='ocrx_word' id='word_1_21' title='bbox 1281 201 1332 229; x_wconf 82' lang='grc' dir='ltr'>οὐκ</span> <span class='ocrx_word' id='word_1_22' title='bbox 1357 201 1486 237; x_wconf 76' lang='grc' dir='ltr'>ἐθέλομεν</span> <span class='ocrx_word' id='word_1_23' title='bbox 1503 203 1619 231; x_wconf 72' lang='grc' dir='ltr'>ὁκούειν.</span> <span class='ocrx_word' id='word_1_24' title='bbox 1638 212 1647 229; x_wconf 78' lang='lat' dir='ltr'><strong>t</strong></span> <span class='ocrx_word' id='word_1_25' title='bbox 1665 204 1765 232; x_wconf 78' lang='grc' dir='ltr'>Καίτοι</span> <span class='ocrx_word' id='word_1_26' title='bbox 1785 214 1822 239; x_wconf 82' lang='grc' dir='ltr'><strong>γε</strong></span> 
     </span>
    </p>
   </div>
   <div class='ocr_carea' id='block_1_6' title="bbox 195 239 974 275">
    <p class='ocr_par' dir='ltr' id='par_1_6' title="bbox 195 239 974 275">
     <span class='ocr_line' id='line_1_6' title="bbox 195 239 974 275; baseline 0.006 -11"><span class='ocrx_word' id='word_1_27' title='bbox 195 246 270 270; x_wconf 75' lang='lat' dir='ltr'><strong>mre,</strong></span> <span class='ocrx_word' id='word_1_28' title='bbox 294 240 434 275; x_wconf 78' lang='lat' dir='ltr'><strong>gratiaque</strong></span> <span class='ocrx_word' id='word_1_29' title='bbox 458 239 565 267; x_wconf 83' lang='lat' dir='ltr'><strong>Domini</strong></span> <span class='ocrx_word' id='word_1_30' title='bbox 583 245 609 267; x_wconf 88' lang='lat' dir='ltr'><strong>ct</strong></span> <span class='ocrx_word' id='word_1_31' title='bbox 623 240 779 267; x_wconf 77' lang='lat' dir='ltr'><strong>Servatoris</strong></span> <span class='ocrx_word' id='word_1_32' title='bbox 801 241 889 268; x_wconf 87' lang='lat' dir='ltr'><strong>nostri</strong></span> <span class='ocrx_word' id='word_1_33' title='bbox 910 240 974 269; x_wconf 81' lang='lat' dir='ltr'><strong>Jesu</strong></span> 
     </span>
    </p>
   </div>
   <div class='ocr_carea' id='block_1_7' title="bbox 194 285 974 321">
    <p class='ocr_par' dir='ltr' id='par_1_7' title="bbox 194 285 974 321">
     <span class='ocr_line' id='line_1_7' title="bbox 194 285 974 321; baseline 0.004 -9"><span class='ocrx_word' id='word_1_34' title='bbox 194 285 296 312; x_wconf 80' lang='lat' dir='ltr'><strong>Christi</strong></span> <span class='ocrx_word' id='word_1_35' title='bbox 310 289 336 312; x_wconf 91' lang='lat' dir='ltr'><strong>et</strong></span> <span class='ocrx_word' id='word_1_36' title='bbox 348 286 406 318; x_wconf 72' lang='lat' dir='ltr'><strong>Dei,</strong></span> <span class='ocrx_word' id='word_1_37' title='bbox 424 285 567 321; x_wconf 83' lang='lat' dir='ltr'><strong>paternum</strong></span> <span class='ocrx_word' id='word_1_38' title='bbox 584 286 680 320; x_wconf 81' lang='lat' dir='ltr'><strong>dogma</strong></span> <span class='ocrx_word' id='word_1_39' title='bbox 695 285 777 313; x_wconf 85' lang='lat' dir='ltr'><strong>rebus</strong></span> <span class='ocrx_word' id='word_1_40' title='bbox 804 286 830 312; x_wconf 94' lang='lat' dir='ltr'><strong>in</strong></span> <span class='ocrx_word' id='word_1_41' title='bbox 847 287 974 315; x_wconf 85' lang='lat' dir='ltr'><strong>omnibus</strong></span> 
     </span>
    </p>
   </div>
   <div class='ocr_carea' id='block_1_8' title="bbox 195 326 974 366">
    <p class='ocr_par' dir='ltr' id='par_1_8' title="bbox 195 326 974 366">
     <span class='ocr_line' id='line_1_8' title="bbox 195 326 974 366; baseline 0.001 -8"><span class='ocrx_word' id='word_1_42' title='bbox 195 331 331 366; x_wconf 69' lang='lat' dir='ltr'><strong>integrum</strong></span> <span class='ocrx_word' id='word_1_43' title='bbox 358 336 494 364; x_wconf 85' lang='lat' dir='ltr'><strong>tenemus,</strong></span> <span class='ocrx_word' id='word_1_44' title='bbox 512 326 538 359; x_wconf 67' lang='lat' dir='ltr'><strong>ei</strong></span> <span class='ocrx_word' id='word_1_45' title='bbox 561 339 767 364; x_wconf 80' lang='lat' dir='ltr'><strong>conservantus,</strong></span> <span class='ocrx_word' id='word_1_46' title='bbox 779 335 806 359; x_wconf 85' lang='lat' dir='ltr'><strong>et</strong></span> <span class='ocrx_word' id='word_1_47' title='bbox 822 339 974 360; x_wconf 73' lang='lat' dir='ltr'><strong>conserva-</strong></span> 
     </span>
    </p>
   </div>
   <div class='ocr_carea' id='block_1_9' title="bbox 196 377 973 414">
    <p class='ocr_par' dir='ltr' id='par_1_9' title="bbox 196 377 973 414">
     <span class='ocr_line' id='line_1_9' title="bbox 196 377 973 414; baseline 0.003 -9"><span class='ocrx_word' id='word_1_48' title='bbox 196 379 298 412; x_wconf 80' lang='lat' dir='ltr'><strong>bimus,</strong></span> <span class='ocrx_word' id='word_1_49' title='bbox 315 383 344 406; x_wconf 88' lang='lat' dir='ltr'><strong>nt</strong></span> <span class='ocrx_word' id='word_1_50' title='bbox 361 379 513 414; x_wconf 86' lang='lat' dir='ltr'><strong>procedens</strong></span> <span class='ocrx_word' id='word_1_51' title='bbox 524 379 611 406; x_wconf 91' lang='lat' dir='ltr'><strong>oratio</strong></span> <span class='ocrx_word' id='word_1_52' title='bbox 621 379 795 413; x_wconf 74' lang='lat' dir='ltr'><strong>apertissime</strong></span> <span class='ocrx_word' id='word_1_53' title='bbox 811 377 973 407; x_wconf 68' lang='lat' dir='ltr'><strong>declarabit.</strong></span> 
     </span>
    </p>
   </div>
   <div class='ocr_carea' id='block_1_10' title="bbox 195 424 973 459">
    <p class='ocr_par' dir='ltr' id='par_1_10' title="bbox 195 424 973 459">
     <span class='ocr_line' id='line_1_10' title="bbox 195 424 973 459; baseline 0.001 -8"><span class='ocrx_word' id='word_1_54' title='bbox 195 425 402 459; x_wconf 85' lang='lat' dir='ltr'><strong>l‘roptereaque</strong></span> <span class='ocrx_word' id='word_1_55' title='bbox 421 424 595 459; x_wconf 85' lang='lat' dir='ltr'><strong>simplicibus</strong></span> <span class='ocrx_word' id='word_1_56' title='bbox 617 424 707 451; x_wconf 90' lang='lat' dir='ltr'><strong>verbis</strong></span> <span class='ocrx_word' id='word_1_57' title='bbox 729 424 786 451; x_wconf 71' lang='lat' dir='ltr'><strong>lucc</strong></span> <span class='ocrx_word' id='word_1_58' title='bbox 799 424 973 458; x_wconf 82' lang='lat' dir='ltr'><strong>exponimus,</strong></span> 
     </span>
    </p>
   </div>
   <div class='ocr_carea' id='block_1_11' title="bbox 165 465 974 506">
    <p class='ocr_par' dir='ltr' id='par_1_11' title="bbox 165 465 974 506">
     <span class='ocr_line' id='line_1_11' title="bbox 165 465 974 506; baseline -0.001 -8"><span class='ocrx_word' id='word_1_59' title='bbox 196 471 337 499; x_wconf 72' lang='lat' dir='ltr'><strong>industriis</strong></span> <span class='ocrx_word' id='word_1_60' title='bbox 351 491 359 503; x_wconf 89' lang='lat'><strong>,</strong></span> <span class='ocrx_word' id='word_1_61' title='bbox 374 475 401 498; x_wconf 88' lang='lat' dir='ltr'><strong>et</strong></span> <span class='ocrx_word' id='word_1_62' title='bbox 416 470 565 497; x_wconf 87' lang='lat' dir='ltr'><strong>dictionum</strong></span> <span class='ocrx_word' id='word_1_63' title='bbox 583 470 680 504; x_wconf 78' lang='lat' dir='ltr'><strong>ptieis,</strong></span> <span class='ocrx_word' id='word_1_64' title='bbox 699 470 808 504; x_wconf 81' lang='lat' dir='ltr'><strong>illiSque</strong></span> <span class='ocrx_word' id='word_1_65' title='bbox 824 471 974 506; x_wconf 87' lang='lat' dir='ltr'><strong>perobscu-</strong></span> 
     </span>
    </p>
   </div>
   <div class='ocr_carea' id='block_1_12' title="bbox 174 515 974 549">
    <p class='ocr_par' dir='ltr' id='par_1_12' title="bbox 174 515 974 549">
     <span class='ocr_line' id='line_1_12' title="bbox 174 515 974 549; baseline -0.001 -6"><span class='ocrx_word' id='word_1_66' title='bbox 174 527 176 530; x_wconf 65' lang='grc' dir='ltr'><strong><em>τ</em></strong></span> <span class='ocrx_word' id='word_1_67' title='bbox 196 517 234 543; x_wconf 85' lang='lat' dir='ltr'><strong>ris</strong></span> <span class='ocrx_word' id='word_1_68' title='bbox 248 516 409 548; x_wconf 76' lang='lat' dir='ltr'><strong>eliminatis,</strong></span> <span class='ocrx_word' id='word_1_69' title='bbox 437 523 471 542; x_wconf 87' lang='lat' dir='ltr'><strong>ne</strong></span> <span class='ocrx_word' id='word_1_70' title='bbox 499 523 558 549; x_wconf 70' lang='lat' dir='ltr'><strong>quze</strong></span> <span class='ocrx_word' id='word_1_71' title='bbox 571 522 592 545; x_wconf 66' lang='grc' dir='ltr'>δ</span> <span class='ocrx_word' id='word_1_72' title='bbox 602 515 679 542; x_wconf 91' lang='lat' dir='ltr'><strong>nobis</strong></span> <span class='ocrx_word' id='word_1_73' title='bbox 694 515 833 548; x_wconf 81' lang='lat' dir='ltr'><strong>dicuntur;</strong></span> <span class='ocrx_word' id='word_1_74' title='bbox 846 518 895 542; x_wconf 86' lang='lat' dir='ltr'><strong>aut</strong></span> <span class='ocrx_word' id='word_1_75' title='bbox 909 515 974 542; x_wconf 84' lang='lat' dir='ltr'><strong>scri-</strong></span> 
     </span>
    </p>
   </div>
   <div class='ocr_carea' id='block_1_13' title="bbox 195 559 975 594">
    <p class='ocr_par' dir='ltr' id='par_1_13' title="bbox 195 559 975 594">
     <span class='ocr_line' id='line_1_13' title="bbox 195 559 975 594; baseline 0.001 -8"><span class='ocrx_word' id='word_1_76' title='bbox 195 561 299 588; x_wconf 89' lang='lat' dir='ltr'><strong>buntur</strong></span> <span class='ocrx_word' id='word_1_77' title='bbox 314 559 462 594; x_wconf 79' lang='lat' dir='ltr'><strong>perniciem</strong></span> <span class='ocrx_word' id='word_1_78' title='bbox 474 559 600 592; x_wconf 80' lang='lat' dir='ltr'><strong>aﬂ‘erant,</strong></span> <span class='ocrx_word' id='word_1_79' title='bbox 617 559 644 586; x_wconf 94' lang='lat' dir='ltr'><strong>in</strong></span> <span class='ocrx_word' id='word_1_80' title='bbox 664 559 716 586; x_wconf 88' lang='lat' dir='ltr'><strong>hoc</strong></span> <span class='ocrx_word' id='word_1_81' title='bbox 728 567 838 594; x_wconf 84' lang='lat' dir='ltr'><strong>quoque</strong></span> <span class='ocrx_word' id='word_1_82' title='bbox 853 567 975 587; x_wconf 89' lang='lat' dir='ltr'><strong>commu-</strong></span> 
     </span>
    </p>
   </div>
   <div class='ocr_carea' id='block_1_14' title="bbox 195 603 974 638">
    <p class='ocr_par' dir='ltr' id='par_1_14' title="bbox 195 603 974 638">
     <span class='ocr_line' id='line_1_14' title="bbox 195 603 974 638; baseline 0 -7"><span class='ocrx_word' id='word_1_83' title='bbox 195 613 257 631; x_wconf 81' lang='lat' dir='ltr'><strong>nem</strong></span> <span class='ocrx_word' id='word_1_84' title='bbox 289 605 410 631; x_wconf 91' lang='lat' dir='ltr'><strong>omnium</strong></span> <span class='ocrx_word' id='word_1_85' title='bbox 442 603 586 631; x_wconf 90' lang='lat' dir='ltr'><strong>Dominum</strong></span> <span class='ocrx_word' id='word_1_86' title='bbox 614 612 646 632; x_wconf 86' lang='lat' dir='ltr'><strong>ac</strong></span> <span class='ocrx_word' id='word_1_87' title='bbox 667 604 825 638; x_wconf 82' lang='lat' dir='ltr'><strong>Magistrum</strong></span> <span class='ocrx_word' id='word_1_88' title='bbox 842 605 974 638; x_wconf 75' lang='lat' dir='ltr'><strong>aemulati,</strong></span> 
     </span>
    </p>
   </div>
   <div class='ocr_carea' id='block_1_15' title="bbox 194 649 974 684">
    <p class='ocr_par' dir='ltr' id='par_1_15' title="bbox 194 649 974 684">
     <span class='ocr_line' id='line_1_15' title="bbox 194 649 974 684; baseline -0.004 -6"><span class='ocrx_word' id='word_1_89' title='bbox 194 651 350 678; x_wconf 85' lang='lat' dir='ltr'><strong>dicentem:</strong></span> <span class='ocrx_word' id='word_1_90' title='bbox 363 650 453 678; x_wconf 81' lang='lat' dir='ltr'><strong>Sermo</strong></span> <span class='ocrx_word' id='word_1_91' title='bbox 467 655 490 677; x_wconf 87' lang='lat' dir='ltr'><strong>et</strong></span> <span class='ocrx_word' id='word_1_92' title='bbox 501 650 656 684; x_wconf 68' lang='lat' dir='ltr'><strong>praedicatio</strong></span> <span class='ocrx_word' id='word_1_93' title='bbox 678 658 709 676; x_wconf 85' lang='lat' dir='ltr'><strong>ne</strong></span> <span class='ocrx_word' id='word_1_94' title='bbox 724 650 757 676; x_wconf 79' lang='lat' dir='ltr'><strong>sit</strong></span> <span class='ocrx_word' id='word_1_95' title='bbox 773 649 800 676; x_wconf 84' lang='lat' dir='ltr'><strong>in</strong></span> <span class='ocrx_word' id='word_1_96' title='bbox 814 651 974 683; x_wconf 79' lang='lat' dir='ltr'><strong>persuasibi-</strong></span> 
     </span>
    </p>
   </div>
   <div class='ocr_carea' id='block_1_16' title="bbox 194 693 975 727">
    <p class='ocr_par' dir='ltr' id='par_1_16' title="bbox 194 693 975 727">
     <span class='ocr_line' id='line_1_16' title="bbox 194 693 975 727; baseline 0.001 -7"><span class='ocrx_word' id='word_1_97' title='bbox 194 694 262 721; x_wconf 81' lang='lat' dir='ltr'><strong>libus</strong></span> <span class='ocrx_word' id='word_1_98' title='bbox 288 694 410 720; x_wconf 69' lang='lat' dir='ltr'><strong>humana:</strong></span> <span class='ocrx_word' id='word_1_99' title='bbox 435 693 571 727; x_wconf 73' lang='lat' dir='ltr'><strong>sapientia:</strong></span> <span class='ocrx_word' id='word_1_100' title='bbox 593 693 689 726; x_wconf 69' lang='lat' dir='ltr'><strong>verbis,</strong></span> <span class='ocrx_word' id='word_1_101' title='bbox 710 693 754 720; x_wconf 76' lang='lat' dir='ltr'><strong>sed</strong></span> <span class='ocrx_word' id='word_1_102' title='bbox 773 694 800 720; x_wconf 84' lang='lat' dir='ltr'><strong>iu</strong></span> <span class='ocrx_word' id='word_1_103' title='bbox 827 695 975 721; x_wconf 74' lang='lat' dir='ltr'><strong>ostensione</strong></span> 
     </span>
    </p>
   </div>
   <div class='ocr_carea' id='block_1_17' title="bbox 197 740 975 774">
    <p class='ocr_par' dir='ltr' id='par_1_17' title="bbox 197 740 975 774">
     <span class='ocr_line' id='line_1_17' title="bbox 197 740 975 774; baseline 0.001 -8"><span class='ocrx_word' id='word_1_104' title='bbox 197 740 312 774; x_wconf 77' lang='lat' dir='ltr'><strong>Spiritus</strong></span> <span class='ocrx_word' id='word_1_105' title='bbox 331 745 357 767; x_wconf 85' lang='lat' dir='ltr'><strong>et</strong></span> <span class='ocrx_word' id='word_1_106' title='bbox 372 740 492 772; x_wconf 69' lang='lat' dir='ltr'><strong>virtutis,</strong></span> <span class='ocrx_word' id='word_1_107' title='bbox 528 744 556 767; x_wconf 83' lang='lat' dir='ltr'><strong>ut</strong></span> <span class='ocrx_word' id='word_1_108' title='bbox 583 740 648 773; x_wconf 72' lang='lat' dir='ltr'><strong>ﬁdes</strong></span> <span class='ocrx_word' id='word_1_109' title='bbox 664 746 753 766; x_wconf 79' lang='lat' dir='ltr'><strong>nostra</strong></span> <span class='ocrx_word' id='word_1_110' title='bbox 770 748 820 767; x_wconf 84' lang='lat' dir='ltr'><strong>non</strong></span> <span class='ocrx_word' id='word_1_111' title='bbox 840 741 874 767; x_wconf 78' lang='lat' dir='ltr'><strong>sit</strong></span> <span class='ocrx_word' id='word_1_112' title='bbox 889 741 915 768; x_wconf 82' lang='lat' dir='ltr'><strong>in</strong></span> <span class='ocrx_word' id='word_1_113' title='bbox 931 748 975 767; x_wconf 79' lang='lat' dir='ltr'><strong>sa-</strong></span> 
     </span>
    </p>
   </div>
   <div class='ocr_carea' id='block_1_18' title="bbox 1030 245 1820 285">
    <p class='ocr_par' dir='ltr' id='par_1_18' title="bbox 1030 245 1820 285">
     <span class='ocr_line' id='line_1_18' title="bbox 1030 245 1820 285; baseline 0.01 -15"><span class='ocrx_word' id='word_1_114' title='bbox 1030 245 1073 278; x_wconf 60' lang='lat' dir='ltr'><strong>tn&#39;</strong></span> <span class='ocrx_word' id='word_1_115' title='bbox 1090 245 1219 280; x_wconf 69' lang='grc' dir='ltr'>ἀληθείας</span> <span class='ocrx_word' id='word_1_116' title='bbox 1243 247 1291 274; x_wconf 72' lang='grc' dir='ltr'>καὶ</span> <span class='ocrx_word' id='word_1_117' title='bbox 1321 247 1426 282; x_wconf 78' lang='grc' dir='ltr'>δωρεᾶς</span> <span class='ocrx_word' id='word_1_118' title='bbox 1451 250 1497 275; x_wconf 67' lang='grc' dir='ltr'>καὶ</span> <span class='ocrx_word' id='word_1_119' title='bbox 1511 249 1621 283; x_wconf 67' lang='grc' dir='ltr'>χάριτος</span> <span class='ocrx_word' id='word_1_120' title='bbox 1637 250 1684 276; x_wconf 87' lang='grc' dir='ltr'><strong>τοῦ</strong></span> <span class='ocrx_word' id='word_1_121' title='bbox 1706 251 1820 285; x_wconf 78' lang='grc' dir='ltr'>Κυρίου</span> 
     </span>
    </p>
   </div>
   <div class='ocr_carea' id='block_1_19' title="bbox 1030 291 1820 332">
    <p class='ocr_par' dir='ltr' id='par_1_19' title="bbox 1030 291 1820 332">
     <span class='ocr_line' id='line_1_19' title="bbox 1030 291 1820 332; baseline 0.01 -16"><span class='ocrx_word' id='word_1_122' title='bbox 1030 291 1076 316; x_wconf 74' lang='grc' dir='ltr'>καὶ</span> <span class='ocrx_word' id='word_1_123' title='bbox 1091 291 1215 326; x_wconf 78' lang='grc' dir='ltr'><strong>Σωτῆρος</strong></span> <span class='ocrx_word' id='word_1_124' title='bbox 1229 293 1308 327; x_wconf 82' lang='grc' dir='ltr'>ήμῶν</span> <span class='ocrx_word' id='word_1_125' title='bbox 1330 292 1419 328; x_wconf 82' lang='grc' dir='ltr'>Ἰησοῦ</span> <span class='ocrx_word' id='word_1_126' title='bbox 1443 294 1561 330; x_wconf 64' lang='grc' dir='ltr'>Χριστοῦ</span> <span class='ocrx_word' id='word_1_127' title='bbox 1577 296 1623 321; x_wconf 79' lang='grc' dir='ltr'>καὶ</span> <span class='ocrx_word' id='word_1_128' title='bbox 1637 295 1718 330; x_wconf 79' lang='grc' dir='ltr'>Θεοῦ,</span> <span class='ocrx_word' id='word_1_129' title='bbox 1732 298 1820 332; x_wconf 79' lang='grc' dir='ltr'>ἡμεῖς</span> 
     </span>
    </p>
   </div>
   <div class='ocr_carea' id='block_1_20' title="bbox 1029 336 1819 377">
    <p class='ocr_par' dir='ltr' id='par_1_20' title="bbox 1029 336 1819 377">
     <span class='ocr_line' id='line_1_20' title="bbox 1029 336 1819 377; baseline 0.008 -14"><span class='ocrx_word' id='word_1_130' title='bbox 1029 336 1060 363; x_wconf 85' lang='grc' dir='ltr'><strong>τδ</strong></span> <span class='ocrx_word' id='word_1_131' title='bbox 1078 337 1192 372; x_wconf 86' lang='grc' dir='ltr'>πάτριον</span> <span class='ocrx_word' id='word_1_132' title='bbox 1208 338 1297 374; x_wconf 81' lang='grc' dir='ltr'>δόγμα</span> <span class='ocrx_word' id='word_1_133' title='bbox 1318 339 1347 365; x_wconf 73' lang='grc' dir='ltr'><strong>ἐν</strong></span> <span class='ocrx_word' id='word_1_134' title='bbox 1364 341 1431 367; x_wconf 80' lang='grc' dir='ltr'>πᾶσι</span> <span class='ocrx_word' id='word_1_135' title='bbox 1450 341 1599 376; x_wconf 78' lang='grc' dir='ltr'><strong>τηροῦμεν,</strong></span> <span class='ocrx_word' id='word_1_136' title='bbox 1613 341 1660 368; x_wconf 72' lang='grc' dir='ltr'>καὶ</span> <span class='ocrx_word' id='word_1_137' title='bbox 1680 343 1819 377; x_wconf 80' lang='grc' dir='ltr'>φυλάττο-</span> 
     </span>
    </p>
   </div>
   <div class='ocr_carea' id='block_1_21' title="bbox 1030 383 1815 422">
    <p class='ocr_par' dir='ltr' id='par_1_21' title="bbox 1030 383 1815 422">
     <span class='ocr_line' id='line_1_21' title="bbox 1030 383 1815 422; baseline 0.009 -15"><span class='ocrx_word' id='word_1_138' title='bbox 1030 390 1091 416; x_wconf 77' lang='grc' dir='ltr'>μεν,</span> <span class='ocrx_word' id='word_1_139' title='bbox 1118 383 1165 410; x_wconf 79' lang='grc' dir='ltr'>καὶ</span> <span class='ocrx_word' id='word_1_140' title='bbox 1191 384 1357 420; x_wconf 77' lang='grc' dir='ltr'><strong>φυλάξομεν,</strong></span> <span class='ocrx_word' id='word_1_141' title='bbox 1379 385 1416 417; x_wconf 84' lang='grc' dir='ltr'>ὡς</span> <span class='ocrx_word' id='word_1_142' title='bbox 1445 387 1548 421; x_wconf 83' lang='grc' dir='ltr'>προῖὼν</span> <span class='ocrx_word' id='word_1_143' title='bbox 1581 387 1595 413; x_wconf 80' lang='grc' dir='ltr'>ὁ</span> <span class='ocrx_word' id='word_1_144' title='bbox 1616 386 1694 420; x_wconf 81' lang='grc' dir='ltr'><strong>λόγος</strong></span> <span class='ocrx_word' id='word_1_145' title='bbox 1718 396 1815 422; x_wconf 77' lang='grc' dir='ltr'>παρα-</span> 
     </span>
    </p>
   </div>
   <div class='ocr_carea' id='block_1_22' title="bbox 1030 428 1818 469">
    <p class='ocr_par' dir='ltr' id='par_1_22' title="bbox 1030 428 1818 469">
     <span class='ocr_line' id='line_1_22' title="bbox 1030 428 1818 469; baseline 0.009 -15"><span class='ocrx_word' id='word_1_146' title='bbox 1030 428 1122 462; x_wconf 83' lang='grc' dir='ltr'>στὴσει</span> <span class='ocrx_word' id='word_1_147' title='bbox 1141 429 1310 464; x_wconf 80' lang='grc' dir='ltr'>σαφέστατα.</span> <span class='ocrx_word' id='word_1_148' title='bbox 1331 430 1380 457; x_wconf 83' lang='grc' dir='ltr'>Διὰ</span> <span class='ocrx_word' id='word_1_149' title='bbox 1401 430 1482 458; x_wconf 85' lang='grc' dir='ltr'>τοῦτο</span> <span class='ocrx_word' id='word_1_150' title='bbox 1498 431 1545 458; x_wconf 75' lang='grc' dir='ltr'><strong>καὶ</strong></span> <span class='ocrx_word' id='word_1_151' title='bbox 1561 433 1589 458; x_wconf 80' lang='grc' dir='ltr'><strong>ἐν</strong></span> <span class='ocrx_word' id='word_1_152' title='bbox 1604 433 1746 463; x_wconf 75' lang='grc' dir='ltr'>ἁπλοῖκοῖς</span> <span class='ocrx_word' id='word_1_153' title='bbox 1764 434 1818 469; x_wconf 81' lang='grc' dir='ltr'><strong>ῥή-</strong></span> 
     </span>
    </p>
   </div>
   <div class='ocr_carea' id='block_1_23' title="bbox 1031 475 1819 514">
    <p class='ocr_par' dir='ltr' id='par_1_23' title="bbox 1031 475 1819 514">
     <span class='ocr_line' id='line_1_23' title="bbox 1031 475 1819 514; baseline 0.006 -13"><span class='ocrx_word' id='word_1_154' title='bbox 1031 482 1098 509; x_wconf 86' lang='grc' dir='ltr'>μασι</span> <span class='ocrx_word' id='word_1_155' title='bbox 1112 475 1201 502; x_wconf 86' lang='grc' dir='ltr'>ταῦτα</span> <span class='ocrx_word' id='word_1_156' title='bbox 1216 476 1370 511; x_wconf 80' lang='grc' dir='ltr'>ἐκτίθεμεν,</span> <span class='ocrx_word' id='word_1_157' title='bbox 1388 477 1458 514; x_wconf 85' lang='grc' dir='ltr'><strong>μηδέ</strong></span> <span class='ocrx_word' id='word_1_158' title='bbox 1471 478 1576 513; x_wconf 58' lang='grc' dir='ltr'>κομψὴν</span> <span class='ocrx_word' id='word_1_159' title='bbox 1592 480 1668 514; x_wconf 80' lang='grc' dir='ltr'>ῥῆμα</span> <span class='ocrx_word' id='word_1_160' title='bbox 1681 479 1819 512; x_wconf 80' lang='grc' dir='ltr'><strong>τιθέντες,</strong></span> 
     </span>
    </p>
   </div>
   <div class='ocr_carea' id='block_1_24' title="bbox 1031 520 1818 560">
    <p class='ocr_par' dir='ltr' id='par_1_24' title="bbox 1031 520 1818 560">
     <span class='ocr_line' id='line_1_24' title="bbox 1031 520 1818 560; baseline 0.006 -14"><span class='ocrx_word' id='word_1_161' title='bbox 1031 520 1099 555; x_wconf 72' lang='grc' dir='ltr'>μήτε</span> <span class='ocrx_word' id='word_1_162' title='bbox 1126 520 1230 553; x_wconf 79' lang='grc' dir='ltr'><strong>πλοκὰς</strong></span> <span class='ocrx_word' id='word_1_163' title='bbox 1254 521 1354 554; x_wconf 81' lang='grc' dir='ltr'><strong>λέξεων</strong></span> <span class='ocrx_word' id='word_1_164' title='bbox 1369 522 1409 555; x_wconf 73' lang='grc' dir='ltr'><strong>είς</strong></span> <span class='ocrx_word' id='word_1_165' title='bbox 1423 523 1459 550; x_wconf 78' lang='grc' dir='ltr'>τὰ</span> <span class='ocrx_word' id='word_1_166' title='bbox 1475 524 1567 559; x_wconf 75' lang='grc' dir='ltr'>ἀσαφῆ</span> <span class='ocrx_word' id='word_1_167' title='bbox 1603 525 1651 551; x_wconf 77' lang='grc' dir='ltr'>καὶ</span> <span class='ocrx_word' id='word_1_168' title='bbox 1667 525 1818 560; x_wconf 78' lang='grc' dir='ltr'><strong>δηλήματα</strong></span> 
     </span>
    </p>
   </div>
   <div class='ocr_carea' id='block_1_25' title="bbox 1028 563 1819 606">
    <p class='ocr_par' dir='ltr' id='par_1_25' title="bbox 1028 563 1819 606">
     <span class='ocr_line' id='line_1_25' title="bbox 1028 563 1819 606; baseline 0.004 -14"><span class='ocrx_word' id='word_1_169' title='bbox 1028 563 1099 592; x_wconf 80' lang='grc' dir='ltr'>εἶναι</span> <span class='ocrx_word' id='word_1_170' title='bbox 1116 566 1150 593; x_wconf 85' lang='grc' dir='ltr'><strong>τὰ</strong></span> <span class='ocrx_word' id='word_1_171' title='bbox 1174 567 1239 601; x_wconf 72' lang='grc' dir='ltr'>παρ’</span> <span class='ocrx_word' id='word_1_172' title='bbox 1259 567 1338 603; x_wconf 72' lang='grc' dir='ltr'>ημῶν</span> <span class='ocrx_word' id='word_1_173' title='bbox 1359 568 1508 604; x_wconf 85' lang='grc' dir='ltr'>λεγόμενα,</span> <span class='ocrx_word' id='word_1_174' title='bbox 1533 569 1550 605; x_wconf 76' lang='grc' dir='ltr'><strong>ἢ</strong></span> <span class='ocrx_word' id='word_1_175' title='bbox 1574 570 1748 606; x_wconf 79' lang='grc' dir='ltr'>γραφόμενα,</span> <span class='ocrx_word' id='word_1_176' title='bbox 1763 571 1819 597; x_wconf 77' lang='grc' dir='ltr'>κάν</span> 
     </span>
    </p>
   </div>
   <div class='ocr_carea' id='block_1_26' title="bbox 1030 611 1817 649">
    <p class='ocr_par' dir='ltr' id='par_1_26' title="bbox 1030 611 1817 649">
     <span class='ocr_line' id='line_1_26' title="bbox 1030 611 1817 649; baseline 0.006 -12"><span class='ocrx_word' id='word_1_177' title='bbox 1030 611 1117 646; x_wconf 84' lang='grc' dir='ltr'>τούτῳ</span> <span class='ocrx_word' id='word_1_178' title='bbox 1130 612 1175 638; x_wconf 76' lang='grc' dir='ltr'><strong>τὸν</strong></span> <span class='ocrx_word' id='word_1_179' title='bbox 1189 612 1278 639; x_wconf 70' lang='grc' dir='ltr'>κοινὸν</span> <span class='ocrx_word' id='word_1_180' title='bbox 1296 613 1461 648; x_wconf 83' lang='grc' dir='ltr'>μιμούμενοι</span> <span class='ocrx_word' id='word_1_181' title='bbox 1476 614 1610 649; x_wconf 82' lang='grc' dir='ltr'><strong>δεσπότην</strong></span> <span class='ocrx_word' id='word_1_182' title='bbox 1624 615 1670 642; x_wconf 74' lang='grc' dir='ltr'>καὶ</span> <span class='ocrx_word' id='word_1_183' title='bbox 1682 615 1817 642; x_wconf 79' lang='grc' dir='ltr'>διδάσκα-</span> 
     </span>
    </p>
   </div>
   <div class='ocr_carea' id='block_1_27' title="bbox 1029 657 1815 695">
    <p class='ocr_par' dir='ltr' id='par_1_27' title="bbox 1029 657 1815 695">
     <span class='ocr_line' id='line_1_27' title="bbox 1029 657 1815 695; baseline 0.006 -12"><span class='ocrx_word' id='word_1_184' title='bbox 1029 657 1074 683; x_wconf 88' lang='grc' dir='ltr'><strong>λον</strong></span> <span class='ocrx_word' id='word_1_185' title='bbox 1089 657 1239 692; x_wconf 73' lang='grc' dir='ltr'>φάσκοντα,</span> <span class='ocrx_word' id='word_1_186' title='bbox 1273 658 1314 686; x_wconf 82' lang='grc' dir='ltr'>ὅτι</span> <span class='ocrx_word' id='word_1_187' title='bbox 1335 659 1367 685; x_wconf 92' lang='lat'><strong>&#39;0</strong></span> <span class='ocrx_word' id='word_1_188' title='bbox 1383 659 1475 694; x_wconf 76' lang='grc' dir='ltr'>λόγος</span> <span class='ocrx_word' id='word_1_189' title='bbox 1488 660 1535 687; x_wconf 75' lang='grc' dir='ltr'><strong>καί</strong></span> <span class='ocrx_word' id='word_1_190' title='bbox 1551 660 1584 687; x_wconf 83' lang='grc' dir='ltr'>τὸ</span> <span class='ocrx_word' id='word_1_191' title='bbox 1597 661 1736 694; x_wconf 80' lang='grc' dir='ltr'>κήρυγμά</span> <span class='ocrx_word' id='word_1_192' title='bbox 1749 670 1815 695; x_wconf 83' lang='grc' dir='ltr'>μου</span> 
     </span>
    </p>
   </div>
   <div class='ocr_carea' id='block_1_28' title="bbox 1029 703 1815 741">
    <p class='ocr_par' dir='ltr' id='par_1_28' title="bbox 1029 703 1815 741">
     <span class='ocr_line' id='line_1_28' title="bbox 1029 703 1815 741; baseline 0.006 -12"><span class='ocrx_word' id='word_1_193' title='bbox 1029 704 1084 730; x_wconf 79' lang='grc' dir='ltr'>οὐκ</span> <span class='ocrx_word' id='word_1_194' title='bbox 1099 703 1134 730; x_wconf 71' lang='grc' dir='ltr'><strong>ἐν</strong></span> <span class='ocrx_word' id='word_1_195' title='bbox 1158 703 1258 732; x_wconf 77' lang='grc' dir='ltr'>πειθοῖ</span> <span class='ocrx_word' id='word_1_196' title='bbox 1279 705 1470 740; x_wconf 75' lang='grc' dir='ltr'><strong>ἀνθρωπίνης</strong></span> <span class='ocrx_word' id='word_1_197' title='bbox 1487 707 1598 740; x_wconf 75' lang='grc' dir='ltr'>σοφίας</span> <span class='ocrx_word' id='word_1_198' title='bbox 1611 707 1725 741; x_wconf 70' lang='grc' dir='ltr'>λόγοις,</span> <span class='ocrx_word' id='word_1_199' title='bbox 1739 707 1815 734; x_wconf 66' lang='grc' dir='ltr'><strong>ἀλλ’</strong></span> 
     </span>
    </p>
   </div>
   <div class='ocr_carea' id='block_1_29' title="bbox 1027 744 1815 786">
    <p class='ocr_par' dir='ltr' id='par_1_29' title="bbox 1027 744 1815 786">
     <span class='ocr_line' id='line_1_29' title="bbox 1027 744 1815 786; baseline 0.006 -12"><span class='ocrx_word' id='word_1_200' title='bbox 1027 746 1062 774; x_wconf 82' lang='grc' dir='ltr'><strong>ἐν</strong></span> <span class='ocrx_word' id='word_1_201' title='bbox 1088 744 1242 781; x_wconf 69' lang='grc' dir='ltr'>ἀποδείξει</span> <span class='ocrx_word' id='word_1_202' title='bbox 1265 751 1436 785; x_wconf 79' lang='grc' dir='ltr'>πνεύματος</span> <span class='ocrx_word' id='word_1_203' title='bbox 1458 751 1509 778; x_wconf 75' lang='grc' dir='ltr'>καὶ</span> <span class='ocrx_word' id='word_1_204' title='bbox 1534 751 1699 786; x_wconf 74' lang='grc' dir='ltr'>δυνάμεως.</span> <span class='ocrx_word' id='word_1_205' title='bbox 1723 752 1777 779; x_wconf 72' lang='grc' dir='ltr'>ἶνα</span> <span class='ocrx_word' id='word_1_206' title='bbox 1795 753 1815 786; x_wconf 78' lang='grc' dir='ltr'><strong><em>ἡ</em></strong></span> 
     </span>
    </p>
   </div>
   <div class='ocr_carea' id='block_1_30' title="bbox 195 785 1162 836">
    <p class='ocr_par' dir='ltr' id='par_1_30' title="bbox 195 785 1162 827">
     <span class='ocr_line' id='line_1_30' title="bbox 195 785 1162 827; baseline 0.001 -14"><span class='ocrx_word' id='word_1_207' title='bbox 195 787 293 821; x_wconf 81' lang='lat' dir='ltr'><strong>pientia</strong></span> <span class='ocrx_word' id='word_1_208' title='bbox 309 787 442 813; x_wconf 79' lang='lat' dir='ltr'><strong>hominum</strong></span> <span class='ocrx_word' id='word_1_209' title='bbox 459 805 466 818; x_wconf 93' lang='lat'><strong>,</strong></span> <span class='ocrx_word' id='word_1_210' title='bbox 482 785 527 812; x_wconf 79' lang='lat' dir='ltr'><strong>sed</strong></span> <span class='ocrx_word' id='word_1_211' title='bbox 545 786 571 812; x_wconf 85' lang='lat' dir='ltr'><strong>in</strong></span> <span class='ocrx_word' id='word_1_212' title='bbox 587 786 681 812; x_wconf 79' lang='lat' dir='ltr'><strong>virtute</strong></span> <span class='ocrx_word' id='word_1_213' title='bbox 698 785 746 812; x_wconf 75' lang='lat' dir='ltr'><strong>Det&quot;</strong></span> <span class='ocrx_word' id='word_1_214' title='bbox 766 786 785 812; x_wconf 84' lang='lat'>&#39;.</span> <span class='ocrx_word' id='word_1_215' title='bbox 801 786 974 821; x_wconf 74' lang='lat' dir='ltr'><strong>Quapropter</strong></span> <span class='ocrx_word' id='word_1_216' title='bbox 1030 794 1132 827; x_wconf 76' lang='grc' dir='ltr'><strong>πίστις</strong></span> <span class='ocrx_word' id='word_1_217' title='bbox 1155 804 1162 822; x_wconf 61' lang='grc' dir='ltr'><strong><em>π</em></strong></span> 
     </span>
    </p>
   </div>
   <div class='ocr_carea' id='block_1_31' title="bbox 1056 785 1818 836">
    <p class='ocr_par' dir='ltr' id='par_1_31' title="bbox 1056 785 1818 836">
     <span class='ocr_line' id='line_1_31' title="bbox 1056 785 1818 836; baseline 0.007 -15"><span class='ocrx_word' id='word_1_218' title='bbox 1056 794 1132 827; x_wconf 68' lang='lat' dir='ltr'><strong>tunc</strong></span> <span class='ocrx_word' id='word_1_219' title='bbox 1155 795 1240 830; x_wconf 77' lang='grc' dir='ltr'>ἡμῶν</span> <span class='ocrx_word' id='word_1_220' title='bbox 1250 795 1292 831; x_wconf 80' lang='grc' dir='ltr'>μὴ</span> <span class='ocrx_word' id='word_1_221' title='bbox 1305 793 1325 836; x_wconf 79' lang='grc' dir='ltr'><strong><em>ᾗ</em></strong></span> <span class='ocrx_word' id='word_1_222' title='bbox 1339 797 1373 824; x_wconf 83' lang='grc' dir='ltr'><strong>ἐν</strong></span> <span class='ocrx_word' id='word_1_223' title='bbox 1388 797 1482 832; x_wconf 78' lang='grc' dir='ltr'>σοφίᾳ</span> <span class='ocrx_word' id='word_1_224' title='bbox 1499 785 1670 832; x_wconf 56' lang='grc' dir='ltr'>ἀνθρώπων,</span> <span class='ocrx_word' id='word_1_225' title='bbox 1683 799 1756 826; x_wconf 78' lang='grc' dir='ltr'><em>ἀλλ’</em></span> <span class='ocrx_word' id='word_1_226' title='bbox 1780 785 1818 826; x_wconf 51' lang='lat' dir='ltr'><strong>si</strong></span> 
     </span>
    </p>
   </div>
   <div class='ocr_carea' id='block_1_32' title="bbox 194 831 1162 879">
    <p class='ocr_par' dir='ltr' id='par_1_32' title="bbox 194 831 1153 874">
     <span class='ocr_line' id='line_1_32' title="bbox 194 831 1153 874; baseline 0.001 -15"><span class='ocrx_word' id='word_1_227' title='bbox 194 839 246 859; x_wconf 91' lang='lat' dir='ltr'><strong>nos</strong></span> <span class='ocrx_word' id='word_1_228' title='bbox 266 839 386 866; x_wconf 86' lang='lat' dir='ltr'><strong>quoque,</strong></span> <span class='ocrx_word' id='word_1_229' title='bbox 402 831 477 857; x_wconf 89' lang='lat' dir='ltr'><strong>illius</strong></span> <span class='ocrx_word' id='word_1_230' title='bbox 487 831 639 858; x_wconf 83' lang='lat' dir='ltr'><strong>doctrinam</strong></span> <span class='ocrx_word' id='word_1_231' title='bbox 653 837 808 865; x_wconf 84' lang='lat' dir='ltr'><strong>sequentes,</strong></span> <span class='ocrx_word' id='word_1_232' title='bbox 822 840 881 866; x_wconf 65' lang='lat' dir='ltr'><strong>quas</strong></span> <span class='ocrx_word' id='word_1_233' title='bbox 897 832 974 860; x_wconf 83' lang='lat' dir='ltr'><strong>nobis</strong></span> <span class='ocrx_word' id='word_1_234' title='bbox 1028 840 1153 874; x_wconf 70' lang='grc' dir='ltr'><strong>δυνάμει</strong></span> 
     </span>
    </p>
   </div>
   <div class='ocr_carea' id='block_1_33' title="bbox 1056 831 1816 879">
    <p class='ocr_par' dir='ltr' id='par_1_33' title="bbox 1056 831 1816 879">
     <span class='ocr_line' id='line_1_33' title="bbox 1056 831 1816 879; baseline 0.005 -11"><span class='ocrx_word' id='word_1_235' title='bbox 1056 841 1153 874; x_wconf 58' lang='lat' dir='ltr'><strong>ardua</strong></span> <span class='ocrx_word' id='word_1_236' title='bbox 1179 842 1263 870; x_wconf 83' lang='grc' dir='ltr'>Θεοῦ.</span> <span class='ocrx_word' id='word_1_237' title='bbox 1287 831 1333 870; x_wconf 77' lang='grc' dir='ltr'><strong>Δὶδ</strong></span> <span class='ocrx_word' id='word_1_238' title='bbox 1355 843 1402 870; x_wconf 77' lang='grc' dir='ltr'>καὶ</span> <span class='ocrx_word' id='word_1_239' title='bbox 1418 831 1499 879; x_wconf 60' lang='grc' dir='ltr'>ἡμεῖς</span> <span class='ocrx_word' id='word_1_240' title='bbox 1523 831 1651 879; x_wconf 73' lang='grc' dir='ltr'>ἑπόμενοι</span> <span class='ocrx_word' id='word_1_241' title='bbox 1665 846 1699 879; x_wconf 80' lang='grc' dir='ltr'>τῇ</span> <span class='ocrx_word' id='word_1_242' title='bbox 1714 845 1816 872; x_wconf 82' lang='grc' dir='ltr'>τούτου</span> 
     </span>
    </p>
   </div>
   <div class='ocr_carea' id='block_1_34' title="bbox 194 875 1162 925">
    <p class='ocr_par' dir='ltr' id='par_1_34' title="bbox 194 875 1162 915">
     <span class='ocr_line' id='line_1_34' title="bbox 194 875 1162 915; baseline -0.002 -10"><span class='ocrx_word' id='word_1_243' title='bbox 194 878 294 905; x_wconf 91' lang='lat' dir='ltr'><strong>tradita</strong></span> <span class='ocrx_word' id='word_1_244' title='bbox 306 882 371 904; x_wconf 90' lang='lat' dir='ltr'><strong>sunt</strong></span> <span class='ocrx_word' id='word_1_245' title='bbox 384 886 397 904; x_wconf 79' lang='grc' dir='ltr'><strong>ιι</strong></span> <span class='ocrx_word' id='word_1_246' title='bbox 411 876 512 904; x_wconf 83' lang='lat' dir='ltr'><strong>Christi</strong></span> <span class='ocrx_word' id='word_1_247' title='bbox 530 877 650 904; x_wconf 80' lang='lat' dir='ltr'><strong>Ecclesia</strong></span> <span class='ocrx_word' id='word_1_248' title='bbox 662 877 781 905; x_wconf 86' lang='lat' dir='ltr'><strong>dicimus</strong></span> <span class='ocrx_word' id='word_1_249' title='bbox 804 882 830 905; x_wconf 87' lang='lat' dir='ltr'><strong>et</strong></span> <span class='ocrx_word' id='word_1_250' title='bbox 842 878 974 912; x_wconf 61' lang='lat' dir='ltr'><strong>pradiea-</strong></span> <span class='ocrx_word' id='word_1_251' title='bbox 990 875 1012 903; x_wconf 79' lang='grc' dir='ltr'><strong>Β</strong></span> <span class='ocrx_word' id='word_1_252' title='bbox 1027 887 1162 915; x_wconf 41' lang='grc' dir='ltr'>διδασκαλγ</span> 
     </span>
    </p>
   </div>
   <div class='ocr_carea' id='block_1_35' title="bbox 1056 875 1816 925">
    <p class='ocr_par' dir='ltr' id='par_1_35' title="bbox 1056 875 1816 925">
     <span class='ocr_line' id='line_1_35' title="bbox 1056 875 1816 925; baseline 0.005 -12"><span class='ocrx_word' id='word_1_253' title='bbox 1056 887 1200 924; x_wconf 78' lang='grc' dir='ltr'>δασκαλίᾳ,</span> <span class='ocrx_word' id='word_1_254' title='bbox 1212 888 1246 915; x_wconf 83' lang='grc' dir='ltr'>τὰ</span> <span class='ocrx_word' id='word_1_255' title='bbox 1271 875 1459 924; x_wconf 54' lang='grc' dir='ltr'>παραδοθέντα</span> <span class='ocrx_word' id='word_1_256' title='bbox 1475 890 1540 925; x_wconf 86' lang='grc' dir='ltr'>ἡμῖν</span> <span class='ocrx_word' id='word_1_257' title='bbox 1552 875 1605 917; x_wconf 67' lang='grc' dir='ltr'>ἀέτδ</span> <span class='ocrx_word' id='word_1_258' title='bbox 1622 890 1672 925; x_wconf 81' lang='grc' dir='ltr'>τῆς</span> <span class='ocrx_word' id='word_1_259' title='bbox 1685 875 1816 925; x_wconf 44' lang='grc' dir='ltr'>ἶΕκκλη-</span> 
     </span>
    </p>
   </div>
   <div class='ocr_carea' id='block_1_36' title="bbox 196 923 972 958">
    <p class='ocr_par' dir='ltr' id='par_1_36' title="bbox 196 923 972 958">
     <span class='ocr_line' id='line_1_36' title="bbox 196 923 972 958; baseline 0.001 -8"><span class='ocrx_word' id='word_1_260' title='bbox 196 932 269 957; x_wconf 85' lang='lat' dir='ltr'><strong>mus,</strong></span> <span class='ocrx_word' id='word_1_261' title='bbox 284 931 338 950; x_wconf 94' lang='lat' dir='ltr'><strong>nou</strong></span> <span class='ocrx_word' id='word_1_262' title='bbox 352 923 526 950; x_wconf 86' lang='lat' dir='ltr'><strong>sermonibus</strong></span> <span class='ocrx_word' id='word_1_263' title='bbox 540 923 663 950; x_wconf 80' lang='lat' dir='ltr'><strong>venustis</strong></span> <span class='ocrx_word' id='word_1_264' title='bbox 676 923 818 958; x_wconf 85' lang='lat' dir='ltr'><strong>scilisque,</strong></span> <span class='ocrx_word' id='word_1_265' title='bbox 834 931 922 958; x_wconf 91' lang='lat' dir='ltr'><strong>neque</strong></span> <span class='ocrx_word' id='word_1_266' title='bbox 937 924 972 951; x_wconf 81' lang='lat' dir='ltr'><strong>ab</strong></span> 
     </span>
    </p>
   </div>
   <div class='ocr_carea' id='block_1_37' title="bbox 194 968 971 1003">
    <p class='ocr_par' dir='ltr' id='par_1_37' title="bbox 194 968 971 1003">
     <span class='ocr_line' id='line_1_37' title="bbox 194 968 971 1003; baseline -0.004 -6"><span class='ocrx_word' id='word_1_267' title='bbox 194 969 313 998; x_wconf 65' lang='lat' dir='ltr'><strong>externis</strong></span> <span class='ocrx_word' id='word_1_268' title='bbox 327 968 419 1003; x_wconf 90' lang='lat' dir='ltr'><strong>petitis</strong></span> <span class='ocrx_word' id='word_1_269' title='bbox 437 968 720 1003; x_wconf 76' lang='lat' dir='ltr'><strong>argumentationibus</strong></span> <span class='ocrx_word' id='word_1_270' title='bbox 734 988 742 1000; x_wconf 92' lang='lat'><strong>,</strong></span> <span class='ocrx_word' id='word_1_271' title='bbox 759 973 788 995; x_wconf 90' lang='lat' dir='ltr'><strong>ut</strong></span> <span class='ocrx_word' id='word_1_272' title='bbox 803 968 906 995; x_wconf 89' lang='lat' dir='ltr'><strong>dictutn</strong></span> <span class='ocrx_word' id='word_1_273' title='bbox 918 972 971 1001; x_wconf 88' lang='lat' dir='ltr'><strong>est,</strong></span> 
     </span>
    </p>
   </div>
   <div class='ocr_carea' id='block_1_38' title="bbox 194 1013 972 1048">
    <p class='ocr_par' dir='ltr' id='par_1_38' title="bbox 194 1013 972 1048">
     <span class='ocr_line' id='line_1_38' title="bbox 194 1013 972 1048; baseline -0.004 -5"><span class='ocrx_word' id='word_1_274' title='bbox 194 1018 241 1044; x_wconf 84' lang='lat' dir='ltr'><strong>sed</strong></span> <span class='ocrx_word' id='word_1_275' title='bbox 255 1024 286 1043; x_wconf 78' lang='lat' dir='ltr'><strong>ex</strong></span> <span class='ocrx_word' id='word_1_276' title='bbox 304 1015 415 1041; x_wconf 81' lang='lat' dir='ltr'><strong>Patrum</strong></span> <span class='ocrx_word' id='word_1_277' title='bbox 429 1014 540 1041; x_wconf 89' lang='lat' dir='ltr'><strong>monitis</strong></span> <span class='ocrx_word' id='word_1_278' title='bbox 553 1019 579 1040; x_wconf 85' lang='lat' dir='ltr'><strong>ct</strong></span> <span class='ocrx_word' id='word_1_279' title='bbox 590 1013 693 1048; x_wconf 87' lang='lat' dir='ltr'><strong>scripto</strong></span> <span class='ocrx_word' id='word_1_280' title='bbox 709 1014 788 1041; x_wconf 89' lang='lat' dir='ltr'><strong>nobis</strong></span> <span class='ocrx_word' id='word_1_281' title='bbox 804 1013 902 1040; x_wconf 85' lang='lat' dir='ltr'><strong>tradita</strong></span> <span class='ocrx_word' id='word_1_282' title='bbox 917 1018 972 1040; x_wconf 87' lang='lat' dir='ltr'><strong>tra-</strong></span> 
     </span>
    </p>
   </div>
   <div class='ocr_carea' id='block_1_39' title="bbox 192 1059 972 1095">
    <p class='ocr_par' dir='ltr' id='par_1_39' title="bbox 192 1059 972 1095">
     <span class='ocr_line' id='line_1_39' title="bbox 192 1059 972 1095; baseline -0.005 -5"><span class='ocrx_word' id='word_1_283' title='bbox 192 1062 396 1094; x_wconf 88' lang='lat' dir='ltr'><strong>ditione,verba</strong></span> <span class='ocrx_word' id='word_1_284' title='bbox 410 1065 501 1088; x_wconf 88' lang='lat' dir='ltr'><strong>nostra</strong></span> <span class='ocrx_word' id='word_1_285' title='bbox 515 1061 672 1095; x_wconf 82' lang='lat' dir='ltr'><strong>scriptaque</strong></span> <span class='ocrx_word' id='word_1_286' title='bbox 681 1060 905 1094; x_wconf 84' lang='lat' dir='ltr'><strong>comprobamus,</strong></span> <span class='ocrx_word' id='word_1_287' title='bbox 920 1059 972 1087; x_wconf 82' lang='lat' dir='ltr'><strong>Pa-</strong></span> 
     </span>
    </p>
   </div>
   <div class='ocr_carea' id='block_1_40' title="bbox 193 1106 969 1143">
    <p class='ocr_par' dir='ltr' id='par_1_40' title="bbox 193 1106 969 1143">
     <span class='ocr_line' id='line_1_40' title="bbox 193 1106 969 1143; baseline -0.004 -7"><span class='ocrx_word' id='word_1_288' title='bbox 193 1114 320 1143; x_wconf 89' lang='lat' dir='ltr'><strong>trutnque</strong></span> <span class='ocrx_word' id='word_1_289' title='bbox 332 1113 489 1135; x_wconf 88' lang='lat' dir='ltr'><strong>nostrorum</strong></span> <span class='ocrx_word' id='word_1_290' title='bbox 507 1107 534 1134; x_wconf 92' lang='lat' dir='ltr'><strong>in</strong></span> <span class='ocrx_word' id='word_1_291' title='bbox 549 1106 678 1134; x_wconf 85' lang='lat' dir='ltr'><strong>omnibus</strong></span> <span class='ocrx_word' id='word_1_292' title='bbox 689 1106 802 1142; x_wconf 80' lang='lat' dir='ltr'><strong>vestigia</strong></span> <span class='ocrx_word' id='word_1_293' title='bbox 816 1106 969 1141; x_wconf 85' lang='lat' dir='ltr'><strong>sequimur,</strong></span> 
     </span>
    </p>
   </div>
   <div class='ocr_carea' id='block_1_41' title="bbox 191 1153 971 1189">
    <p class='ocr_par' dir='ltr' id='par_1_41' title="bbox 191 1153 971 1189">
     <span class='ocr_line' id='line_1_41' title="bbox 191 1153 971 1189; baseline -0.003 -7"><span class='ocrx_word' id='word_1_294' title='bbox 191 1161 406 1189; x_wconf 83' lang='lat' dir='ltr'><strong>sequemurque,</strong></span> <span class='ocrx_word' id='word_1_295' title='bbox 427 1160 515 1187; x_wconf 89' lang='lat' dir='ltr'><strong>tteque</strong></span> <span class='ocrx_word' id='word_1_296' title='bbox 537 1159 656 1186; x_wconf 82' lang='lat' dir='ltr'><strong>unquam</strong></span> <span class='ocrx_word' id='word_1_297' title='bbox 677 1153 758 1180; x_wconf 88' lang='lat' dir='ltr'><strong>aliter</strong></span> <span class='ocrx_word' id='word_1_298' title='bbox 780 1153 971 1180; x_wconf 85' lang='lat' dir='ltr'><strong>comminisce-</strong></span> 
     </span>
    </p>
   </div>
   <div class='ocr_carea' id='block_1_42' title="bbox 192 1198 970 1234">
    <p class='ocr_par' dir='ltr' id='par_1_42' title="bbox 192 1198 970 1234">
     <span class='ocr_line' id='line_1_42' title="bbox 192 1198 970 1234; baseline -0.005 -6"><span class='ocrx_word' id='word_1_299' title='bbox 192 1209 254 1228; x_wconf 90' lang='lat' dir='ltr'><strong>mur</strong></span> <span class='ocrx_word' id='word_1_300' title='bbox 272 1209 279 1227; x_wconf 86' lang='lat'><strong>:</strong></span> <span class='ocrx_word' id='word_1_301' title='bbox 295 1198 523 1234; x_wconf 83' lang='lat' dir='ltr'><strong>quemadmodum</strong></span> <span class='ocrx_word' id='word_1_302' title='bbox 546 1204 651 1224; x_wconf 83' lang='lat' dir='ltr'><strong>sacram</strong></span> <span class='ocrx_word' id='word_1_303' title='bbox 672 1202 745 1224; x_wconf 87' lang='lat' dir='ltr'><strong>tuatn</strong></span> <span class='ocrx_word' id='word_1_304' title='bbox 763 1202 788 1224; x_wconf 90' lang='lat' dir='ltr'><strong>et</strong></span> <span class='ocrx_word' id='word_1_305' title='bbox 803 1198 970 1232; x_wconf 87' lang='lat' dir='ltr'><strong>imperialem</strong></span> 
     </span>
    </p>
   </div>
   <div class='ocr_carea' id='block_1_43' title="bbox 192 1244 970 1280">
    <p class='ocr_par' dir='ltr' id='par_1_43' title="bbox 192 1244 970 1280">
     <span class='ocr_line' id='line_1_43' title="bbox 192 1244 970 1280; baseline -0.004 -6"><span class='ocrx_word' id='word_1_306' title='bbox 192 1247 309 1274; x_wconf 87' lang='lat' dir='ltr'><strong>animant</strong></span> <span class='ocrx_word' id='word_1_307' title='bbox 329 1244 521 1280; x_wconf 75' lang='lat' dir='ltr'><strong>imaginamur,</strong></span> <span class='ocrx_word' id='word_1_308' title='bbox 531 1249 559 1270; x_wconf 85' lang='lat' dir='ltr'><strong>et</strong></span> <span class='ocrx_word' id='word_1_309' title='bbox 571 1244 721 1277; x_wconf 84' lang='lat' dir='ltr'><strong>credimus,</strong></span> <span class='ocrx_word' id='word_1_310' title='bbox 736 1250 875 1278; x_wconf 80' lang='lat' dir='ltr'><strong>nunquam</strong></span> <span class='ocrx_word' id='word_1_311' title='bbox 891 1245 970 1271; x_wconf 81' lang='lat' dir='ltr'><strong>aliter</strong></span> 
     </span>
    </p>
   </div>
   <div class='ocr_carea' id='block_1_44' title="bbox 191 1292 400 1320">
    <p class='ocr_par' dir='ltr' id='par_1_44' title="bbox 191 1292 400 1320">
     <span class='ocr_line' id='line_1_44' title="bbox 191 1292 400 1320; baseline -0.014 0"><span class='ocrx_word' id='word_1_312' title='bbox 191 1300 220 1320; x_wconf 88' lang='lat' dir='ltr'><strong>se</strong></span> <span class='ocrx_word' id='word_1_313' title='bbox 236 1292 400 1319; x_wconf 78' lang='lat' dir='ltr'><strong>habituram.</strong></span> 
     </span>
    </p>
   </div>
   <div class='ocr_carea' id='block_1_45' title="bbox 224 1335 966 1372">
    <p class='ocr_par' dir='ltr' id='par_1_45' title="bbox 224 1335 966 1372">
     <span class='ocr_line' id='line_1_45' title="bbox 224 1335 966 1372; baseline -0.001 -7"><span class='ocrx_word' id='word_1_314' title='bbox 224 1339 251 1365; x_wconf 78' lang='lat'><strong>&#39;5.</strong></span> <span class='ocrx_word' id='word_1_315' title='bbox 261 1338 354 1372; x_wconf 75' lang='lat' dir='ltr'><strong>Neque</strong></span> <span class='ocrx_word' id='word_1_316' title='bbox 366 1340 476 1371; x_wconf 80' lang='lat' dir='ltr'><strong>propter</strong></span> <span class='ocrx_word' id='word_1_317' title='bbox 487 1337 518 1364; x_wconf 91' lang='lat' dir='ltr'><strong>de</strong></span> <span class='ocrx_word' id='word_1_318' title='bbox 532 1343 599 1363; x_wconf 83' lang='lat' dir='ltr'><strong>novo</strong></span> <span class='ocrx_word' id='word_1_319' title='bbox 613 1336 690 1363; x_wconf 80' lang='lat' dir='ltr'><strong>statis</strong></span> <span class='ocrx_word' id='word_1_320' title='bbox 702 1335 868 1370; x_wconf 87' lang='lat' dir='ltr'><strong>temporibus</strong></span> <span class='ocrx_word' id='word_1_321' title='bbox 894 1343 966 1370; x_wconf 73' lang='lat' dir='ltr'><strong>quac-</strong></span> 
     </span>
    </p>
   </div>
   <div class='ocr_carea' id='block_1_46' title="bbox 189 1381 969 1415">
    <p class='ocr_par' dir='ltr' id='par_1_46' title="bbox 189 1381 969 1415">
     <span class='ocr_line' id='line_1_46' title="bbox 189 1381 969 1415; baseline -0.003 -5"><span class='ocrx_word' id='word_1_322' title='bbox 189 1384 292 1410; x_wconf 83' lang='lat' dir='ltr'><strong>stiones</strong></span> <span class='ocrx_word' id='word_1_323' title='bbox 303 1387 421 1414; x_wconf 85' lang='lat' dir='ltr'><strong>exortas,</strong></span> <span class='ocrx_word' id='word_1_324' title='bbox 431 1386 456 1409; x_wconf 89' lang='lat' dir='ltr'><strong>et</strong></span> <span class='ocrx_word' id='word_1_325' title='bbox 466 1381 534 1409; x_wconf 79' lang='lat' dir='ltr'><strong>male</strong></span> <span class='ocrx_word' id='word_1_326' title='bbox 544 1381 716 1415; x_wconf 83' lang='lat' dir='ltr'><strong>opinantium</strong></span> <span class='ocrx_word' id='word_1_327' title='bbox 743 1388 811 1408; x_wconf 87' lang='lat' dir='ltr'><strong>nova</strong></span> <span class='ocrx_word' id='word_1_328' title='bbox 832 1388 969 1408; x_wconf 88' lang='lat' dir='ltr'><strong>commen-</strong></span> 
     </span>
    </p>
   </div>
   <div class='ocr_carea' id='block_1_47' title="bbox 192 1426 969 1460">
    <p class='ocr_par' dir='ltr' id='par_1_47' title="bbox 192 1426 969 1460">
     <span class='ocr_line' id='line_1_47' title="bbox 192 1426 969 1460; baseline -0.003 -5"><span class='ocrx_word' id='word_1_329' title='bbox 192 1434 230 1460; x_wconf 85' lang='lat' dir='ltr'><strong>ta,</strong></span> <span class='ocrx_word' id='word_1_330' title='bbox 242 1429 321 1456; x_wconf 80' lang='lat' dir='ltr'><strong>[idem</strong></span> <span class='ocrx_word' id='word_1_331' title='bbox 336 1428 417 1454; x_wconf 79' lang='lat' dir='ltr'><strong>aliaat</strong></span> <span class='ocrx_word' id='word_1_332' title='bbox 435 1432 544 1455; x_wconf 85' lang='lat' dir='ltr'><strong>sanctos</strong></span> <span class='ocrx_word' id='word_1_333' title='bbox 559 1426 654 1454; x_wconf 81' lang='lat' dir='ltr'><strong>Patres</strong></span> <span class='ocrx_word' id='word_1_334' title='bbox 669 1427 694 1453; x_wconf 91' lang='lat' dir='ltr'><strong>id</strong></span> <span class='ocrx_word' id='word_1_335' title='bbox 706 1427 755 1454; x_wconf 68' lang='lat' dir='ltr'><strong>aevi</strong></span> <span class='ocrx_word' id='word_1_336' title='bbox 770 1428 796 1453; x_wconf 92' lang='lat' dir='ltr'><strong>in</strong></span> <span class='ocrx_word' id='word_1_337' title='bbox 808 1434 890 1453; x_wconf 83' lang='lat' dir='ltr'><strong>unum</strong></span> <span class='ocrx_word' id='word_1_338' title='bbox 907 1433 969 1454; x_wconf 89' lang='lat' dir='ltr'><strong>coa-</strong></span> 
     </span>
    </p>
   </div>
   <div class='ocr_carea' id='block_1_48' title="bbox 172 1465 969 1509">
    <p class='ocr_par' dir='ltr' id='par_1_48' title="bbox 172 1465 969 1509">
     <span class='ocr_line' id='line_1_48' title="bbox 172 1465 969 1509; baseline -0.001 -7"><span class='ocrx_word' id='word_1_339' title='bbox 172 1465 176 1469; x_wconf 56' lang='grc'><strong>”</strong></span> <span class='ocrx_word' id='word_1_340' title='bbox 188 1479 249 1502; x_wconf 84' lang='lat' dir='ltr'><strong>ctos</strong></span> <span class='ocrx_word' id='word_1_341' title='bbox 262 1473 434 1509; x_wconf 86' lang='lat' dir='ltr'><strong>propriorum</strong></span> <span class='ocrx_word' id='word_1_342' title='bbox 448 1474 589 1500; x_wconf 87' lang='lat' dir='ltr'><strong>verborum</strong></span> <span class='ocrx_word' id='word_1_343' title='bbox 606 1480 675 1499; x_wconf 89' lang='lat' dir='ltr'><strong>nova</strong></span> <span class='ocrx_word' id='word_1_344' title='bbox 684 1473 841 1500; x_wconf 88' lang='lat' dir='ltr'><strong>inductione</strong></span> <span class='ocrx_word' id='word_1_345' title='bbox 853 1473 969 1501; x_wconf 78' lang='lat' dir='ltr'><strong>edidisse</strong></span> 
     </span>
    </p>
   </div>
   <div class='ocr_carea' id='block_1_49' title="bbox 1025 933 1814 971">
    <p class='ocr_par' dir='ltr' id='par_1_49' title="bbox 1025 933 1814 971">
     <span class='ocr_line' id='line_1_49' title="bbox 1025 933 1814 971; baseline 0.005 -12"><span class='ocrx_word' id='word_1_346' title='bbox 1025 933 1085 965; x_wconf 80' lang='grc' dir='ltr'>σίας</span> <span class='ocrx_word' id='word_1_347' title='bbox 1100 933 1219 967; x_wconf 79' lang='grc' dir='ltr'>Χριστοῦ</span> <span class='ocrx_word' id='word_1_348' title='bbox 1232 935 1348 970; x_wconf 68' lang='grc' dir='ltr'>λέγομέν</span> <span class='ocrx_word' id='word_1_349' title='bbox 1364 943 1396 962; x_wconf 81' lang='grc' dir='ltr'><strong>τε</strong></span> <span class='ocrx_word' id='word_1_350' title='bbox 1414 935 1462 962; x_wconf 76' lang='grc' dir='ltr'>καὶ</span> <span class='ocrx_word' id='word_1_351' title='bbox 1477 935 1652 970; x_wconf 67' lang='grc' dir='ltr'>κηρύττομεν</span> <span class='ocrx_word' id='word_1_352' title='bbox 1667 936 1698 963; x_wconf 83' lang='grc' dir='ltr'>οὗ</span> <span class='ocrx_word' id='word_1_353' title='bbox 1714 936 1814 971; x_wconf 83' lang='grc' dir='ltr'>λόγοις</span> 
     </span>
    </p>
   </div>
   <div class='ocr_carea' id='block_1_50' title="bbox 1024 979 1814 1018">
    <p class='ocr_par' dir='ltr' id='par_1_50' title="bbox 1024 979 1814 1018">
     <span class='ocr_line' id='line_1_50' title="bbox 1024 979 1814 1018; baseline 0.005 -13"><span class='ocrx_word' id='word_1_354' title='bbox 1024 979 1142 1014; x_wconf 76' lang='grc' dir='ltr'>κομψοῖς</span> <span class='ocrx_word' id='word_1_355' title='bbox 1164 980 1211 1006; x_wconf 79' lang='grc' dir='ltr'><strong>καὶ</strong></span> <span class='ocrx_word' id='word_1_356' title='bbox 1230 980 1423 1016; x_wconf 76' lang='grc' dir='ltr'>συλλογισμοῖς</span> <span class='ocrx_word' id='word_1_357' title='bbox 1437 982 1469 1008; x_wconf 83' lang='grc' dir='ltr'><strong>ἐκ</strong></span> <span class='ocrx_word' id='word_1_358' title='bbox 1493 982 1546 1008; x_wconf 85' lang='grc' dir='ltr'><strong>τῶν</strong></span> <span class='ocrx_word' id='word_1_359' title='bbox 1561 981 1672 1014; x_wconf 73' lang='grc' dir='ltr'>ἔξωθεν,</span> <span class='ocrx_word' id='word_1_360' title='bbox 1685 982 1724 1014; x_wconf 84' lang='grc' dir='ltr'><strong>ὡς</strong></span> <span class='ocrx_word' id='word_1_361' title='bbox 1740 991 1814 1018; x_wconf 85' lang='grc' dir='ltr'>προ-</span> 
     </span>
    </p>
   </div>
   <div class='ocr_carea' id='block_1_51' title="bbox 1024 1023 1813 1062">
    <p class='ocr_par' dir='ltr' id='par_1_51' title="bbox 1024 1023 1813 1062">
     <span class='ocr_line' id='line_1_51' title="bbox 1024 1023 1813 1062; baseline 0.006 -12"><span class='ocrx_word' id='word_1_362' title='bbox 1024 1023 1162 1059; x_wconf 80' lang='grc' dir='ltr'>λέλεκται,</span> <span class='ocrx_word' id='word_1_363' title='bbox 1177 1025 1235 1053; x_wconf 78' lang='grc' dir='ltr'>ἀλλ’</span> <span class='ocrx_word' id='word_1_364' title='bbox 1263 1027 1295 1053; x_wconf 81' lang='grc' dir='ltr'><strong>ἐκ</strong></span> <span class='ocrx_word' id='word_1_365' title='bbox 1319 1027 1371 1061; x_wconf 80' lang='grc' dir='ltr'>τῆς</span> <span class='ocrx_word' id='word_1_366' title='bbox 1394 1027 1448 1054; x_wconf 82' lang='grc' dir='ltr'><strong>τῶν</strong></span> <span class='ocrx_word' id='word_1_367' title='bbox 1472 1028 1602 1062; x_wconf 82' lang='grc' dir='ltr'>Πατέρων</span> <span class='ocrx_word' id='word_1_368' title='bbox 1616 1028 1813 1060; x_wconf 67' lang='grc' dir='ltr'><strong>διδασκαλίας,</strong></span> 
     </span>
    </p>
   </div>
   <div class='ocr_carea' id='block_1_52' title="bbox 1023 1070 1812 1108">
    <p class='ocr_par' dir='ltr' id='par_1_52' title="bbox 1023 1070 1812 1108">
     <span class='ocr_line' id='line_1_52' title="bbox 1023 1070 1812 1108; baseline 0.004 -11"><span class='ocrx_word' id='word_1_369' title='bbox 1023 1070 1071 1097; x_wconf 83' lang='grc' dir='ltr'>καὶ</span> <span class='ocrx_word' id='word_1_370' title='bbox 1088 1070 1136 1105; x_wconf 85' lang='grc' dir='ltr'>τῆς</span> <span class='ocrx_word' id='word_1_371' title='bbox 1152 1072 1291 1107; x_wconf 75' lang='grc' dir='ltr'>ἐγγράφου</span> <span class='ocrx_word' id='word_1_372' title='bbox 1309 1072 1388 1108; x_wconf 76' lang='grc' dir='ltr'>ἡμῶν</span> <span class='ocrx_word' id='word_1_373' title='bbox 1401 1073 1578 1108; x_wconf 81' lang='grc' dir='ltr'>παραδόσεως</span> <span class='ocrx_word' id='word_1_374' title='bbox 1592 1073 1757 1106; x_wconf 78' lang='grc' dir='ltr'>πιστοῦντες</span> <span class='ocrx_word' id='word_1_375' title='bbox 1775 1075 1812 1101; x_wconf 76' lang='grc' dir='ltr'><strong>τὰ</strong></span> 
     </span>
    </p>
   </div>
   <div class='ocr_carea' id='block_1_53' title="bbox 1022 1114 1812 1153">
    <p class='ocr_par' dir='ltr' id='par_1_53' title="bbox 1022 1114 1812 1153">
     <span class='ocr_line' id='line_1_53' title="bbox 1022 1114 1812 1153; baseline 0.006 -13"><span class='ocrx_word' id='word_1_376' title='bbox 1022 1114 1088 1149; x_wconf 84' lang='grc' dir='ltr'>παρ’</span> <span class='ocrx_word' id='word_1_377' title='bbox 1114 1115 1192 1150; x_wconf 80' lang='grc' dir='ltr'>ἡμῶν</span> <span class='ocrx_word' id='word_1_378' title='bbox 1217 1116 1354 1151; x_wconf 83' lang='grc' dir='ltr'>λεγόμενά</span> <span class='ocrx_word' id='word_1_379' title='bbox 1371 1125 1401 1143; x_wconf 82' lang='grc' dir='ltr'><strong>τε</strong></span> <span class='ocrx_word' id='word_1_380' title='bbox 1418 1117 1466 1144; x_wconf 79' lang='grc' dir='ltr'>καὶ</span> <span class='ocrx_word' id='word_1_381' title='bbox 1491 1117 1665 1153; x_wconf 78' lang='grc' dir='ltr'>γραφόμενα,</span> <span class='ocrx_word' id='word_1_382' title='bbox 1682 1118 1730 1144; x_wconf 81' lang='grc' dir='ltr'>καὶ</span> <span class='ocrx_word' id='word_1_383' title='bbox 1751 1119 1812 1150; x_wconf 78' lang='grc' dir='ltr'>τοῖς</span> 
     </span>
    </p>
   </div>
   <div class='ocr_carea' id='block_1_54' title="bbox 1022 1161 1813 1199">
    <p class='ocr_par' dir='ltr' id='par_1_54' title="bbox 1022 1161 1813 1199">
     <span class='ocr_line' id='line_1_54' title="bbox 1022 1161 1813 1199; baseline 0.006 -13"><span class='ocrx_word' id='word_1_384' title='bbox 1022 1161 1160 1195; x_wconf 77' lang='grc' dir='ltr'>Πατράσιν</span> <span class='ocrx_word' id='word_1_385' title='bbox 1182 1161 1260 1197; x_wconf 85' lang='grc' dir='ltr'>ήμῶν</span> <span class='ocrx_word' id='word_1_386' title='bbox 1281 1162 1311 1189; x_wconf 86' lang='grc' dir='ltr'><strong>ἐν</strong></span> <span class='ocrx_word' id='word_1_387' title='bbox 1333 1161 1436 1190; x_wconf 69' lang='grc' dir='ltr'>ἅπασιν</span> <span class='ocrx_word' id='word_1_388' title='bbox 1458 1162 1658 1199; x_wconf 81' lang='grc' dir='ltr'>ἀκολαυθοῦμεν</span> <span class='ocrx_word' id='word_1_389' title='bbox 1679 1164 1728 1191; x_wconf 71' lang='grc' dir='ltr'>καὶ</span> <span class='ocrx_word' id='word_1_390' title='bbox 1743 1164 1813 1191; x_wconf 81' lang='grc' dir='ltr'>ἀκο-</span> 
     </span>
    </p>
   </div>
   <div class='ocr_carea' id='block_1_55' title="bbox 1021 1206 1809 1246">
    <p class='ocr_par' dir='ltr' id='par_1_55' title="bbox 1021 1206 1809 1246">
     <span class='ocr_line' id='line_1_55' title="bbox 1021 1206 1809 1246; baseline 0.006 -14"><span class='ocrx_word' id='word_1_391' title='bbox 1021 1206 1199 1242; x_wconf 85' lang='grc' dir='ltr'>λουθήσομεν,</span> <span class='ocrx_word' id='word_1_392' title='bbox 1208 1208 1255 1235; x_wconf 74' lang='grc' dir='ltr'>καὶ</span> <span class='ocrx_word' id='word_1_393' title='bbox 1265 1208 1391 1236; x_wconf 82' lang='grc' dir='ltr'>οὐδέποτε</span> <span class='ocrx_word' id='word_1_394' title='bbox 1406 1209 1493 1241; x_wconf 76' lang='grc' dir='ltr'>ἄλλως</span> <span class='ocrx_word' id='word_1_395' title='bbox 1505 1209 1604 1245; x_wconf 73' lang='grc' dir='ltr'>ἕξομεν</span> <span class='ocrx_word' id='word_1_396' title='bbox 1615 1217 1623 1225; x_wconf 80' lang='grc'><strong><em>⁸</em></strong></span> <span class='ocrx_word' id='word_1_397' title='bbox 1635 1209 1732 1246; x_wconf 80' lang='grc' dir='ltr'>ὥσπερ</span> <span class='ocrx_word' id='word_1_398' title='bbox 1744 1211 1809 1238; x_wconf 69' lang='grc' dir='ltr'>οὐδὲ</span> 
     </span>
    </p>
   </div>
   <div class='ocr_carea' id='block_1_56' title="bbox 1021 1252 1811 1292">
    <p class='ocr_par' dir='ltr' id='par_1_56' title="bbox 1021 1252 1811 1292">
     <span class='ocr_line' id='line_1_56' title="bbox 1021 1252 1811 1292; baseline 0.008 -14"><span class='ocrx_word' id='word_1_399' title='bbox 1021 1252 1070 1288; x_wconf 80' lang='grc' dir='ltr'>τὴν</span> <span class='ocrx_word' id='word_1_400' title='bbox 1086 1253 1135 1288; x_wconf 84' lang='grc' dir='ltr'>σὴν</span> <span class='ocrx_word' id='word_1_401' title='bbox 1149 1254 1224 1289; x_wconf 77' lang='grc' dir='ltr'>ίερὰν</span> <span class='ocrx_word' id='word_1_402' title='bbox 1249 1254 1296 1281; x_wconf 75' lang='grc' dir='ltr'>καὶ</span> <span class='ocrx_word' id='word_1_403' title='bbox 1312 1254 1454 1289; x_wconf 75' lang='grc' dir='ltr'>βασιλικὴν</span> <span class='ocrx_word' id='word_1_404' title='bbox 1479 1255 1568 1292; x_wconf 82' lang='grc' dir='ltr'>ψυχὴν</span> <span class='ocrx_word' id='word_1_405' title='bbox 1585 1256 1732 1292; x_wconf 72' lang='grc' dir='ltr'>ἐννοοῦμεν</span> <span class='ocrx_word' id='word_1_406' title='bbox 1758 1256 1811 1285; x_wconf 74' lang='grc' dir='ltr'>καὶ</span> 
     </span>
    </p>
   </div>
   <div class='ocr_carea' id='block_1_57' title="bbox 1022 1298 1503 1333">
    <p class='ocr_par' dir='ltr' id='par_1_57' title="bbox 1022 1298 1503 1333">
     <span class='ocr_line' id='line_1_57' title="bbox 1022 1298 1503 1333; baseline 0.008 -9"><span class='ocrx_word' id='word_1_407' title='bbox 1022 1298 1186 1333; x_wconf 69' lang='grc' dir='ltr'>πιστεύομεν</span> <span class='ocrx_word' id='word_1_408' title='bbox 1202 1299 1288 1331; x_wconf 78' lang='grc' dir='ltr'>ἄλλως</span> <span class='ocrx_word' id='word_1_409' title='bbox 1299 1300 1369 1333; x_wconf 68' lang='grc' dir='ltr'>ἕξειν</span> <span class='ocrx_word' id='word_1_410' title='bbox 1385 1300 1503 1328; x_wconf 84' lang='grc' dir='ltr'>πώποτε.</span> 
     </span>
    </p>
   </div>
   <div class='ocr_carea' id='block_1_58' title="bbox 1056 1344 1809 1384">
    <p class='ocr_par' dir='ltr' id='par_1_58' title="bbox 1056 1344 1809 1384">
     <span class='ocr_line' id='line_1_58' title="bbox 1056 1344 1809 1384; baseline 0.007 -12"><span class='ocrx_word' id='word_1_411' title='bbox 1056 1346 1093 1378; x_wconf 87' lang='grc' dir='ltr'><strong>γ’.</strong></span> <span class='ocrx_word' id='word_1_412' title='bbox 1116 1344 1183 1371; x_wconf 73' lang='grc' dir='ltr'>Οὐδὲ</span> <span class='ocrx_word' id='word_1_413' title='bbox 1206 1345 1251 1372; x_wconf 78' lang='grc' dir='ltr'><strong>διὰ</strong></span> <span class='ocrx_word' id='word_1_414' title='bbox 1271 1345 1320 1377; x_wconf 85' lang='grc' dir='ltr'>τὰς</span> <span class='ocrx_word' id='word_1_415' title='bbox 1334 1346 1501 1381; x_wconf 71' lang='grc' dir='ltr'>ἁναφυείσας</span> <span class='ocrx_word' id='word_1_416' title='bbox 1517 1348 1589 1375; x_wconf 77' lang='grc' dir='ltr'>κατὰ</span> <span class='ocrx_word' id='word_1_417' title='bbox 1606 1349 1702 1384; x_wconf 75' lang='grc' dir='ltr'>καιρὸν</span> <span class='ocrx_word' id='word_1_418' title='bbox 1717 1349 1809 1384; x_wconf 70' lang='grc' dir='ltr'>ζητή-</span> 
     </span>
    </p>
   </div>
   <div class='ocr_carea' id='block_1_59' title="bbox 1022 1390 1811 1428">
    <p class='ocr_par' dir='ltr' id='par_1_59' title="bbox 1022 1390 1811 1428">
     <span class='ocr_line' id='line_1_59' title="bbox 1022 1390 1811 1428; baseline 0.005 -12"><span class='ocrx_word' id='word_1_419' title='bbox 1022 1398 1089 1422; x_wconf 81' lang='grc' dir='ltr'>σεις,</span> <span class='ocrx_word' id='word_1_420' title='bbox 1103 1390 1150 1416; x_wconf 74' lang='grc' dir='ltr'>καὶ</span> <span class='ocrx_word' id='word_1_421' title='bbox 1162 1390 1216 1417; x_wconf 77' lang='grc' dir='ltr'><strong>τῶν</strong></span> <span class='ocrx_word' id='word_1_422' title='bbox 1236 1391 1390 1424; x_wconf 77' lang='grc' dir='ltr'>κακοδόξὼν</span> <span class='ocrx_word' id='word_1_423' title='bbox 1415 1392 1597 1426; x_wconf 83' lang='grc' dir='ltr'>καινοφωνίας</span> <span class='ocrx_word' id='word_1_424' title='bbox 1612 1393 1697 1428; x_wconf 72' lang='grc' dir='ltr'>ἀλλην</span> <span class='ocrx_word' id='word_1_425' title='bbox 1711 1395 1811 1421; x_wconf 76' lang='grc' dir='ltr'>πίστιν</span> 
     </span>
    </p>
   </div>
   <div class='ocr_carea' id='block_1_60' title="bbox 1019 1436 1806 1475">
    <p class='ocr_par' dir='ltr' id='par_1_60' title="bbox 1019 1436 1806 1475">
     <span class='ocr_line' id='line_1_60' title="bbox 1019 1436 1806 1475; baseline 0.005 -13"><span class='ocrx_word' id='word_1_426' title='bbox 1019 1436 1082 1468; x_wconf 78' lang='grc' dir='ltr'>τοὺς</span> <span class='ocrx_word' id='word_1_427' title='bbox 1097 1436 1189 1470; x_wconf 73' lang='grc' dir='ltr'>ἁγίους</span> <span class='ocrx_word' id='word_1_428' title='bbox 1206 1437 1331 1472; x_wconf 82' lang='grc' dir='ltr'>Πάτέρας</span> <span class='ocrx_word' id='word_1_429' title='bbox 1346 1438 1461 1473; x_wconf 74' lang='grc' dir='ltr'>ἐροῦμεν</span> <span class='ocrx_word' id='word_1_430' title='bbox 1468 1438 1531 1466; x_wconf 71' lang='grc' dir='ltr'>τοὺς</span> <span class='ocrx_word' id='word_1_431' title='bbox 1541 1437 1611 1465; x_wconf 70' lang='grc' dir='ltr'>κατὰ</span> <span class='ocrx_word' id='word_1_432' title='bbox 1626 1439 1721 1475; x_wconf 68' lang='grc' dir='ltr'>καιρὸν</span> <span class='ocrx_word' id='word_1_433' title='bbox 1735 1449 1806 1466; x_wconf 82' lang='grc' dir='ltr'>συν-</span> 
     </span>
    </p>
   </div>
   <div class='ocr_carea' id='block_1_61' title="bbox 1019 1476 1807 1522">
    <p class='ocr_par' dir='ltr' id='par_1_61' title="bbox 1019 1476 1807 1522">
     <span class='ocr_line' id='line_1_61' title="bbox 1019 1476 1807 1522; baseline 0.006 -15"><span class='ocrx_word' id='word_1_434' title='bbox 1019 1476 1151 1516; x_wconf 71' lang='grc' dir='ltr'>αχθέντας</span> <span class='ocrx_word' id='word_1_435' title='bbox 1177 1483 1354 1522; x_wconf 71' lang='grc' dir='ltr'>πεποιηκέναι</span> <span class='ocrx_word' id='word_1_436' title='bbox 1377 1482 1423 1511; x_wconf 75' lang='grc' dir='ltr'><strong>διὰ</strong></span> <span class='ocrx_word' id='word_1_437' title='bbox 1461 1484 1512 1520; x_wconf 84' lang='grc' dir='ltr'>τῆς</span> <span class='ocrx_word' id='word_1_438' title='bbox 1540 1484 1731 1520; x_wconf 74' lang='grc' dir='ltr'>ἐπεισαγωγῆς</span> <span class='ocrx_word' id='word_1_439' title='bbox 1746 1486 1807 1512; x_wconf 78' lang='grc' dir='ltr'><strong>τῶν</strong></span> 
     </span>
    </p>
   </div>
   <div class='ocr_carea' id='block_1_62' title="bbox 189 1517 1162 1566">
    <p class='ocr_par' dir='ltr' id='par_1_62' title="bbox 189 1517 1160 1565">
     <span class='ocr_line' id='line_1_62' title="bbox 189 1517 1160 1565; baseline -0.001 -19"><span class='ocrx_word' id='word_1_440' title='bbox 189 1519 396 1552; x_wconf 81' lang='lat' dir='ltr'><strong>aﬂirmabimus,</strong></span> <span class='ocrx_word' id='word_1_441' title='bbox 412 1523 441 1546; x_wconf 93' lang='lat' dir='ltr'><strong>ut</strong></span> <span class='ocrx_word' id='word_1_442' title='bbox 455 1523 566 1547; x_wconf 83' lang='lat' dir='ltr'><strong>sanctus</strong></span> <span class='ocrx_word' id='word_1_443' title='bbox 582 1517 715 1546; x_wconf 79' lang='lat' dir='ltr'><strong>Maximus</strong></span> <span class='ocrx_word' id='word_1_444' title='bbox 734 1518 821 1553; x_wconf 83' lang='lat' dir='ltr'><strong>palam</strong></span> <span class='ocrx_word' id='word_1_445' title='bbox 839 1519 967 1553; x_wconf 77' lang='lat' dir='ltr'><strong>explicat,</strong></span> <span class='ocrx_word' id='word_1_446' title='bbox 980 1534 1003 1565; x_wconf 63' lang='grc' dir='ltr'><strong>ρ</strong></span> <span class='ocrx_word' id='word_1_447' title='bbox 1018 1527 1128 1555; x_wconf 58' lang='lat' dir='ltr'><strong>ob,ng</strong></span> <span class='ocrx_word' id='word_1_448' title='bbox 1145 1530 1160 1564; x_wconf 68' lang='grc' dir='ltr'><strong><em>ῤ</em></strong></span> 
     </span>
    </p>
   </div>
   <div class='ocr_carea' id='block_1_63' title="bbox 1056 1517 1807 1566">
    <p class='ocr_par' dir='ltr' id='par_1_63' title="bbox 1056 1517 1807 1566">
     <span class='ocr_line' id='line_1_63' title="bbox 1056 1517 1807 1566; baseline 0.005 -12"><span class='ocrx_word' id='word_1_449' title='bbox 1056 1527 1128 1555; x_wconf 81' lang='grc' dir='ltr'>ιείων</span> <span class='ocrx_word' id='word_1_450' title='bbox 1145 1530 1286 1564; x_wconf 80' lang='grc' dir='ltr'><strong>ῥημάτων,</strong></span> <span class='ocrx_word' id='word_1_451' title='bbox 1303 1517 1340 1562; x_wconf 65' lang='lat' dir='ltr'><strong>di;</strong></span> <span class='ocrx_word' id='word_1_452' title='bbox 1354 1531 1401 1557; x_wconf 81' lang='grc' dir='ltr'>καὶ</span> <span class='ocrx_word' id='word_1_453' title='bbox 1415 1531 1429 1557; x_wconf 83' lang='grc' dir='ltr'><strong>ὁ</strong></span> <span class='ocrx_word' id='word_1_454' title='bbox 1444 1517 1514 1562; x_wconf 70' lang='grc' dir='ltr'>θεῖος</span> <span class='ocrx_word' id='word_1_455' title='bbox 1530 1517 1656 1566; x_wconf 69' lang='grc' dir='ltr'>Μάξιμος</span> <span class='ocrx_word' id='word_1_456' title='bbox 1670 1517 1807 1566; x_wconf 72' lang='grc' dir='ltr'>διασαφεῖ</span> 
     </span>
    </p>
   </div>
   <div class='ocr_carea' id='block_1_64' title="bbox 187 1563 967 1599">
    <p class='ocr_par' dir='ltr' id='par_1_64' title="bbox 187 1563 967 1599">
     <span class='ocr_line' id='line_1_64' title="bbox 187 1563 967 1599; baseline 0 -7"><span class='ocrx_word' id='word_1_457' title='bbox 187 1574 248 1593; x_wconf 90' lang='lat' dir='ltr'><strong>cum</strong></span> <span class='ocrx_word' id='word_1_458' title='bbox 274 1566 347 1592; x_wconf 88' lang='lat' dir='ltr'><strong>hunc</strong></span> <span class='ocrx_word' id='word_1_459' title='bbox 368 1565 395 1592; x_wconf 93' lang='lat' dir='ltr'><strong>in</strong></span> <span class='ocrx_word' id='word_1_460' title='bbox 412 1566 521 1592; x_wconf 90' lang='lat' dir='ltr'><strong>modum</strong></span> <span class='ocrx_word' id='word_1_461' title='bbox 540 1564 666 1592; x_wconf 88' lang='lat' dir='ltr'><strong>edisserit</strong></span> <span class='ocrx_word' id='word_1_462' title='bbox 682 1572 688 1590; x_wconf 92' lang='lat'><strong>:</strong></span> <span class='ocrx_word' id='word_1_463' title='bbox 705 1575 713 1590; x_wconf 78' lang='grc' dir='ltr'><strong>ι</strong></span> <span class='ocrx_word' id='word_1_464' title='bbox 731 1563 854 1598; x_wconf 83' lang='lat' dir='ltr'><strong>Namque</strong></span> <span class='ocrx_word' id='word_1_465' title='bbox 877 1565 900 1591; x_wconf 94' lang='lat' dir='ltr'><strong>si</strong></span> <span class='ocrx_word' id='word_1_466' title='bbox 919 1572 967 1599; x_wconf 91' lang='lat' dir='ltr'><strong>pro</strong></span> 
     </span>
    </p>
   </div>
   <div class='ocr_carea' id='block_1_65' title="bbox 186 1609 966 1644">
    <p class='ocr_par' dir='ltr' id='par_1_65' title="bbox 186 1609 966 1644">
     <span class='ocr_line' id='line_1_65' title="bbox 186 1609 966 1644; baseline -0.001 -6"><span class='ocrx_word' id='word_1_467' title='bbox 186 1612 300 1639; x_wconf 80' lang='lat' dir='ltr'><strong>veritate</strong></span> <span class='ocrx_word' id='word_1_468' title='bbox 320 1617 383 1638; x_wconf 89' lang='lat' dir='ltr'><strong>vera</strong></span> <span class='ocrx_word' id='word_1_469' title='bbox 407 1609 573 1638; x_wconf 84' lang='lat' dir='ltr'><strong>enuntianda</strong></span> <span class='ocrx_word' id='word_1_470' title='bbox 593 1615 667 1641; x_wconf 84' lang='lat' dir='ltr'><strong>sunt,</strong></span> <span class='ocrx_word' id='word_1_471' title='bbox 684 1616 779 1636; x_wconf 88' lang='lat' dir='ltr'><strong>omnes</strong></span> <span class='ocrx_word' id='word_1_472' title='bbox 796 1614 856 1644; x_wconf 84' lang='lat' dir='ltr'><strong>p0st</strong></span> <span class='ocrx_word' id='word_1_473' title='bbox 879 1609 966 1637; x_wconf 71' lang='lat' dir='ltr'><strong>Niem-</strong></span> 
     </span>
    </p>
   </div>
   <div class='ocr_carea' id='block_1_66' title="bbox 186 1654 966 1692">
    <p class='ocr_par' dir='ltr' id='par_1_66' title="bbox 186 1654 966 1692">
     <span class='ocr_line' id='line_1_66' title="bbox 186 1654 966 1692; baseline -0.001 -8"><span class='ocrx_word' id='word_1_474' title='bbox 186 1665 247 1684; x_wconf 87' lang='lat' dir='ltr'><strong>nam</strong></span> <span class='ocrx_word' id='word_1_475' title='bbox 263 1657 395 1692; x_wconf 83' lang='lat' dir='ltr'><strong>synodum</strong></span> <span class='ocrx_word' id='word_1_476' title='bbox 411 1663 426 1683; x_wconf 89' lang='lat' dir='ltr'><strong>a</strong></span> <span class='ocrx_word' id='word_1_477' title='bbox 443 1656 496 1683; x_wconf 86' lang='lat' dir='ltr'><strong>Deo</strong></span> <span class='ocrx_word' id='word_1_478' title='bbox 510 1655 592 1683; x_wconf 81' lang='lat' dir='ltr'><strong>electi</strong></span> <span class='ocrx_word' id='word_1_479' title='bbox 601 1654 705 1686; x_wconf 83' lang='lat' dir='ltr'><strong>Patres.</strong></span> <span class='ocrx_word' id='word_1_480' title='bbox 723 1655 909 1690; x_wconf 73' lang='lat' dir='ltr'><strong>universa-que</strong></span> <span class='ocrx_word' id='word_1_481' title='bbox 923 1663 966 1691; x_wconf 79' lang='lat' dir='ltr'><strong>sy-</strong></span> 
     </span>
    </p>
   </div>
   <div class='ocr_carea' id='block_1_67' title="bbox 186 1700 965 1732">
    <p class='ocr_par' dir='ltr' id='par_1_67' title="bbox 186 1700 965 1732">
     <span class='ocr_line' id='line_1_67' title="bbox 186 1700 965 1732; baseline -0.004 -1"><span class='ocrx_word' id='word_1_482' title='bbox 186 1703 250 1731; x_wconf 80' lang='lat' dir='ltr'><strong>nodi</strong></span> <span class='ocrx_word' id='word_1_483' title='bbox 263 1707 336 1730; x_wconf 77' lang='lat' dir='ltr'><strong>recte</strong></span> <span class='ocrx_word' id='word_1_484' title='bbox 349 1701 539 1732; x_wconf 80' lang='lat' dir='ltr'><strong>sentientium,</strong></span> <span class='ocrx_word' id='word_1_485' title='bbox 555 1705 583 1727; x_wconf 90' lang='lat' dir='ltr'><strong>et</strong></span> <span class='ocrx_word' id='word_1_486' title='bbox 594 1701 738 1728; x_wconf 87' lang='lat' dir='ltr'><strong>sanctitate</strong></span> <span class='ocrx_word' id='word_1_487' title='bbox 750 1700 896 1727; x_wconf 91' lang='lat' dir='ltr'><strong>illustrium</strong></span> <span class='ocrx_word' id='word_1_488' title='bbox 914 1700 965 1728; x_wconf 81' lang='lat' dir='ltr'><strong>Pa-</strong></span> 
     </span>
    </p>
   </div>
   <div class='ocr_carea' id='block_1_68' title="bbox 184 1745 965 1781">
    <p class='ocr_par' dir='ltr' id='par_1_68' title="bbox 184 1745 965 1781">
     <span class='ocr_line' id='line_1_68' title="bbox 184 1745 965 1781; baseline -0.004 -5"><span class='ocrx_word' id='word_1_489' title='bbox 184 1754 270 1780; x_wconf 84' lang='lat' dir='ltr'><strong>trum,</strong></span> <span class='ocrx_word' id='word_1_490' title='bbox 284 1756 338 1775; x_wconf 91' lang='lat' dir='ltr'><strong>non</strong></span> <span class='ocrx_word' id='word_1_491' title='bbox 351 1748 433 1775; x_wconf 90' lang='lat' dir='ltr'><strong>aliam</strong></span> <span class='ocrx_word' id='word_1_492' title='bbox 449 1746 510 1774; x_wconf 84' lang='lat' dir='ltr'><strong>iidei</strong></span> <span class='ocrx_word' id='word_1_493' title='bbox 519 1745 707 1774; x_wconf 78' lang='lat' dir='ltr'><strong>definitionem</strong></span> <span class='ocrx_word' id='word_1_494' title='bbox 722 1746 892 1781; x_wconf 91' lang='lat' dir='ltr'><strong>propriorum</strong></span> <span class='ocrx_word' id='word_1_495' title='bbox 903 1754 965 1773; x_wconf 86' lang='lat' dir='ltr'><strong>ver-</strong></span> 
     </span>
    </p>
   </div>
   <div class='ocr_carea' id='block_1_69' title="bbox 184 1791 965 1828">
    <p class='ocr_par' dir='ltr' id='par_1_69' title="bbox 184 1791 965 1828">
     <span class='ocr_line' id='line_1_69' title="bbox 184 1791 965 1828; baseline -0.003 -7"><span class='ocrx_word' id='word_1_496' title='bbox 184 1795 280 1822; x_wconf 87' lang='lat' dir='ltr'><strong>borum</strong></span> <span class='ocrx_word' id='word_1_497' title='bbox 291 1793 428 1821; x_wconf 83' lang='lat' dir='ltr'><strong>additione</strong></span> <span class='ocrx_word' id='word_1_498' title='bbox 437 1799 548 1828; x_wconf 83' lang='lat' dir='ltr'><strong>prorsus</strong></span> <span class='ocrx_word' id='word_1_499' title='bbox 557 1791 817 1827; x_wconf 83' lang='lat' dir='ltr'><strong>superinduxerunt,</strong></span> <span class='ocrx_word' id='word_1_500' title='bbox 826 1792 910 1819; x_wconf 81' lang='lat' dir='ltr'><strong>veluti</strong></span> <span class='ocrx_word' id='word_1_501' title='bbox 917 1799 965 1819; x_wconf 85' lang='lat' dir='ltr'><strong>vos</strong></span> 
     </span>
    </p>
   </div>
   <div class='ocr_carea' id='block_1_70' title="bbox 184 1836 965 1873">
    <p class='ocr_par' dir='ltr' id='par_1_70' title="bbox 184 1836 965 1873">
     <span class='ocr_line' id='line_1_70' title="bbox 184 1836 965 1873; baseline -0.004 -7"><span class='ocrx_word' id='word_1_502' title='bbox 184 1840 299 1867; x_wconf 89' lang='lat' dir='ltr'><strong>nimium</strong></span> <span class='ocrx_word' id='word_1_503' title='bbox 318 1845 459 1873; x_wconf 85' lang='lat' dir='ltr'><strong>perperam</strong></span> <span class='ocrx_word' id='word_1_504' title='bbox 475 1837 665 1872; x_wconf 84' lang='lat' dir='ltr'><strong>obloquenles,</strong></span> <span class='ocrx_word' id='word_1_505' title='bbox 681 1841 709 1864; x_wconf 91' lang='lat' dir='ltr'><strong>et</strong></span> <span class='ocrx_word' id='word_1_506' title='bbox 728 1836 809 1871; x_wconf 84' lang='lat' dir='ltr'><strong>plane</strong></span> <span class='ocrx_word' id='word_1_507' title='bbox 825 1836 965 1864; x_wconf 87' lang='lat' dir='ltr'><strong>insanien-</strong></span> 
     </span>
    </p>
   </div>
   <div class='ocr_carea' id='block_1_71' title="bbox 182 1885 964 1918">
    <p class='ocr_par' dir='ltr' id='par_1_71' title="bbox 182 1885 964 1918">
     <span class='ocr_line' id='line_1_71' title="bbox 182 1885 964 1918; baseline -0.005 -5"><span class='ocrx_word' id='word_1_508' title='bbox 182 1891 224 1913; x_wconf 80' lang='lat' dir='ltr'><strong>tes</strong></span> <span class='ocrx_word' id='word_1_509' title='bbox 248 1885 406 1916; x_wconf 84' lang='lat' dir='ltr'><strong>decernitis,</strong></span> <span class='ocrx_word' id='word_1_510' title='bbox 422 1893 432 1909; x_wconf 72' lang='grc' dir='ltr'><strong>ι</strong></span> <span class='ocrx_word' id='word_1_511' title='bbox 453 1887 480 1910; x_wconf 92' lang='lat' dir='ltr'><strong>ct</strong></span> <span class='ocrx_word' id='word_1_512' title='bbox 503 1891 564 1918; x_wconf 79' lang='lat' dir='ltr'><strong>qua:</strong></span> <span class='ocrx_word' id='word_1_513' title='bbox 584 1887 747 1917; x_wconf 82' lang='lat' dir='ltr'><strong>sequuntur.</strong></span> <span class='ocrx_word' id='word_1_514' title='bbox 769 1889 832 1917; x_wconf 71' lang='lat' dir='ltr'><strong>qua:</strong></span> <span class='ocrx_word' id='word_1_515' title='bbox 858 1886 964 1916; x_wconf 84' lang='lat' dir='ltr'><strong>tempo-</strong></span> 
     </span>
    </p>
   </div>
   <div class='ocr_carea' id='block_1_72' title="bbox 183 1926 962 1965">
    <p class='ocr_par' dir='ltr' id='par_1_72' title="bbox 183 1926 962 1965">
     <span class='ocr_line' id='line_1_72' title="bbox 183 1926 962 1965; baseline -0.006 -7"><span class='ocrx_word' id='word_1_516' title='bbox 183 1940 213 1959; x_wconf 90' lang='lat' dir='ltr'><strong>re</strong></span> <span class='ocrx_word' id='word_1_517' title='bbox 236 1936 389 1965; x_wconf 87' lang='lat' dir='ltr'><strong>opportuno</strong></span> <span class='ocrx_word' id='word_1_518' title='bbox 401 1930 434 1956; x_wconf 83' lang='lat' dir='ltr'><strong>ad</strong></span> <span class='ocrx_word' id='word_1_519' title='bbox 457 1929 600 1956; x_wconf 75' lang='lat' dir='ltr'><strong>veritatem</strong></span> <span class='ocrx_word' id='word_1_520' title='bbox 624 1933 745 1955; x_wconf 84' lang='lat' dir='ltr'><strong>nostram</strong></span> <span class='ocrx_word' id='word_1_521' title='bbox 765 1926 962 1962; x_wconf 78' lang='lat' dir='ltr'><strong>explanandam</strong></span> 
     </span>
    </p>
   </div>
   <div class='ocr_carea' id='block_1_73' title="bbox 183 1972 963 2008">
    <p class='ocr_par' dir='ltr' id='par_1_73' title="bbox 183 1972 963 2008">
     <span class='ocr_line' id='line_1_73' title="bbox 183 1972 963 2008; baseline -0.004 -5"><span class='ocrx_word' id='word_1_522' title='bbox 183 1977 210 2003; x_wconf 93' lang='lat' dir='ltr'><strong>in</strong></span> <span class='ocrx_word' id='word_1_523' title='bbox 231 1976 349 2002; x_wconf 86' lang='lat' dir='ltr'><strong>medium</strong></span> <span class='ocrx_word' id='word_1_524' title='bbox 367 1975 544 2001; x_wconf 75' lang='lat' dir='ltr'><strong>adducemus.</strong></span> <span class='ocrx_word' id='word_1_525' title='bbox 559 1972 681 2008; x_wconf 80' lang='lat' dir='ltr'><strong>Namque</strong></span> <span class='ocrx_word' id='word_1_526' title='bbox 689 1980 860 2008; x_wconf 77' lang='lat' dir='ltr'><strong>unaquchue</strong></span> <span class='ocrx_word' id='word_1_527' title='bbox 870 1977 963 2001; x_wconf 82' lang='lat' dir='ltr'><strong>sancta</strong></span> 
     </span>
    </p>
   </div>
   <div class='ocr_carea' id='block_1_74' title="bbox 183 2019 964 2056">
    <p class='ocr_par' dir='ltr' id='par_1_74' title="bbox 183 2019 964 2056">
     <span class='ocr_line' id='line_1_74' title="bbox 183 2019 964 2056; baseline -0.003 -8"><span class='ocrx_word' id='word_1_528' title='bbox 183 2029 269 2056; x_wconf 84' lang='lat' dir='ltr'><strong>atque</strong></span> <span class='ocrx_word' id='word_1_529' title='bbox 285 2020 452 2048; x_wconf 67' lang='lat' dir='ltr'><strong>mcumcniéa</strong></span> <span class='ocrx_word' id='word_1_530' title='bbox 467 2019 586 2054; x_wconf 79' lang='lat' dir='ltr'><strong>synodus</strong></span> <span class='ocrx_word' id='word_1_531' title='bbox 602 2019 799 2054; x_wconf 82' lang='lat' dir='ltr'><strong>superaddidit,</strong></span> <span class='ocrx_word' id='word_1_532' title='bbox 813 2019 884 2054; x_wconf 88' lang='lat' dir='ltr'><strong>qttod</strong></span> <span class='ocrx_word' id='word_1_533' title='bbox 901 2027 964 2047; x_wconf 88' lang='lat' dir='ltr'><strong>ver-</strong></span> 
     </span>
    </p>
   </div>
   <div class='ocr_carea' id='block_1_75' title="bbox 182 2065 961 2101">
    <p class='ocr_par' dir='ltr' id='par_1_75' title="bbox 182 2065 961 2101">
     <span class='ocr_line' id='line_1_75' title="bbox 182 2065 961 2101; baseline -0.003 -7"><span class='ocrx_word' id='word_1_534' title='bbox 182 2068 223 2094; x_wconf 86' lang='lat' dir='ltr'><strong>bis</strong></span> <span class='ocrx_word' id='word_1_535' title='bbox 240 2067 306 2101; x_wconf 81' lang='lat' dir='ltr'><strong>ipsis</strong></span> <span class='ocrx_word' id='word_1_536' title='bbox 328 2066 399 2092; x_wconf 85' lang='lat' dir='ltr'><strong>lmud</strong></span> <span class='ocrx_word' id='word_1_537' title='bbox 413 2069 472 2092; x_wconf 85' lang='lat' dir='ltr'><strong>erat</strong></span> <span class='ocrx_word' id='word_1_538' title='bbox 490 2065 517 2092; x_wconf 90' lang='lat' dir='ltr'><strong>iu</strong></span> <span class='ocrx_word' id='word_1_539' title='bbox 535 2072 610 2093; x_wconf 86' lang='lat' dir='ltr'><strong>sacra</strong></span> <span class='ocrx_word' id='word_1_540' title='bbox 629 2065 769 2099; x_wconf 86' lang='lat' dir='ltr'><strong>Scriptura</strong></span> <span class='ocrx_word' id='word_1_541' title='bbox 792 2065 961 2100; x_wconf 80' lang='lat' dir='ltr'><strong>explicitum,</strong></span> 
     </span>
    </p>
   </div>
   <div class='ocr_carea' id='block_1_76' title="bbox 182 2111 963 2146">
    <p class='ocr_par' dir='ltr' id='par_1_76' title="bbox 182 2111 963 2146">
     <span class='ocr_line' id='line_1_76' title="bbox 182 2111 963 2146; baseline 0 -7"><span class='ocrx_word' id='word_1_542' title='bbox 182 2114 229 2140; x_wconf 83' lang='lat' dir='ltr'><strong>sed</strong></span> <span class='ocrx_word' id='word_1_543' title='bbox 253 2113 296 2139; x_wconf 87' lang='lat' dir='ltr'><strong>illa</strong></span> <span class='ocrx_word' id='word_1_544' title='bbox 320 2120 367 2139; x_wconf 82' lang='lat' dir='ltr'><strong>sua</strong></span> <span class='ocrx_word' id='word_1_545' title='bbox 382 2111 520 2138; x_wconf 71' lang='lat' dir='ltr'><strong>additium:</strong></span> <span class='ocrx_word' id='word_1_546' title='bbox 542 2112 620 2138; x_wconf 88' lang='lat' dir='ltr'><strong>aliam</strong></span> <span class='ocrx_word' id='word_1_547' title='bbox 646 2119 799 2146; x_wconf 82' lang='lat' dir='ltr'><strong>novamque,</strong></span> <span class='ocrx_word' id='word_1_548' title='bbox 818 2111 896 2139; x_wconf 73' lang='lat' dir='ltr'><strong>ﬁdem</strong></span> <span class='ocrx_word' id='word_1_549' title='bbox 913 2112 963 2139; x_wconf 85' lang='lat' dir='ltr'><strong>rui-</strong></span> 
     </span>
    </p>
   </div>
   <div class='ocr_carea' id='block_1_77' title="bbox 182 2157 962 2189">
    <p class='ocr_par' dir='ltr' id='par_1_77' title="bbox 182 2157 962 2189">
     <span class='ocr_line' id='line_1_77' title="bbox 182 2157 962 2189; baseline -0.001 -4"><span class='ocrx_word' id='word_1_550' title='bbox 182 2160 255 2186; x_wconf 88' lang='lat' dir='ltr'><strong>nime</strong></span> <span class='ocrx_word' id='word_1_551' title='bbox 270 2157 454 2189; x_wconf 83' lang='lat' dir='ltr'><strong>concinnavit,</strong></span> <span class='ocrx_word' id='word_1_552' title='bbox 474 2158 536 2185; x_wconf 74' lang='lat' dir='ltr'><strong>licet</strong></span> <span class='ocrx_word' id='word_1_553' title='bbox 556 2157 676 2184; x_wconf 88' lang='lat' dir='ltr'><strong>addittttu</strong></span> <span class='ocrx_word' id='word_1_554' title='bbox 702 2157 819 2184; x_wconf 77' lang='lat' dir='ltr'><strong>nulloin</strong></span> <span class='ocrx_word' id='word_1_555' title='bbox 835 2157 895 2184; x_wconf 90' lang='lat' dir='ltr'><strong>loco</strong></span> <span class='ocrx_word' id='word_1_556' title='bbox 914 2165 962 2184; x_wconf 86' lang='lat' dir='ltr'><strong>an-</strong></span> 
     </span>
    </p>
   </div>
   <div class='ocr_carea' id='block_1_78' title="bbox 181 2204 1121 2253">
    <p class='ocr_par' dir='ltr' id='par_1_78' title="bbox 181 2204 1121 2253">
     <span class='ocr_line' id='line_1_78' title="bbox 181 2204 1121 2253; baseline -0.002 -22"><span class='ocrx_word' id='word_1_557' title='bbox 181 2210 223 2232; x_wconf 86' lang='lat' dir='ltr'><strong>tca</strong></span> <span class='ocrx_word' id='word_1_558' title='bbox 242 2205 413 2231; x_wconf 81' lang='lat' dir='ltr'><strong>enuntiatum</strong></span> <span class='ocrx_word' id='word_1_559' title='bbox 434 2208 524 2237; x_wconf 86' lang='lat' dir='ltr'><strong>esset;</strong></span> <span class='ocrx_word' id='word_1_560' title='bbox 541 2209 575 2231; x_wconf 85' lang='lat' dir='ltr'><strong>‘et</strong></span> <span class='ocrx_word' id='word_1_561' title='bbox 599 2208 662 2231; x_wconf 81' lang='lat' dir='ltr'><strong>ante</strong></span> <span class='ocrx_word' id='word_1_562' title='bbox 683 2205 773 2231; x_wconf 90' lang='lat' dir='ltr'><strong>omnia</strong></span> <span class='ocrx_word' id='word_1_563' title='bbox 794 2204 959 2235; x_wconf 75' lang='lat' dir='ltr'><strong>ltontottsion,</strong></span> <span class='ocrx_word' id='word_1_564' title='bbox 973 2208 1000 2238; x_wconf 80' lang='grc' dir='ltr'><strong>Ι)</strong></span> <span class='ocrx_word' id='word_1_565' title='bbox 1013 2204 1121 2253; x_wconf 39' lang='lat' dir='ltr'><strong>hvmi&quot;</strong></span> 
     </span>
    </p>
   </div>
   <div class='ocr_carea' id='block_1_79' title="bbox 180 2249 958 2285">
    <p class='ocr_par' dir='ltr' id='par_1_79' title="bbox 180 2249 958 2285">
     <span class='ocr_line' id='line_1_79' title="bbox 180 2249 958 2285; baseline -0.003 -8"><span class='ocrx_word' id='word_1_566' title='bbox 180 2253 236 2278; x_wconf 84' lang='lat' dir='ltr'><strong>sive</strong></span> <span class='ocrx_word' id='word_1_567' title='bbox 249 2250 484 2281; x_wconf 80' lang='lat' dir='ltr'><strong>consubstantiale,</strong></span> <span class='ocrx_word' id='word_1_568' title='bbox 499 2258 586 2285; x_wconf 86' lang='lat' dir='ltr'><strong>neque</strong></span> <span class='ocrx_word' id='word_1_569' title='bbox 599 2250 625 2277; x_wconf 86' lang='lat' dir='ltr'><strong>iu</strong></span> <span class='ocrx_word' id='word_1_570' title='bbox 645 2257 724 2278; x_wconf 83' lang='lat' dir='ltr'><strong>sacra</strong></span> <span class='ocrx_word' id='word_1_571' title='bbox 740 2249 893 2284; x_wconf 77' lang='lat' dir='ltr'><strong>Scriptura,</strong></span> <span class='ocrx_word' id='word_1_572' title='bbox 912 2257 958 2276; x_wconf 88' lang='lat' dir='ltr'><strong>ne-</strong></span> 
     </span>
    </p>
   </div>
   <div class='ocr_carea' id='block_1_80' title="bbox 180 2295 961 2331">
    <p class='ocr_par' dir='ltr' id='par_1_80' title="bbox 180 2295 961 2331">
     <span class='ocr_line' id='line_1_80' title="bbox 180 2295 961 2331; baseline -0.004 -8"><span class='ocrx_word' id='word_1_573' title='bbox 180 2304 233 2331; x_wconf 86' lang='lat' dir='ltr'><strong>que</strong></span> <span class='ocrx_word' id='word_1_574' title='bbox 253 2296 334 2322; x_wconf 83' lang='lat' dir='ltr'><strong>etiam</strong></span> <span class='ocrx_word' id='word_1_575' title='bbox 362 2295 389 2322; x_wconf 90' lang='lat' dir='ltr'><strong>itt</strong></span> <span class='ocrx_word' id='word_1_576' title='bbox 415 2295 557 2330; x_wconf 74' lang='lat' dir='ltr'><strong>gentilium</strong></span> <span class='ocrx_word' id='word_1_577' title='bbox 587 2295 780 2327; x_wconf 83' lang='lat' dir='ltr'><strong>monumentis,</strong></span> <span class='ocrx_word' id='word_1_578' title='bbox 805 2295 859 2321; x_wconf 84' lang='lat' dir='ltr'><strong>imo</strong></span> <span class='ocrx_word' id='word_1_579' title='bbox 881 2301 931 2321; x_wconf 83' lang='lat' dir='ltr'><strong>nec</strong></span> <span class='ocrx_word' id='word_1_580' title='bbox 946 2301 961 2320; x_wconf 91' lang='lat' dir='ltr'><strong>a</strong></span> 
     </span>
    </p>
   </div>
   <div class='ocr_carea' id='block_1_81' title="bbox 179 2338 962 2375">
    <p class='ocr_par' dir='ltr' id='par_1_81' title="bbox 179 2338 962 2375">
     <span class='ocr_line' id='line_1_81' title="bbox 179 2338 962 2375; baseline -0.003 -8"><span class='ocrx_word' id='word_1_581' title='bbox 179 2341 281 2367; x_wconf 82' lang='lat' dir='ltr'><strong>sanctis</strong></span> <span class='ocrx_word' id='word_1_582' title='bbox 294 2340 423 2375; x_wconf 84' lang='lat' dir='ltr'><strong>apostolis</strong></span> <span class='ocrx_word' id='word_1_583' title='bbox 438 2347 566 2375; x_wconf 79' lang='lat' dir='ltr'><strong>expresse</strong></span> <span class='ocrx_word' id='word_1_584' title='bbox 579 2341 707 2367; x_wconf 88' lang='lat' dir='ltr'><strong>traditum</strong></span> <span class='ocrx_word' id='word_1_585' title='bbox 720 2340 775 2366; x_wconf 68' lang='lat' dir='ltr'><strong>hate</strong></span> <span class='ocrx_word' id='word_1_586' title='bbox 786 2339 906 2374; x_wconf 86' lang='lat' dir='ltr'><strong>synodus</strong></span> <span class='ocrx_word' id='word_1_587' title='bbox 916 2338 962 2365; x_wconf 52' lang='lat' dir='ltr'><strong>ad.</strong></span> 
     </span>
    </p>
   </div>
   <div class='ocr_carea' id='block_1_82' title="bbox 179 2385 962 2420">
    <p class='ocr_par' dir='ltr' id='par_1_82' title="bbox 179 2385 962 2420">
     <span class='ocr_line' id='line_1_82' title="bbox 179 2385 962 2420; baseline -0.003 -8"><span class='ocrx_word' id='word_1_588' title='bbox 179 2387 262 2420; x_wconf 85' lang='lat' dir='ltr'><strong>didit;</strong></span> <span class='ocrx_word' id='word_1_589' title='bbox 280 2394 332 2413; x_wconf 92' lang='lat' dir='ltr'><strong>non</strong></span> <span class='ocrx_word' id='word_1_590' title='bbox 358 2386 416 2412; x_wconf 89' lang='lat' dir='ltr'><strong>ideo</strong></span> <span class='ocrx_word' id='word_1_591' title='bbox 436 2391 524 2412; x_wconf 83' lang='lat' dir='ltr'><strong>tamen</strong></span> <span class='ocrx_word' id='word_1_592' title='bbox 541 2388 612 2420; x_wconf 87' lang='lat' dir='ltr'><strong>apud</strong></span> <span class='ocrx_word' id='word_1_593' title='bbox 633 2393 680 2412; x_wconf 86' lang='lat' dir='ltr'><strong>eos</strong></span> <span class='ocrx_word' id='word_1_594' title='bbox 695 2385 739 2419; x_wconf 88' lang='lat' dir='ltr'><strong>qtti</strong></span> <span class='ocrx_word' id='word_1_595' title='bbox 764 2385 903 2412; x_wconf 80' lang='lat' dir='ltr'><strong>veritatem</strong></span> <span class='ocrx_word' id='word_1_596' title='bbox 917 2392 962 2410; x_wconf 79' lang='lat' dir='ltr'><strong>se-</strong></span> 
     </span>
    </p>
   </div>
   <div class='ocr_carea' id='block_1_83' title="bbox 179 2430 961 2467">
    <p class='ocr_par' dir='ltr' id='par_1_83' title="bbox 179 2430 961 2467">
     <span class='ocr_line' id='line_1_83' title="bbox 179 2430 961 2467; baseline -0.004 -8"><span class='ocrx_word' id='word_1_597' title='bbox 179 2434 243 2460; x_wconf 89' lang='lat' dir='ltr'><strong>dulo</strong></span> <span class='ocrx_word' id='word_1_598' title='bbox 267 2432 432 2467; x_wconf 76' lang='lat' dir='ltr'><strong>exquirunt,</strong></span> <span class='ocrx_word' id='word_1_599' title='bbox 457 2432 536 2459; x_wconf 87' lang='lat' dir='ltr'><strong>aliam</strong></span> <span class='ocrx_word' id='word_1_600' title='bbox 560 2432 638 2458; x_wconf 84' lang='lat' dir='ltr'><strong>iidem</strong></span> <span class='ocrx_word' id='word_1_601' title='bbox 663 2430 817 2457; x_wconf 89' lang='lat' dir='ltr'><strong>cottdidisse</strong></span> <span class='ocrx_word' id='word_1_602' title='bbox 839 2433 961 2463; x_wconf 82' lang='lat' dir='ltr'><strong>reputata</strong></span> 
     </span>
    </p>
   </div>
   <div class='ocr_carea' id='block_1_84' title="bbox 178 2475 956 2506">
    <p class='ocr_par' dir='ltr' id='par_1_84' title="bbox 178 2475 956 2506">
     <span class='ocr_line' id='line_1_84' title="bbox 178 2475 956 2506; baseline -0.004 -1"><span class='ocrx_word' id='word_1_603' title='bbox 178 2485 228 2506; x_wconf 80' lang='lat' dir='ltr'><strong>est.</strong></span> <span class='ocrx_word' id='word_1_604' title='bbox 245 2479 302 2506; x_wconf 75' lang='lat' dir='ltr'><strong>l‘tou</strong></span> <span class='ocrx_word' id='word_1_605' title='bbox 319 2478 371 2505; x_wconf 87' lang='lat' dir='ltr'><strong>alia</strong></span> <span class='ocrx_word' id='word_1_606' title='bbox 386 2478 491 2506; x_wconf 83' lang='lat' dir='ltr'><strong>ratione</strong></span> <span class='ocrx_word' id='word_1_607' title='bbox 505 2483 532 2505; x_wconf 92' lang='lat' dir='ltr'><strong>et</strong></span> <span class='ocrx_word' id='word_1_608' title='bbox 545 2482 637 2504; x_wconf 86' lang='lat' dir='ltr'><strong>sancta</strong></span> <span class='ocrx_word' id='word_1_609' title='bbox 652 2475 821 2504; x_wconf 85' lang='lat' dir='ltr'><strong>cecumenica</strong></span> <span class='ocrx_word' id='word_1_610' title='bbox 837 2476 956 2503; x_wconf 84' lang='lat' dir='ltr'><strong>secunda</strong></span> 
     </span>
    </p>
   </div>
   <div class='ocr_carea' id='block_1_85' title="bbox 179 2522 958 2558">
    <p class='ocr_par' dir='ltr' id='par_1_85' title="bbox 179 2522 958 2558">
     <span class='ocr_line' id='line_1_85' title="bbox 179 2522 958 2558; baseline -0.001 -7"><span class='ocrx_word' id='word_1_611' title='bbox 179 2525 299 2558; x_wconf 87' lang='lat' dir='ltr'><strong>synodus</strong></span> <span class='ocrx_word' id='word_1_612' title='bbox 314 2525 516 2553; x_wconf 84' lang='lat' dir='ltr'><strong>sanctissimum</strong></span> <span class='ocrx_word' id='word_1_613' title='bbox 528 2522 657 2557; x_wconf 91' lang='lat' dir='ltr'><strong>Spiritutn</strong></span> <span class='ocrx_word' id='word_1_614' title='bbox 670 2523 754 2549; x_wconf 87' lang='lat' dir='ltr'><strong>Deum</strong></span> <span class='ocrx_word' id='word_1_615' title='bbox 764 2529 824 2549; x_wconf 88' lang='lat' dir='ltr'><strong>esse</strong></span> <span class='ocrx_word' id='word_1_616' title='bbox 836 2529 958 2557; x_wconf 86' lang='lat' dir='ltr'><strong>pronun-</strong></span> 
     </span>
    </p>
   </div>
   <div class='ocr_carea' id='block_1_86' title="bbox 178 2567 958 2605">
    <p class='ocr_par' dir='ltr' id='par_1_86' title="bbox 178 2567 958 2605">
     <span class='ocr_line' id='line_1_86' title="bbox 178 2567 958 2605; baseline -0.003 -8"><span class='ocrx_word' id='word_1_617' title='bbox 178 2572 263 2602; x_wconf 81' lang='lat' dir='ltr'><strong>tiavit,</strong></span> <span class='ocrx_word' id='word_1_618' title='bbox 288 2576 315 2598; x_wconf 89' lang='lat' dir='ltr'><strong>et</strong></span> <span class='ocrx_word' id='word_1_619' title='bbox 339 2579 412 2603; x_wconf 84' lang='lat' dir='ltr'><strong>vere,</strong></span> <span class='ocrx_word' id='word_1_620' title='bbox 437 2568 666 2605; x_wconf 89' lang='lat' dir='ltr'><strong>quemadmodum</strong></span> <span class='ocrx_word' id='word_1_621' title='bbox 683 2572 710 2595; x_wconf 82' lang='lat' dir='ltr'><strong>et</strong></span> <span class='ocrx_word' id='word_1_622' title='bbox 736 2567 823 2603; x_wconf 91' lang='lat' dir='ltr'><strong>prima</strong></span> <span class='ocrx_word' id='word_1_623' title='bbox 846 2568 958 2595; x_wconf 82' lang='lat' dir='ltr'><strong>homon-</strong></span> 
     </span>
    </p>
   </div>
   <div class='ocr_carea' id='block_1_87' title="bbox 178 2611 958 2649">
    <p class='ocr_par' dir='ltr' id='par_1_87' title="bbox 178 2611 958 2649">
     <span class='ocr_line' id='line_1_87' title="bbox 178 2611 958 2649; baseline -0.004 -7"><span class='ocrx_word' id='word_1_624' title='bbox 178 2618 250 2643; x_wconf 81' lang='lat' dir='ltr'><strong>sion.</strong></span> <span class='ocrx_word' id='word_1_625' title='bbox 260 2617 311 2644; x_wconf 78' lang='lat' dir='ltr'><strong>Sed</strong></span> <span class='ocrx_word' id='word_1_626' title='bbox 325 2617 351 2644; x_wconf 89' lang='lat' dir='ltr'><strong>id</strong></span> <span class='ocrx_word' id='word_1_627' title='bbox 364 2623 497 2649; x_wconf 84' lang='lat' dir='ltr'><strong>nusquam</strong></span> <span class='ocrx_word' id='word_1_628' title='bbox 511 2616 538 2641; x_wconf 92' lang='lat' dir='ltr'><strong>in</strong></span> <span class='ocrx_word' id='word_1_629' title='bbox 555 2613 655 2640; x_wconf 89' lang='lat' dir='ltr'><strong>divinis</strong></span> <span class='ocrx_word' id='word_1_630' title='bbox 678 2613 790 2640; x_wconf 86' lang='lat' dir='ltr'><strong>Litteris</strong></span> <span class='ocrx_word' id='word_1_631' title='bbox 805 2618 873 2641; x_wconf 92' lang='lat' dir='ltr'><strong>erat.</strong></span> <span class='ocrx_word' id='word_1_632' title='bbox 889 2611 958 2639; x_wconf 78' lang='lat' dir='ltr'><strong>Sau-</strong></span> 
     </span>
    </p>
   </div>
   <div class='ocr_carea' id='block_1_88' title="bbox 176 2658 959 2697">
    <p class='ocr_par' dir='ltr' id='par_1_88' title="bbox 176 2658 959 2697">
     <span class='ocr_line' id='line_1_88' title="bbox 176 2658 959 2697; baseline -0.005 -8"><span class='ocrx_word' id='word_1_633' title='bbox 176 2670 274 2697; x_wconf 82' lang='lat' dir='ltr'><strong>ctaque</strong></span> <span class='ocrx_word' id='word_1_634' title='bbox 291 2663 355 2688; x_wconf 87' lang='lat' dir='ltr'><strong>item</strong></span> <span class='ocrx_word' id='word_1_635' title='bbox 380 2661 458 2688; x_wconf 91' lang='lat' dir='ltr'><strong>tertia</strong></span> <span class='ocrx_word' id='word_1_636' title='bbox 477 2659 597 2694; x_wconf 82' lang='lat' dir='ltr'><strong>synodus</strong></span> <span class='ocrx_word' id='word_1_637' title='bbox 614 2667 718 2693; x_wconf 87' lang='lat' dir='ltr'><strong>vocem,</strong></span> <span class='ocrx_word' id='word_1_638' title='bbox 742 2658 868 2694; x_wconf 82' lang='lat' dir='ltr'><strong>Deipara.</strong></span> <span class='ocrx_word' id='word_1_639' title='bbox 894 2659 959 2692; x_wconf 77' lang='lat' dir='ltr'><strong>Qua:</strong></span> 
     </span>
    </p>
   </div>
   <div class='ocr_carea' id='block_1_89' title="bbox 176 2705 957 2740">
    <p class='ocr_par' dir='ltr' id='par_1_89' title="bbox 176 2705 957 2740">
     <span class='ocr_line' id='line_1_89' title="bbox 176 2705 957 2740; baseline -0.004 -6"><span class='ocrx_word' id='word_1_640' title='bbox 176 2709 268 2734; x_wconf 90' lang='lat' dir='ltr'><strong>omnia</strong></span> <span class='ocrx_word' id='word_1_641' title='bbox 284 2707 424 2734; x_wconf 85' lang='lat' dir='ltr'><strong>verissima</strong></span> <span class='ocrx_word' id='word_1_642' title='bbox 441 2711 515 2738; x_wconf 77' lang='lat' dir='ltr'><strong>sunt,</strong></span> <span class='ocrx_word' id='word_1_643' title='bbox 531 2712 618 2740; x_wconf 87' lang='lat' dir='ltr'><strong>eoque</strong></span> <span class='ocrx_word' id='word_1_644' title='bbox 638 2705 717 2732; x_wconf 91' lang='lat' dir='ltr'><strong>modo</strong></span> <span class='ocrx_word' id='word_1_645' title='bbox 733 2713 762 2733; x_wconf 91' lang='lat' dir='ltr'><strong>se</strong></span> <span class='ocrx_word' id='word_1_646' title='bbox 776 2705 887 2738; x_wconf 82' lang='lat' dir='ltr'><strong>habent,</strong></span> <span class='ocrx_word' id='word_1_647' title='bbox 904 2712 957 2740; x_wconf 93' lang='lat' dir='ltr'><strong>quo</strong></span> 
     </span>
    </p>
   </div>
   <div class='ocr_carea' id='block_1_90' title="bbox 177 2751 956 2788">
    <p class='ocr_par' dir='ltr' id='par_1_90' title="bbox 177 2751 956 2788">
     <span class='ocr_line' id='line_1_90' title="bbox 177 2751 956 2788; baseline -0.003 -8"><span class='ocrx_word' id='word_1_648' title='bbox 177 2754 263 2780; x_wconf 83' lang='lat' dir='ltr'><strong>sancti</strong></span> <span class='ocrx_word' id='word_1_649' title='bbox 275 2753 366 2780; x_wconf 90' lang='lat' dir='ltr'><strong>divino</strong></span> <span class='ocrx_word' id='word_1_650' title='bbox 381 2752 483 2786; x_wconf 86' lang='lat' dir='ltr'><strong>Spiritu</strong></span> <span class='ocrx_word' id='word_1_651' title='bbox 498 2751 597 2779; x_wconf 89' lang='lat' dir='ltr'><strong>conciti</strong></span> <span class='ocrx_word' id='word_1_652' title='bbox 612 2752 803 2780; x_wconf 82' lang='lat' dir='ltr'><strong>decreverunt.</strong></span> <span class='ocrx_word' id='word_1_653' title='bbox 822 2752 853 2780; x_wconf 85' lang='lat' dir='ltr'><strong>Et</strong></span> <span class='ocrx_word' id='word_1_654' title='bbox 871 2760 956 2788; x_wconf 85' lang='lat' dir='ltr'><strong>quar-</strong></span> 
     </span>
    </p>
   </div>
   <div class='ocr_carea' id='block_1_91' title="bbox 174 2798 955 2833">
    <p class='ocr_par' dir='ltr' id='par_1_91' title="bbox 174 2798 955 2833">
     <span class='ocr_line' id='line_1_91' title="bbox 174 2798 955 2833; baseline 0.006 -8"><span class='ocrx_word' id='word_1_655' title='bbox 174 2801 202 2825; x_wconf 75' lang='lat' dir='ltr'><strong>ta</strong></span> <span class='ocrx_word' id='word_1_656' title='bbox 217 2799 280 2826; x_wconf 82' lang='lat' dir='ltr'><strong>item</strong></span> <span class='ocrx_word' id='word_1_657' title='bbox 300 2799 431 2833; x_wconf 82' lang='lat' dir='ltr'><strong>synodus.</strong></span> <span class='ocrx_word' id='word_1_658' title='bbox 446 2798 513 2827; x_wconf 84' lang='lat' dir='ltr'><strong>duas</strong></span> <span class='ocrx_word' id='word_1_659' title='bbox 529 2803 640 2828; x_wconf 77' lang='lat' dir='ltr'><strong>naturas</strong></span> <span class='ocrx_word' id='word_1_660' title='bbox 661 2805 687 2829; x_wconf 83' lang='lat' dir='ltr'><strong>ct</strong></span> <span class='ocrx_word' id='word_1_661' title='bbox 706 2801 834 2830; x_wconf 78' lang='lat' dir='ltr'><strong>unionem</strong></span> <span class='ocrx_word' id='word_1_662' title='bbox 853 2810 955 2830; x_wconf 83' lang='lat' dir='ltr'><strong>secun-</strong></span> 
     </span>
    </p>
   </div>
   <div class='ocr_carea' id='block_1_92' title="bbox 212 2865 404 2898">
    <p class='ocr_par' dir='ltr' id='par_1_92' title="bbox 212 2865 404 2898">
     <span class='ocr_line' id='line_1_92' title="bbox 212 2865 404 2898; baseline 0.01 -6"><span class='ocrx_word' id='word_1_663' title='bbox 212 2867 221 2881; x_wconf 81' lang='grc'>⁸</span> <span class='ocrx_word' id='word_1_664' title='bbox 237 2865 246 2893; x_wconf 96' lang='lat' dir='ltr'><strong>l</strong></span> <span class='ocrx_word' id='word_1_665' title='bbox 261 2865 324 2894; x_wconf 74' lang='lat' dir='ltr'><strong>(lor.</strong></span> <span class='ocrx_word' id='word_1_666' title='bbox 340 2867 404 2898; x_wconf 56' lang='lat' dir='ltr'><strong>tua.</strong></span> 
     </span>
    </p>
   </div>
   <div class='ocr_carea' id='block_1_93' title="bbox 1018 1573 1807 1614">
    <p class='ocr_par' dir='ltr' id='par_1_93' title="bbox 1018 1573 1807 1614">
     <span class='ocr_line' id='line_1_93' title="bbox 1018 1573 1807 1614; baseline 0.008 -15"><span class='ocrx_word' id='word_1_667' title='bbox 1018 1573 1105 1607; x_wconf 82' lang='grc' dir='ltr'>λέγων</span> <span class='ocrx_word' id='word_1_668' title='bbox 1119 1574 1206 1605; x_wconf 78' lang='grc' dir='ltr'>οὕτως</span> <span class='ocrx_word' id='word_1_669' title='bbox 1216 1583 1222 1590; x_wconf 92' lang='grc'>·</span> <span class='ocrx_word' id='word_1_670' title='bbox 1240 1583 1250 1601; x_wconf 71' lang='grc' dir='ltr'><strong>ι</strong></span> <span class='ocrx_word' id='word_1_671' title='bbox 1273 1575 1306 1602; x_wconf 75' lang='grc' dir='ltr'>ΕΙ</span> <span class='ocrx_word' id='word_1_672' title='bbox 1318 1576 1372 1610; x_wconf 81' lang='grc' dir='ltr'>γάρ</span> <span class='ocrx_word' id='word_1_673' title='bbox 1387 1576 1445 1603; x_wconf 76' lang='grc' dir='ltr'>ἐστι</span> <span class='ocrx_word' id='word_1_674' title='bbox 1465 1578 1569 1612; x_wconf 77' lang='grc' dir='ltr'>τάληθῆ</span> <span class='ocrx_word' id='word_1_675' title='bbox 1584 1577 1655 1613; x_wconf 76' lang='grc' dir='ltr'>ὑπὲρ</span> <span class='ocrx_word' id='word_1_676' title='bbox 1669 1578 1807 1614; x_wconf 74' lang='grc' dir='ltr'>ἀληθείας</span> 
     </span>
    </p>
   </div>
   <div class='ocr_carea' id='block_1_94' title="bbox 1018 1620 1806 1659">
    <p class='ocr_par' dir='ltr' id='par_1_94' title="bbox 1018 1620 1806 1659">
     <span class='ocr_line' id='line_1_94' title="bbox 1018 1620 1806 1659; baseline 0.008 -13"><span class='ocrx_word' id='word_1_677' title='bbox 1018 1621 1115 1652; x_wconf 66' lang='grc' dir='ltr'>εἰπεῖν,</span> <span class='ocrx_word' id='word_1_678' title='bbox 1125 1620 1222 1652; x_wconf 82' lang='grc' dir='ltr'>πάντες</span> <span class='ocrx_word' id='word_1_679' title='bbox 1238 1621 1263 1648; x_wconf 75' lang='grc' dir='ltr'>οι</span> <span class='ocrx_word' id='word_1_680' title='bbox 1282 1622 1352 1656; x_wconf 77' lang='grc' dir='ltr'>μετὰ</span> <span class='ocrx_word' id='word_1_681' title='bbox 1368 1623 1417 1658; x_wconf 83' lang='grc' dir='ltr'>τὴν</span> <span class='ocrx_word' id='word_1_682' title='bbox 1442 1622 1568 1650; x_wconf 82' lang='grc' dir='ltr'>Νικαέων</span> <span class='ocrx_word' id='word_1_683' title='bbox 1592 1623 1726 1659; x_wconf 79' lang='grc' dir='ltr'>θεόκριτοι</span> <span class='ocrx_word' id='word_1_684' title='bbox 1739 1626 1806 1652; x_wconf 89' lang='grc' dir='ltr'><strong>Πα-</strong></span> 
     </span>
    </p>
   </div>
   <div class='ocr_carea' id='block_1_95' title="bbox 1017 1667 1804 1705">
    <p class='ocr_par' dir='ltr' id='par_1_95' title="bbox 1017 1667 1804 1705">
     <span class='ocr_line' id='line_1_95' title="bbox 1017 1667 1804 1705; baseline 0.004 -11"><span class='ocrx_word' id='word_1_685' title='bbox 1017 1667 1106 1703; x_wconf 60' lang='lat' dir='ltr'><strong>rip“,</strong></span> <span class='ocrx_word' id='word_1_686' title='bbox 1117 1668 1166 1695; x_wconf 76' lang='grc' dir='ltr'>καὶ</span> <span class='ocrx_word' id='word_1_687' title='bbox 1178 1668 1252 1694; x_wconf 78' lang='grc' dir='ltr'>πᾶσα</span> <span class='ocrx_word' id='word_1_688' title='bbox 1263 1668 1372 1700; x_wconf 76' lang='grc' dir='ltr'>σύνοδος</span> <span class='ocrx_word' id='word_1_689' title='bbox 1379 1668 1528 1703; x_wconf 80' lang='grc' dir='ltr'>ὀρθοδόξων</span> <span class='ocrx_word' id='word_1_690' title='bbox 1539 1670 1585 1695; x_wconf 84' lang='grc' dir='ltr'><strong>καὶ</strong></span> <span class='ocrx_word' id='word_1_691' title='bbox 1595 1669 1681 1703; x_wconf 82' lang='grc' dir='ltr'>ἁγίων</span> <span class='ocrx_word' id='word_1_692' title='bbox 1692 1669 1804 1705; x_wconf 80' lang='grc' dir='ltr'>ἀνδρῶν</span> 
     </span>
    </p>
   </div>
   <div class='ocr_carea' id='block_1_96' title="bbox 1016 1714 1804 1751">
    <p class='ocr_par' dir='ltr' id='par_1_96' title="bbox 1016 1714 1804 1751">
     <span class='ocr_line' id='line_1_96' title="bbox 1016 1714 1804 1751; baseline 0.003 -10"><span class='ocrx_word' id='word_1_693' title='bbox 1016 1714 1065 1741; x_wconf 74' lang='grc' dir='ltr'>οὐκ</span> <span class='ocrx_word' id='word_1_694' title='bbox 1089 1714 1169 1741; x_wconf 70' lang='grc' dir='ltr'>ἄλλον</span> <span class='ocrx_word' id='word_1_695' title='bbox 1191 1714 1309 1746; x_wconf 76' lang='grc' dir='ltr'>πίστεως</span> <span class='ocrx_word' id='word_1_696' title='bbox 1334 1714 1397 1750; x_wconf 83' lang='grc' dir='ltr'>δρον</span> <span class='ocrx_word' id='word_1_697' title='bbox 1410 1715 1453 1742; x_wconf 78' lang='grc' dir='ltr'><strong>διὰ</strong></span> <span class='ocrx_word' id='word_1_698' title='bbox 1469 1715 1518 1750; x_wconf 83' lang='grc' dir='ltr'>τῆς</span> <span class='ocrx_word' id='word_1_699' title='bbox 1536 1715 1728 1751; x_wconf 72' lang='grc' dir='ltr'>ἑπεισαγογγῆς</span> <span class='ocrx_word' id='word_1_700' title='bbox 1743 1717 1804 1743; x_wconf 80' lang='grc' dir='ltr'><strong>τῶν</strong></span> 
     </span>
    </p>
   </div>
   <div class='ocr_carea' id='block_1_97' title="bbox 1015 1760 1805 1796">
    <p class='ocr_par' dir='ltr' id='par_1_97' title="bbox 1015 1760 1805 1796">
     <span class='ocr_line' id='line_1_97' title="bbox 1015 1760 1805 1796; baseline 0.003 -10"><span class='ocrx_word' id='word_1_701' title='bbox 1015 1760 1123 1787; x_wconf 73' lang='grc' dir='ltr'>οἰκείων</span> <span class='ocrx_word' id='word_1_702' title='bbox 1140 1760 1273 1795; x_wconf 77' lang='grc' dir='ltr'>ῥημάτων</span> <span class='ocrx_word' id='word_1_703' title='bbox 1295 1760 1434 1793; x_wconf 78' lang='grc' dir='ltr'>παντελῶς</span> <span class='ocrx_word' id='word_1_704' title='bbox 1459 1761 1654 1796; x_wconf 65' lang='grc' dir='ltr'>ἐπεισήγαγεν-ι,</span> <span class='ocrx_word' id='word_1_705' title='bbox 1668 1761 1705 1792; x_wconf 79' lang='grc' dir='ltr'>ὼς</span> <span class='ocrx_word' id='word_1_706' title='bbox 1718 1762 1805 1796; x_wconf 73' lang='grc' dir='ltr'>ὐμσῖς</span> 
     </span>
    </p>
   </div>
   <div class='ocr_carea' id='block_1_98' title="bbox 1015 1805 1803 1842">
    <p class='ocr_par' dir='ltr' id='par_1_98' title="bbox 1015 1805 1803 1842">
     <span class='ocr_line' id='line_1_98' title="bbox 1015 1805 1803 1842; baseline 0.001 -9"><span class='ocrx_word' id='word_1_707' title='bbox 1015 1805 1199 1840; x_wconf 82' lang='grc' dir='ltr'>ἀποφαίνεσθε</span> <span class='ocrx_word' id='word_1_708' title='bbox 1227 1806 1353 1833; x_wconf 82' lang='grc' dir='ltr'>πλεῖστον</span> <span class='ocrx_word' id='word_1_709' title='bbox 1368 1806 1605 1842; x_wconf 79' lang='grc' dir='ltr'>παραληροῦντες,</span> <span class='ocrx_word' id='word_1_710' title='bbox 1621 1807 1668 1834; x_wconf 73' lang='grc' dir='ltr'>καὶ</span> <span class='ocrx_word' id='word_1_711' title='bbox 1682 1808 1713 1834; x_wconf 75' lang='grc' dir='ltr'><strong>τὸ</strong></span> <span class='ocrx_word' id='word_1_712' title='bbox 1733 1808 1803 1835; x_wconf 81' lang='grc' dir='ltr'>ὅλον</span> 
     </span>
    </p>
   </div>
   <div class='ocr_carea' id='block_1_99' title="bbox 1017 1852 1801 1890">
    <p class='ocr_par' dir='ltr' id='par_1_99' title="bbox 1017 1852 1801 1890">
     <span class='ocr_line' id='line_1_99' title="bbox 1017 1852 1801 1890; baseline 0.004 -12"><span class='ocrx_word' id='word_1_713' title='bbox 1017 1852 1192 1887; x_wconf 72' lang='grc' dir='ltr'>μαινόμενοι·</span> <span class='ocrx_word' id='word_1_714' title='bbox 1211 1862 1221 1879; x_wconf 74' lang='grc' dir='ltr'><strong>ι</strong></span> <span class='ocrx_word' id='word_1_715' title='bbox 1243 1853 1292 1884; x_wconf 71' lang='grc' dir='ltr'>καὶ</span> <span class='ocrx_word' id='word_1_716' title='bbox 1305 1853 1338 1880; x_wconf 76' lang='grc' dir='ltr'><strong>τὰ</strong></span> <span class='ocrx_word' id='word_1_717' title='bbox 1352 1852 1415 1888; x_wconf 70' lang='grc' dir='ltr'><strong>ἑξῆς</strong></span> <span class='ocrx_word' id='word_1_718' title='bbox 1438 1854 1466 1880; x_wconf 85' lang='grc' dir='ltr'><strong>ἐν</strong></span> <span class='ocrx_word' id='word_1_719' title='bbox 1483 1852 1521 1889; x_wconf 80' lang='grc' dir='ltr'>τῷ</span> <span class='ocrx_word' id='word_1_720' title='bbox 1535 1854 1704 1890; x_wconf 76' lang='grc' dir='ltr'>προσήκοντι</span> <span class='ocrx_word' id='word_1_721' title='bbox 1719 1854 1801 1890; x_wconf 71' lang='grc' dir='ltr'>τόπῳ</span> 
     </span>
    </p>
   </div>
   <div class='ocr_carea' id='block_1_100' title="bbox 1016 1898 1803 1936">
    <p class='ocr_par' dir='ltr' id='par_1_100' title="bbox 1016 1898 1803 1936">
     <span class='ocr_line' id='line_1_100' title="bbox 1016 1898 1803 1936; baseline 0.005 -12"><span class='ocrx_word' id='word_1_722' title='bbox 1016 1898 1178 1934; x_wconf 78' lang='grc' dir='ltr'>ἐκθήσομεν,</span> <span class='ocrx_word' id='word_1_723' title='bbox 1203 1899 1412 1934; x_wconf 80' lang='grc' dir='ltr'>διατρανοῦντες</span> <span class='ocrx_word' id='word_1_724' title='bbox 1425 1899 1475 1935; x_wconf 83' lang='grc' dir='ltr'>τὴν</span> <span class='ocrx_word' id='word_1_725' title='bbox 1493 1900 1622 1936; x_wconf 80' lang='grc' dir='ltr'>ἀλήθειαν</span> <span class='ocrx_word' id='word_1_726' title='bbox 1636 1901 1724 1936; x_wconf 67' lang='grc' dir='ltr'><strong>⁴ἡμῶν.</strong></span> <span class='ocrx_word' id='word_1_727' title='bbox 1743 1902 1803 1928; x_wconf 76' lang='grc' dir='ltr'><strong>Καὶ</strong></span> 
     </span>
    </p>
   </div>
   <div class='ocr_carea' id='block_1_101' title="bbox 1015 1945 1801 1982">
    <p class='ocr_par' dir='ltr' id='par_1_101' title="bbox 1015 1945 1801 1982">
     <span class='ocr_line' id='line_1_101' title="bbox 1015 1945 1801 1982; baseline 0.003 -11"><span class='ocrx_word' id='word_1_728' title='bbox 1015 1945 1070 1980; x_wconf 84' lang='grc' dir='ltr'><strong>γὰρ</strong></span> <span class='ocrx_word' id='word_1_729' title='bbox 1083 1945 1186 1980; x_wconf 80' lang='grc' dir='ltr'>ἑκάστη</span> <span class='ocrx_word' id='word_1_730' title='bbox 1202 1945 1268 1980; x_wconf 77' lang='grc' dir='ltr'>ἁγία</span> <span class='ocrx_word' id='word_1_731' title='bbox 1285 1945 1334 1972; x_wconf 81' lang='grc' dir='ltr'>καὶ</span> <span class='ocrx_word' id='word_1_732' title='bbox 1357 1946 1535 1981; x_wconf 85' lang='grc' dir='ltr'>οῑκουμενικὴ</span> <span class='ocrx_word' id='word_1_733' title='bbox 1562 1946 1671 1978; x_wconf 79' lang='grc' dir='ltr'>σύνοδος</span> <span class='ocrx_word' id='word_1_734' title='bbox 1696 1948 1801 1982; x_wconf 79' lang='grc' dir='ltr'>προσέ-</span> 
     </span>
    </p>
   </div>
   <div class='ocr_carea' id='block_1_102' title="bbox 1015 1989 1801 2028">
    <p class='ocr_par' dir='ltr' id='par_1_102' title="bbox 1015 1989 1801 2028">
     <span class='ocr_line' id='line_1_102' title="bbox 1015 1989 1801 2028; baseline 0.004 -12"><span class='ocrx_word' id='word_1_735' title='bbox 1015 1989 1109 2025; x_wconf 82' lang='grc' dir='ltr'>θηκεν,</span> <span class='ocrx_word' id='word_1_736' title='bbox 1124 1990 1138 2017; x_wconf 83' lang='grc' dir='ltr'><strong>ὃ</strong></span> <span class='ocrx_word' id='word_1_737' title='bbox 1154 1990 1191 2026; x_wconf 84' lang='grc' dir='ltr'>μὴ</span> <span class='ocrx_word' id='word_1_738' title='bbox 1205 1991 1295 2026; x_wconf 76' lang='grc' dir='ltr'>ῥητῶς</span> <span class='ocrx_word' id='word_1_739' title='bbox 1312 1992 1474 2026; x_wconf 81' lang='grc' dir='ltr'>προσέκειτο</span> <span class='ocrx_word' id='word_1_740' title='bbox 1488 1993 1522 2026; x_wconf 81' lang='grc' dir='ltr'>τῇ</span> <span class='ocrx_word' id='word_1_741' title='bbox 1540 1991 1600 2026; x_wconf 77' lang='grc' dir='ltr'>θείᾳ</span> <span class='ocrx_word' id='word_1_742' title='bbox 1616 1992 1722 2028; x_wconf 84' lang='grc' dir='ltr'>Γραφῇ,</span> <span class='ocrx_word' id='word_1_743' title='bbox 1738 1993 1801 2020; x_wconf 80' lang='grc' dir='ltr'>ἀλλ’</span> 
     </span>
    </p>
   </div>
   <div class='ocr_carea' id='block_1_103' title="bbox 1013 2034 1798 2071">
    <p class='ocr_par' dir='ltr' id='par_1_103' title="bbox 1013 2034 1798 2071">
     <span class='ocr_line' id='line_1_103' title="bbox 1013 2034 1798 2071; baseline 0.001 -10"><span class='ocrx_word' id='word_1_744' title='bbox 1013 2034 1062 2061; x_wconf 78' lang='grc' dir='ltr'><strong>οὒκ</strong></span> <span class='ocrx_word' id='word_1_745' title='bbox 1086 2035 1169 2069; x_wconf 76' lang='grc' dir='ltr'>ἄλλην</span> <span class='ocrx_word' id='word_1_746' title='bbox 1192 2035 1282 2062; x_wconf 83' lang='grc' dir='ltr'>πίστιν</span> <span class='ocrx_word' id='word_1_747' title='bbox 1300 2036 1435 2070; x_wconf 76' lang='grc' dir='ltr'>πεποίηκε</span> <span class='ocrx_word' id='word_1_748' title='bbox 1459 2035 1502 2061; x_wconf 78' lang='grc' dir='ltr'>διὰ</span> <span class='ocrx_word' id='word_1_749' title='bbox 1517 2036 1566 2070; x_wconf 85' lang='grc' dir='ltr'>τῆς</span> <span class='ocrx_word' id='word_1_750' title='bbox 1579 2037 1776 2071; x_wconf 82' lang='grc' dir='ltr'>ἐπεισαγωγῆς</span> <span class='ocrx_word' id='word_1_751' title='bbox 1790 2047 1798 2054; x_wconf 93' lang='grc'><strong>·</strong></span> 
     </span>
    </p>
   </div>
   <div class='ocr_carea' id='block_1_104' title="bbox 1015 2080 1798 2117">
    <p class='ocr_par' dir='ltr' id='par_1_104' title="bbox 1015 2080 1798 2117">
     <span class='ocr_line' id='line_1_104' title="bbox 1015 2080 1798 2117; baseline 0.001 -9"><span class='ocrx_word' id='word_1_752' title='bbox 1015 2081 1104 2108; x_wconf 84' lang='grc' dir='ltr'>καίτοι</span> <span class='ocrx_word' id='word_1_753' title='bbox 1121 2090 1153 2115; x_wconf 85' lang='grc' dir='ltr'><strong>γε</strong></span> <span class='ocrx_word' id='word_1_754' title='bbox 1167 2081 1214 2108; x_wconf 89' lang='grc' dir='ltr'><strong>τοῦ</strong></span> <span class='ocrx_word' id='word_1_755' title='bbox 1225 2081 1421 2116; x_wconf 81' lang='grc' dir='ltr'>προστεθέντος</span> <span class='ocrx_word' id='word_1_756' title='bbox 1434 2080 1554 2116; x_wconf 75' lang='grc' dir='ltr'>οὐδαμοῦ</span> <span class='ocrx_word' id='word_1_757' title='bbox 1569 2084 1798 2117; x_wconf 82' lang='grc' dir='ltr'>προκηρυττομέ-</span> 
     </span>
    </p>
   </div>
   <div class='ocr_carea' id='block_1_105' title="bbox 1013 2125 1799 2162">
    <p class='ocr_par' dir='ltr' id='par_1_105' title="bbox 1013 2125 1799 2162">
     <span class='ocr_line' id='line_1_105' title="bbox 1013 2125 1799 2162; baseline 0.003 -8"><span class='ocrx_word' id='word_1_758' title='bbox 1013 2135 1059 2154; x_wconf 86' lang='grc' dir='ltr'><strong>νου</strong></span> <span class='ocrx_word' id='word_1_759' title='bbox 1083 2127 1170 2158; x_wconf 74' lang='grc' dir='ltr'>ὄντος.</span> <span class='ocrx_word' id='word_1_760' title='bbox 1195 2126 1297 2153; x_wconf 79' lang='grc' dir='ltr'>Αὐτίκα</span> <span class='ocrx_word' id='word_1_761' title='bbox 1324 2126 1378 2161; x_wconf 81' lang='grc' dir='ltr'>γὰρ</span> <span class='ocrx_word' id='word_1_762' title='bbox 1393 2125 1424 2152; x_wconf 78' lang='grc' dir='ltr'><strong>τὺ</strong></span> <span class='ocrx_word' id='word_1_763' title='bbox 1447 2126 1621 2160; x_wconf 81' lang='grc' dir='ltr'>ὀμοούσιον,</span> <span class='ocrx_word' id='word_1_764' title='bbox 1646 2126 1660 2152; x_wconf 80' lang='grc' dir='ltr'><strong>θ</strong></span> <span class='ocrx_word' id='word_1_765' title='bbox 1680 2127 1748 2162; x_wconf 86' lang='grc' dir='ltr'>μήτε</span> <span class='ocrx_word' id='word_1_766' title='bbox 1767 2129 1799 2156; x_wconf 74' lang='grc' dir='ltr'><strong>ἐν</strong></span> 
     </span>
    </p>
   </div>
   <div class='ocr_carea' id='block_1_106' title="bbox 1013 2171 1796 2207">
    <p class='ocr_par' dir='ltr' id='par_1_106' title="bbox 1013 2171 1796 2207">
     <span class='ocr_line' id='line_1_106' title="bbox 1013 2171 1796 2207; baseline 0.003 -9"><span class='ocrx_word' id='word_1_767' title='bbox 1013 2174 1045 2206; x_wconf 85' lang='grc' dir='ltr'><strong>τῇ</strong></span> <span class='ocrx_word' id='word_1_768' title='bbox 1064 2172 1124 2207; x_wconf 72' lang='grc' dir='ltr'>ἱερᾷ</span> <span class='ocrx_word' id='word_1_769' title='bbox 1142 2172 1235 2207; x_wconf 62' lang='grc' dir='ltr'>Γραφῇ</span> <span class='ocrx_word' id='word_1_770' title='bbox 1250 2172 1445 2206; x_wconf 72' lang='grc' dir='ltr'>εὕρισκόμενον</span> <span class='ocrx_word' id='word_1_771' title='bbox 1458 2171 1587 2206; x_wconf 77' lang='grc' dir='ltr'>ὑπάρχει,</span> <span class='ocrx_word' id='word_1_772' title='bbox 1605 2173 1674 2207; x_wconf 85' lang='grc' dir='ltr'>μήτε</span> <span class='ocrx_word' id='word_1_773' title='bbox 1685 2173 1714 2199; x_wconf 84' lang='grc' dir='ltr'><strong>ἐν</strong></span> <span class='ocrx_word' id='word_1_774' title='bbox 1732 2173 1796 2200; x_wconf 81' lang='grc' dir='ltr'><strong>Ἐλ-</strong></span> 
     </span>
    </p>
   </div>
   <div class='ocr_carea' id='block_1_107' title="bbox 1146 2217 1797 2255">
    <p class='ocr_par' dir='ltr' id='par_1_107' title="bbox 1146 2217 1797 2255">
     <span class='ocr_line' id='line_1_107' title="bbox 1146 2217 1797 2255; baseline 0.002 -11"><span class='ocrx_word' id='word_1_775' title='bbox 1146 2217 1203 2244; x_wconf 73' lang='grc' dir='ltr'>ἁλλ*</span> <span class='ocrx_word' id='word_1_776' title='bbox 1219 2217 1279 2244; x_wconf 66' lang='grc' dir='ltr'>οὐδὲ</span> <span class='ocrx_word' id='word_1_777' title='bbox 1294 2218 1348 2244; x_wconf 76' lang='grc' dir='ltr'><strong>τῶν</strong></span> <span class='ocrx_word' id='word_1_778' title='bbox 1372 2218 1460 2252; x_wconf 78' lang='grc' dir='ltr'>ἁγίων</span> <span class='ocrx_word' id='word_1_779' title='bbox 1475 2218 1633 2245; x_wconf 85' lang='grc' dir='ltr'>ἀποστόλων</span> <span class='ocrx_word' id='word_1_780' title='bbox 1649 2218 1727 2245; x_wconf 74' lang='grc' dir='ltr'>τοῦτο</span> <span class='ocrx_word' id='word_1_781' title='bbox 1744 2220 1797 2255; x_wconf 72' lang='grc' dir='ltr'><strong>ρηο</strong></span> 
     </span>
    </p>
   </div>
   <div class='ocr_carea' id='block_1_108' title="bbox 1013 2263 1795 2300">
    <p class='ocr_par' dir='ltr' id='par_1_108' title="bbox 1013 2263 1795 2300">
     <span class='ocr_line' id='line_1_108' title="bbox 1013 2263 1795 2300; baseline 0.003 -10"><span class='ocrx_word' id='word_1_782' title='bbox 1013 2264 1068 2294; x_wconf 80' lang='grc' dir='ltr'>τῶς</span> <span class='ocrx_word' id='word_1_783' title='bbox 1084 2263 1229 2294; x_wconf 65' lang='grc' dir='ltr'>εἰπόντων,</span> <span class='ocrx_word' id='word_1_784' title='bbox 1246 2264 1261 2298; x_wconf 87' lang='grc' dir='ltr'><strong>ἠ</strong></span> <span class='ocrx_word' id='word_1_785' title='bbox 1280 2263 1389 2295; x_wconf 80' lang='grc' dir='ltr'>σύνοδος</span> <span class='ocrx_word' id='word_1_786' title='bbox 1403 2263 1472 2298; x_wconf 76' lang='grc' dir='ltr'>αὕτη</span> <span class='ocrx_word' id='word_1_787' title='bbox 1488 2265 1667 2300; x_wconf 80' lang='grc' dir='ltr'>προσέθηκεν,</span> <span class='ocrx_word' id='word_1_788' title='bbox 1683 2265 1795 2293; x_wconf 72' lang='grc' dir='ltr'>ἀλλὀὐ-</span> 
     </span>
    </p>
   </div>
   <div class='ocr_carea' id='block_1_109' title="bbox 1011 2309 1791 2346">
    <p class='ocr_par' dir='ltr' id='par_1_109' title="bbox 1011 2309 1791 2346">
     <span class='ocr_line' id='line_1_109' title="bbox 1011 2309 1791 2346; baseline 0.005 -11"><span class='ocrx_word' id='word_1_789' title='bbox 1011 2309 1103 2343; x_wconf 82' lang='grc' dir='ltr'>δαμῶς</span> <span class='ocrx_word' id='word_1_790' title='bbox 1118 2309 1247 2343; x_wconf 60' lang='grc' dir='ltr'>ἐνομίσθη</span> <span class='ocrx_word' id='word_1_791' title='bbox 1265 2310 1340 2344; x_wconf 74' lang='grc' dir='ltr'>παρὰ</span> <span class='ocrx_word' id='word_1_792' title='bbox 1361 2312 1418 2342; x_wconf 83' lang='grc' dir='ltr'>τοῖς</span> <span class='ocrx_word' id='word_1_793' title='bbox 1443 2311 1493 2346; x_wconf 81' lang='grc' dir='ltr'>τὴν</span> <span class='ocrx_word' id='word_1_794' title='bbox 1516 2311 1645 2346; x_wconf 71' lang='grc' dir='ltr'>ἀλήθειαν</span> <span class='ocrx_word' id='word_1_795' title='bbox 1660 2312 1791 2346; x_wconf 77' lang='grc' dir='ltr'>ἐκζητοῦ-</span> 
     </span>
    </p>
   </div>
   <div class='ocr_carea' id='block_1_110' title="bbox 1013 2354 1791 2395">
    <p class='ocr_par' dir='ltr' id='par_1_110' title="bbox 1013 2354 1791 2395">
     <span class='ocr_line' id='line_1_110' title="bbox 1013 2354 1791 2395; baseline 0.008 -16"><span class='ocrx_word' id='word_1_796' title='bbox 1013 2362 1066 2385; x_wconf 87' lang='grc' dir='ltr'>σιν,</span> <span class='ocrx_word' id='word_1_797' title='bbox 1093 2354 1190 2388; x_wconf 79' lang='grc' dir='ltr'>ἑτέραν</span> <span class='ocrx_word' id='word_1_798' title='bbox 1219 2354 1310 2381; x_wconf 80' lang='grc' dir='ltr'>πίστιν</span> <span class='ocrx_word' id='word_1_799' title='bbox 1335 2358 1528 2391; x_wconf 80' lang='grc' dir='ltr'>πεποιηκέναι.</span> <span class='ocrx_word' id='word_1_800' title='bbox 1559 2357 1696 2389; x_wconf 73' lang='grc' dir='ltr'>Ὡσαύτως</span> <span class='ocrx_word' id='word_1_801' title='bbox 1719 2359 1748 2385; x_wconf 83' lang='grc' dir='ltr'>δὲ</span> <span class='ocrx_word' id='word_1_802' title='bbox 1774 2360 1791 2395; x_wconf 68' lang='grc' dir='ltr'><strong>ἢ</strong></span> 
     </span>
    </p>
   </div>
   <div class='ocr_carea' id='block_1_111' title="bbox 1013 2399 1791 2437">
    <p class='ocr_par' dir='ltr' id='par_1_111' title="bbox 1013 2399 1791 2437">
     <span class='ocr_line' id='line_1_111' title="bbox 1013 2399 1791 2437; baseline 0.006 -12"><span class='ocrx_word' id='word_1_803' title='bbox 1013 2399 1079 2432; x_wconf 83' lang='grc' dir='ltr'>ἁγία</span> <span class='ocrx_word' id='word_1_804' title='bbox 1096 2400 1273 2434; x_wconf 70' lang='grc' dir='ltr'>οικουμενικὴ</span> <span class='ocrx_word' id='word_1_805' title='bbox 1288 2400 1401 2435; x_wconf 81' lang='grc' dir='ltr'>δευτέρα</span> <span class='ocrx_word' id='word_1_806' title='bbox 1416 2401 1524 2433; x_wconf 83' lang='grc' dir='ltr'>σύνοδος</span> <span class='ocrx_word' id='word_1_807' title='bbox 1539 2402 1607 2428; x_wconf 78' lang='grc' dir='ltr'>Θεδν</span> <span class='ocrx_word' id='word_1_808' title='bbox 1618 2403 1648 2429; x_wconf 82' lang='grc' dir='ltr'>τὸ</span> <span class='ocrx_word' id='word_1_809' title='bbox 1658 2404 1791 2437; x_wconf 84' lang='grc' dir='ltr'>πανάγιον</span> 
     </span>
    </p>
   </div>
   <div class='ocr_carea' id='block_1_112' title="bbox 1012 2443 1789 2483">
    <p class='ocr_par' dir='ltr' id='par_1_112' title="bbox 1012 2443 1789 2483">
     <span class='ocr_line' id='line_1_112' title="bbox 1012 2443 1789 2483; baseline 0.006 -13"><span class='ocrx_word' id='word_1_810' title='bbox 1012 2443 1123 2478; x_wconf 86' lang='grc' dir='ltr'>Πνεῦμα</span> <span class='ocrx_word' id='word_1_811' title='bbox 1139 2444 1261 2479; x_wconf 74' lang='grc' dir='ltr'>εἴρηκεν,</span> <span class='ocrx_word' id='word_1_812' title='bbox 1279 2446 1326 2471; x_wconf 82' lang='grc' dir='ltr'>καὶ</span> <span class='ocrx_word' id='word_1_813' title='bbox 1341 2446 1459 2481; x_wconf 80' lang='grc' dir='ltr'>ἀληθῶς,</span> <span class='ocrx_word' id='word_1_814' title='bbox 1478 2446 1573 2482; x_wconf 82' lang='grc' dir='ltr'>ὥσπερ</span> <span class='ocrx_word' id='word_1_815' title='bbox 1586 2447 1634 2474; x_wconf 83' lang='grc' dir='ltr'>καὶ</span> <span class='ocrx_word' id='word_1_816' title='bbox 1647 2448 1677 2474; x_wconf 75' lang='grc' dir='ltr'><strong>τὸ</strong></span> <span class='ocrx_word' id='word_1_817' title='bbox 1692 2449 1789 2483; x_wconf 78' lang='grc' dir='ltr'>ὁμοσύ-</span> 
     </span>
    </p>
   </div>
   <div class='ocr_carea' id='block_1_113' title="bbox 1012 2489 1787 2528">
    <p class='ocr_par' dir='ltr' id='par_1_113' title="bbox 1012 2489 1787 2528">
     <span class='ocr_line' id='line_1_113' title="bbox 1012 2489 1787 2528; baseline 0.01 -14"><span class='ocrx_word' id='word_1_818' title='bbox 1012 2497 1079 2517; x_wconf 84' lang='grc' dir='ltr'>σιον,</span> <span class='ocrx_word' id='word_1_819' title='bbox 1101 2489 1171 2515; x_wconf 80' lang='grc' dir='ltr'>Ἀλλ’</span> <span class='ocrx_word' id='word_1_820' title='bbox 1183 2489 1304 2524; x_wconf 78' lang='grc' dir='ltr'>οὐδαμοῦ</span> <span class='ocrx_word' id='word_1_821' title='bbox 1321 2492 1350 2517; x_wconf 91' lang='grc' dir='ltr'><strong>ἐν</strong></span> <span class='ocrx_word' id='word_1_822' title='bbox 1364 2492 1398 2526; x_wconf 81' lang='grc' dir='ltr'><strong>τῇ</strong></span> <span class='ocrx_word' id='word_1_823' title='bbox 1424 2492 1519 2527; x_wconf 86' lang='grc' dir='ltr'>Γραφῇ</span> <span class='ocrx_word' id='word_1_824' title='bbox 1540 2492 1619 2519; x_wconf 89' lang='grc' dir='ltr'>τοῦτο</span> <span class='ocrx_word' id='word_1_825' title='bbox 1635 2493 1787 2528; x_wconf 80' lang='grc' dir='ltr'>εὑρίσκετο.</span> 
     </span>
    </p>
   </div>
   <div class='ocr_carea' id='block_1_114' title="bbox 1010 2534 1789 2573">
    <p class='ocr_par' dir='ltr' id='par_1_114' title="bbox 1010 2534 1789 2573">
     <span class='ocr_line' id='line_1_114' title="bbox 1010 2534 1789 2573; baseline 0.01 -13"><span class='ocrx_word' id='word_1_826' title='bbox 1010 2534 1094 2569; x_wconf 80' lang='grc' dir='ltr'><strong>Καὶή</strong></span> <span class='ocrx_word' id='word_1_827' title='bbox 1112 2535 1178 2568; x_wconf 79' lang='grc' dir='ltr'>ἁγία</span> <span class='ocrx_word' id='word_1_828' title='bbox 1203 2535 1232 2562; x_wconf 75' lang='grc' dir='ltr'>δὲ</span> <span class='ocrx_word' id='word_1_829' title='bbox 1259 2536 1338 2571; x_wconf 81' lang='grc' dir='ltr'>τρίτη</span> <span class='ocrx_word' id='word_1_830' title='bbox 1369 2537 1476 2568; x_wconf 86' lang='grc' dir='ltr'>σύνοδος</span> <span class='ocrx_word' id='word_1_831' title='bbox 1501 2539 1541 2570; x_wconf 79' lang='grc' dir='ltr'><strong>τὺ,</strong></span> <span class='ocrx_word' id='word_1_832' title='bbox 1559 2540 1711 2573; x_wconf 81' lang='grc' dir='ltr'>Θεοτόκος.</span> <span class='ocrx_word' id='word_1_833' title='bbox 1736 2542 1789 2568; x_wconf 76' lang='grc' dir='ltr'><strong>Καὶ</strong></span> 
     </span>
    </p>
   </div>
   <div class='ocr_carea' id='block_1_115' title="bbox 1011 2581 1788 2617">
    <p class='ocr_par' dir='ltr' id='par_1_115' title="bbox 1011 2581 1788 2617">
     <span class='ocr_line' id='line_1_115' title="bbox 1011 2581 1788 2617; baseline 0.009 -10"><span class='ocrx_word' id='word_1_834' title='bbox 1011 2581 1122 2617; x_wconf 81' lang='grc' dir='ltr'>ἀληθῶς</span> <span class='ocrx_word' id='word_1_835' title='bbox 1149 2582 1241 2617; x_wconf 73' lang='grc' dir='ltr'>ἔχουσι</span> <span class='ocrx_word' id='word_1_836' title='bbox 1269 2581 1319 2617; x_wconf 83' lang='grc' dir='ltr'>μὲν</span> <span class='ocrx_word' id='word_1_837' title='bbox 1345 2582 1441 2615; x_wconf 81' lang='grc' dir='ltr'>ταῦτα,</span> <span class='ocrx_word' id='word_1_838' title='bbox 1462 2585 1509 2611; x_wconf 78' lang='grc' dir='ltr'>καὶ</span> <span class='ocrx_word' id='word_1_839' title='bbox 1535 2584 1620 2617; x_wconf 74' lang='grc' dir='ltr'>οὕτως</span> <span class='ocrx_word' id='word_1_840' title='bbox 1638 2586 1674 2617; x_wconf 79' lang='grc' dir='ltr'>ὡς</span> <span class='ocrx_word' id='word_1_841' title='bbox 1703 2587 1750 2613; x_wconf 76' lang='grc' dir='ltr'><strong>καὶ</strong></span> <span class='ocrx_word' id='word_1_842' title='bbox 1765 2589 1788 2614; x_wconf 77' lang='grc' dir='ltr'>οἱ</span> 
     </span>
    </p>
   </div>
   <div class='ocr_carea' id='block_1_116' title="bbox 1011 2627 1788 2668">
    <p class='ocr_par' dir='ltr' id='par_1_116' title="bbox 1011 2627 1788 2668">
     <span class='ocr_line' id='line_1_116' title="bbox 1011 2627 1788 2668; baseline 0.01 -16"><span class='ocrx_word' id='word_1_843' title='bbox 1011 2627 1083 2661; x_wconf 80' lang='grc' dir='ltr'>ᾰγιοι</span> <span class='ocrx_word' id='word_1_844' title='bbox 1108 2628 1367 2662; x_wconf 81' lang='grc' dir='ltr'>πνευματοκινήτως</span> <span class='ocrx_word' id='word_1_845' title='bbox 1391 2629 1620 2666; x_wconf 79' lang='grc' dir='ltr'>ἐθεσμοθέτησαν.</span> <span class='ocrx_word' id='word_1_846' title='bbox 1646 2632 1729 2668; x_wconf 75' lang='grc' dir='ltr'><strong>Καὶή</strong></span> <span class='ocrx_word' id='word_1_847' title='bbox 1748 2642 1788 2660; x_wconf 84' lang='grc' dir='ltr'>τε-</span> 
     </span>
    </p>
   </div>
   <div class='ocr_carea' id='block_1_117' title="bbox 1011 2673 1788 2711">
    <p class='ocr_par' dir='ltr' id='par_1_117' title="bbox 1011 2673 1788 2711">
     <span class='ocr_line' id='line_1_117' title="bbox 1011 2673 1788 2711; baseline 0.012 -13"><span class='ocrx_word' id='word_1_848' title='bbox 1011 2673 1097 2709; x_wconf 81' lang='grc' dir='ltr'>τάρτη</span> <span class='ocrx_word' id='word_1_849' title='bbox 1120 2674 1148 2700; x_wconf 75' lang='grc' dir='ltr'>δὲ</span> <span class='ocrx_word' id='word_1_850' title='bbox 1173 2674 1222 2704; x_wconf 81' lang='grc' dir='ltr'><strong>τὰς</strong></span> <span class='ocrx_word' id='word_1_851' title='bbox 1238 2673 1283 2700; x_wconf 72' lang='grc' dir='ltr'>δύο</span> <span class='ocrx_word' id='word_1_852' title='bbox 1302 2673 1408 2708; x_wconf 73' lang='grc' dir='ltr'>φύσεις,</span> <span class='ocrx_word' id='word_1_853' title='bbox 1431 2677 1478 2703; x_wconf 79' lang='grc' dir='ltr'>καὶ</span> <span class='ocrx_word' id='word_1_854' title='bbox 1502 2677 1550 2711; x_wconf 76' lang='grc' dir='ltr'>τὴν</span> <span class='ocrx_word' id='word_1_855' title='bbox 1565 2678 1625 2704; x_wconf 81' lang='grc' dir='ltr'>καθ’</span> <span class='ocrx_word' id='word_1_856' title='bbox 1643 2679 1788 2707; x_wconf 70' lang='grc' dir='ltr'>ὑπόστασιν</span> 
     </span>
    </p>
   </div>
   <div class='ocr_carea' id='block_1_118' title="bbox 1009 2718 1788 2758">
    <p class='ocr_par' dir='ltr' id='par_1_118' title="bbox 1009 2718 1788 2758">
     <span class='ocr_line' id='line_1_118' title="bbox 1009 2718 1788 2758; baseline 0.012 -14"><span class='ocrx_word' id='word_1_857' title='bbox 1009 2718 1117 2750; x_wconf 70' lang='grc' dir='ltr'>ἕνωσιν,</span> <span class='ocrx_word' id='word_1_858' title='bbox 1133 2719 1180 2745; x_wconf 77' lang='grc' dir='ltr'>καὶ</span> <span class='ocrx_word' id='word_1_859' title='bbox 1200 2719 1224 2754; x_wconf 63' lang='grc' dir='ltr'><strong>ήι</strong></span> <span class='ocrx_word' id='word_1_860' title='bbox 1232 2718 1347 2754; x_wconf 79' lang='grc' dir='ltr'>πέμπτη</span> <span class='ocrx_word' id='word_1_861' title='bbox 1362 2720 1390 2746; x_wconf 87' lang='grc' dir='ltr'><strong>δέ</strong></span> <span class='ocrx_word' id='word_1_862' title='bbox 1405 2721 1438 2747; x_wconf 84' lang='grc' dir='ltr'>τὰ</span> <span class='ocrx_word' id='word_1_863' title='bbox 1455 2722 1501 2748; x_wconf 79' lang='grc' dir='ltr'>δύο</span> <span class='ocrx_word' id='word_1_864' title='bbox 1515 2722 1666 2758; x_wconf 78' lang='grc' dir='ltr'>Θελήματα,</span> <span class='ocrx_word' id='word_1_865' title='bbox 1678 2725 1724 2752; x_wconf 78' lang='grc' dir='ltr'>καὶ</span> <span class='ocrx_word' id='word_1_866' title='bbox 1741 2726 1788 2753; x_wconf 81' lang='grc' dir='ltr'><strong>ἐνα</strong></span> 
     </span>
    </p>
   </div>
   <div class='ocr_carea' id='block_1_119' title="bbox 1011 2765 1787 2805">
    <p class='ocr_par' dir='ltr' id='par_1_119' title="bbox 1011 2765 1787 2805">
     <span class='ocr_line' id='line_1_119' title="bbox 1011 2765 1787 2805; baseline 0.012 -15"><span class='ocrx_word' id='word_1_867' title='bbox 1011 2765 1056 2791; x_wconf 72' lang='grc' dir='ltr'>τὸν</span> <span class='ocrx_word' id='word_1_868' title='bbox 1079 2765 1201 2797; x_wconf 77' lang='grc' dir='ltr'>θέλοντα,</span> <span class='ocrx_word' id='word_1_869' title='bbox 1219 2766 1265 2791; x_wconf 76' lang='grc' dir='ltr'>καὶ</span> <span class='ocrx_word' id='word_1_870' title='bbox 1281 2767 1297 2800; x_wconf 87' lang='grc' dir='ltr'>ἡ</span> <span class='ocrx_word' id='word_1_871' title='bbox 1315 2765 1382 2802; x_wconf 79' lang='grc' dir='ltr'>ἐκτη</span> <span class='ocrx_word' id='word_1_872' title='bbox 1399 2767 1427 2793; x_wconf 84' lang='grc' dir='ltr'>δὲ</span> <span class='ocrx_word' id='word_1_873' title='bbox 1444 2767 1492 2799; x_wconf 79' lang='grc' dir='ltr'><strong>τὰς</strong></span> <span class='ocrx_word' id='word_1_874' title='bbox 1515 2768 1562 2795; x_wconf 88' lang='grc' dir='ltr'>δύο</span> <span class='ocrx_word' id='word_1_875' title='bbox 1575 2769 1726 2805; x_wconf 80' lang='grc' dir='ltr'>ἐνεργείας,</span> <span class='ocrx_word' id='word_1_876' title='bbox 1744 2771 1787 2799; x_wconf 76' lang='grc' dir='ltr'>καὶ</span> 
     </span>
    </p>
   </div>
   <div class='ocr_carea' id='block_1_120' title="bbox 1011 2809 1786 2852">
    <p class='ocr_par' dir='ltr' id='par_1_120' title="bbox 1011 2809 1786 2852">
     <span class='ocr_line' id='line_1_120' title="bbox 1011 2809 1786 2852; baseline 0.012 -16"><span class='ocrx_word' id='word_1_877' title='bbox 1011 2809 1060 2836; x_wconf 77' lang='grc' dir='ltr'>ἕνα</span> <span class='ocrx_word' id='word_1_878' title='bbox 1078 2811 1123 2838; x_wconf 72' lang='grc' dir='ltr'><strong>τὸν</strong></span> <span class='ocrx_word' id='word_1_879' title='bbox 1151 2811 1324 2847; x_wconf 73' lang='grc' dir='ltr'>ἐνεργοῦντα.</span> <span class='ocrx_word' id='word_1_880' title='bbox 1351 2813 1418 2839; x_wconf 78' lang='grc' dir='ltr'>Ἀλλ’</span> <span class='ocrx_word' id='word_1_881' title='bbox 1434 2814 1551 2850; x_wconf 82' lang='grc' dir='ltr'>οὐδαμοῦ</span> <span class='ocrx_word' id='word_1_882' title='bbox 1564 2815 1690 2852; x_wconf 74' lang='grc' dir='ltr'>εὑρήσεις</span> <span class='ocrx_word' id='word_1_883' title='bbox 1707 2817 1786 2845; x_wconf 83' lang='grc' dir='ltr'>ταῦτα</span> 
     </span>
    </p>
   </div>
  </div>
