1863 3057
91 144 152 175 9.7

93 205 292 241 συνηγμένοι
306 207 340 233 ἐν
354 206 394 239 τῷ
408 207 530 240 ὀνόματι
544 207 640 234 αὐτοῦ
651 208 750 241 μέσον
761 204 853 237 εἶναι,
867 206 900 232 τὰ

94 254 166 288 παρ’
183 254 305 280 ἐκείνων
326 254 461 288 εἰρημένα
485 254 611 280 τοσοῦτον
636 254 694 289 ἔχει
718 254 748 280 τδ
774 254 899 292 ἰσχυρὸν,

94 300 173 326 ὥστε
194 299 300 334 μηδένα
315 300 385 335 πρὸς
399 299 486 327 ταῦτα
500 299 685 327 ἀντιϐλέπειν.
704 300 786 327 ’Δλλὰ
800 301 831 326 τὸ
846 300 900 327 κώ-

95 346 179 380 λυμα
206 345 259 380 τῆς
284 345 385 380 ἐτέρας
410 345 531 376 πίστεως
555 345 610 372 ἀπὸ
634 345 689 372 τῶν
713 345 902 380 πανευφήμων

95 392 268 419 ἀποστόλων
290 392 377 419 ἐστίν.
397 392 475 418 Ἐπεὶ
496 391 588 424 καθώς
610 401 679 426 φησι
702 392 819 424 Παῦλος,
842 392 902 419 Μιά

96 438 220 471 πίστις,
238 435 282 470 εἷς
300 438 422 472 Κύριος.
441 437 519 465 Ἐπεὶ
535 432 582 465 οὖν
600 438 650 473 μία
667 439 767 471 πίστις,
785 439 802 472 ἡ
819 437 902 472 ἑτέρα

97 486 217 516 πάντως
235 485 359 512 ἐναντία.
378 485 409 511 Ei
426 486 482 520 γὰρ
499 486 582 520 ἑτέρα
593 505 600 517 ,
617 485 648 511 οὺ
669 484 729 520 μία.
740 484 796 511 Ἦν
813 485 867 519 γὰρ
883 485 900 520 ἡ

98 525 187 566 αὑτὴ,
202 532 252 558 καὶ
265 532 327 567 οὐχὶ
341 529 433 567 ἑτέρα.
449 532 479 558 Εἰ
492 531 520 558 δὲ
535 532 627 566 ἑτέρα,
641 531 718 567 οἱ»χή
735 532 815 566 αὐτή.
829 531 903 558 Παῦ-

98 579 146 610 λος
163 580 195 605 δὲ
211 579 226 605 ὁ
245 579 332 612 μέγας
346 579 496 610 ἀπόστολος
510 578 654 613 κηρύττει,
670 578 706 604 ΕΖ
721 586 766 610 τις
780 579 902 613 εὐαγγε-

98 625 218 655 λίζεται
237 625 316 652 ἄλλο
333 624 401 660 :iup‘
414 624 430 652 δ
447 624 644 659 παρελάϐετε,
661 624 795 658 ἀνάθεμα
811 623 899 652 ἔστω.

102 671 160 698 Καὶ
175 671 320 703 Διονύσιος
331 671 361 697 δὲ
374 671 388 697 ὁ
401 671 497 697 τούτου
513 671 646 705 φοιτητὴς
660 670 840 704 ἀποφαίνεται
853 679 902 697 κα-

101 718 185 745 θόλου
202 719 310 752 λέγων,
330 727 340 744 ι
358 718 397 745 Οὒ
411 718 562 752 τολμητέον
577 717 667 744 εἰπεῖν
682 718 757 753 παρὰ
774 717 808 744 τὰ
824 717 902 744 θειω-

101 767 156 798 δῶς
173 767 242 801 ἡμῖν
258 767 324 802 περὶ
336 766 393 792 τῶν
408 766 489 793 eam
502 765 602 798 λογίων
616 765 826 800 ἑκπεφασμένα,
840 765 902 793 οὔτε

101 814 212 846 εἰπεῖν,
227 811 291 839 οὕτε
305 813 447 847 ἐννοῆσαι.
466 822 475 839 ι
496 812 577 840 Ἀλλὰ
592 813 679 839 πᾶσαι
694 813 721 839 αἱ
737 812 840 839 σύνοδοι
856 812 903 838 καὶ

102 860 185 893 ἅγιαι
203 860 253 886 καὶ
273 859 346 894 [epit
363 859 526 895 ὲξήπλωσαν
544 859 589 886 καλ¹
610 859 795 893 διεσάφησαν,
815 859 862 885 καὶ
878 858 903 885 οἱ

104 908 177 943 ἱεροὶ
203 907 342 942 Πατέρες,
363 907 413 933 καὶ
434 906 554 942 οὐδαμοῦ
576 906 670 939 ἔδοξαν
692 907 789 941 ἑτέραν
810 906 902 932 πίστιν

103 954 222 989 ποιῆσαι
241 953 288 980 διὰ
304 954 354 988 τῆς
371 953 564 988 διασαφήσεως
584 953 632 980 καὶ
650 952 831 985 ὲξαπλώσεως
846 952 902 980 τῶν

103 1001 189 1035 ἱερῶν
205 1000 319 1034 λογίων.
339 999 411 1026 ’Δλλ’
424 999 511 1034 ῐωμεν
523 1000 568 1026 ἐπὶ
581 999 631 1034 τὴν
643 999 781 1032 ἀπόδειξιν
794 1000 902 1026 ἀποδει-

104 1047 237 1079 κνύντες,
257 1046 296 1078 ὡς
314 1046 345 1072 οὐ
363 1045 454 1078 καλῶς
472 1045 609 1079 λεγόντων
627 1045 681 1072 τῶν
701 1047 902 1080 καινοφωνοὺν-

102 1102 171 1125 των,
185 1092 229 1119 ὅτι
241 1092 308 1124 τοὺς
320 1093 400 1127 ὅρους
413 1092 590 1126 παρείδομεν,
604 1091 738 1126 λεγόντων
751 1092 813 1119 καθ’
824 1092 902 1128 ἡμῶν

103 1140 218 1171 ἐκεῖνα,
238 1138 314 1173 ἅπερ
331 1139 362 1164 οὐ
381 1138 461 1172 θέμις
478 1138 582 1172 λέγειν.
601 1138 656 1166 Καὶ
675 1139 729 1173 γὰρ
748 1138 777 1165 τὸ
794 1139 902 1174 όμοού-

103 1193 187 1218 σιον,
202 1185 251 1211 καὶ
262 1186 293 1211 τὸ
308 1184 379 1218 Θεὸς
393 1184 425 1211 to
440 1185 562 1219 Πνεῦμα
574 1185 607 1211 τὸ
621 1185 716 1219 ἅγιον,
730 1186 777 1212 καὶ
788 1186 820 1212 τὸ
835 1187 901 1213 Θεο-

105 1231 214 1264 τόκος,
235 1230 286 1258 καί
305 1230 363 1263 τὴν
382 1230 448 1257 καθ’
461 1231 638 1258 ὑπόστασιν
655 1231 767 1258 ἕνωσιν
787 1232 811 1258 οἱ
834 1232 902 1259 οεῑοι

105 1275 257 1304 ἁπᾶστολοι
272 1276 323 1302 οὐκ
337 1274 425 1309 εἷπον,
443 1276 501 1302 ἀλλ’
514 1276 569 1302 οὐδ’
581 1277 632 1303 ὅσα
646 1278 670 1303 oi
685 1277 758 1311 ἆγιοι
772 1277 900 1312 διεσάφη-

107 1330 157 1349 σαν
172 1329 178 1336 ·
198 1322 257 1348 ἀλλ’
268 1322 299 1348 οὗ
313 1322 457 1356 τολμηταὶ,
471 1321 527 1349 οὐδ’
538 1321 592 1348 ὑπὸ
605 1322 636 1349 τί)
650 1323 775 1357 ἀνάθεμα
790 1323 901 1359 ἐκρίθη-

108 1377 169 1394 σαν.
184 1368 244 1394 Καὶ
254 1367 334 1393 τοῦτο
349 1367 421 1402 μάλα
434 1368 524 1398 καλῶς
537 1367 686 1403 παρίστησι
700 1369 747 1395 καὶ
762 1369 778 1404 ἡ
792 1368 902 1401 σύνοδος

109 1415 125 1449 ἡ
142 1414 217 1441 κατὰ
237 1413 394 1441 ’Δκινδύνου
412 1414 577 1448 συναχθεῖσα
591 1431 599 1447 ,
616 1414 806 1450 ὲγκαλουμένη
826 1416 901 1450 παρὰ

109 1462 163 1488 τῶν
180 1461 383 1493 στασιαζόντων
394 1482 401 1493 ,
418 1461 508 1491 καθὼς
523 1461 683 1496 περιέχεται
700 1463 729 1488 ἐν
745 1460 785 1497 τῷ
802 1462 901 1497 Τόμῳ,

110 1508 139 1534 οὗ
161 1509 179 1544 ὴ
201 1507 294 1543 ἀρχήο
320 1517 329 1534 ι
353 1505 424 1535 Οὔτε
445 1507 517 1533 κατὰ
537 1506 586 1541 τὴν
606 1507 655 1542 τῆς
671 1507 834 1542 Ἐκκλησίας
853 1509 900 1535 τοῦ

663 135 713 175 Ab
739 145 923 177 IMPERAT.
948 146 1192 180 TRAPEZUNT.

1695 153 1749 185 218

917 207 940 235 Δ
957 206 1018 235 fidei
1034 207 1217 242 dogmatibus,
1233 208 1372 237 Christum
1396 210 1424 237 in
1454 209 1609 245 semetipsis
1629 210 1748 246 loquen-

956 259 1010 280 tem
1031 254 1165 282 habentes
1178 275 1186 287 ,
1215 259 1247 282 ut
1286 256 1344 290 ipse
1363 256 1452 284 dicit:
1481 256 1531 284 Ubi
1554 261 1616 284 sunt
1630 266 1747 293 ,rongra-

952 300 1012 335 gati
1025 301 1054 327 in
1080 301 1184 328 nomine
1214 309 1292 334 meo,
1324 302 1351 328 in
1381 303 1466 329 medio
1509 311 1600 330 eorum
1629 311 1689 330 sum
1724 304 1745 336 ¹,

951 354 1011 373 eazn
1042 347 1160 374 decretis
1191 347 1250 374 suis
1277 347 1435 375 lirmitate-n
1475 349 1620 380 tribuunt,
1639 352 1668 375 ιιι
1693 356 1743 375 ne-

954 392 1018 419 mini
1040 392 1080 421 fas
1097 395 1133 420 sit
1148 401 1181 420 ex
1201 393 1317 422 adverso
1352 393 1380 421 in
1413 401 1445 421 ea
1472 395 1608 429 aspicere.
1643 395 1745 422 Prohi-

953 439 1021 467 bitio
1034 440 1146 467 alterius
1159 440 1221 468 tidei
1231 448 1246 467 a
1255 440 1463 475 gloriosissimis
1475 440 1541 475 ipsis
1549 440 1679 475 apostolis
1691 444 1744 474 est,

954 485 1176 521 quandoquidem
1205 485 1308 514 Paulus
1333 486 1431 514 scribit
1453 495 1460 514 :
1485 485 1544 513 Una
1575 486 1652 521 ﬁdes,
1677 495 1744 513 unus

958 532 1086 560 Dominus
1115 533 1137 560 ¹.
1159 532 1228 560 Cum
1273 533 1361 568 igitur
1387 541 1442 560 una
1484 533 1551 561 lidcs
1583 538 1647 566 est,
1682 540 1746 560 mo—

952 578 995 606 dis
1023 579 1154 606 omoibus
1181 578 1233 605 alia
1263 580 1401 606 contraria
1431 580 1470 606 illi
1503 579 1611 607 fuerit:
1632 587 1694 606 nam
1721 579 1744 606 si

953 624 1006 651 alia
1021 629 1074 657 est,
1088 632 1142 652 non
1157 626 1252 659 utique
1262 633 1316 652 una
1333 629 1383 654 est.
1403 625 1484 653 Esset
1498 627 1573 653 enim
1587 626 1681 654 eadem
1696 645 1704 657 .
1718 629 1746 652 ct

954 678 1008 698 non
1021 671 1072 698 alia
1087 679 1095 704 ;
1119 671 1193 706 quod
1206 671 1228 699 si
1244 671 1297 699 alia
1320 677 1373 705 est,
1391 679 1444 699 non
1460 673 1556 700 eadem
1572 677 1623 699 est.
1641 671 1746 699 Paulus

954 717 1018 745 item
1048 725 1164 753 magnus
1196 718 1338 752 apostolus
1352 718 1525 746 intonat:Si
1539 720 1598 754 quis
1613 719 1746 753 euangeli-

954 766 994 792 iet
1026 766 1098 793 aliud
1127 771 1224 800 prmter
1256 767 1283 793 id
1312 766 1383 802 quod
1414 766 1566 800 accepistis,
1599 765 1744 793 anathema

954 812 988 839 sit
1005 812 1026 839 '.
1042 812 1075 838 Et
1088 812 1234 847 Dionysius
1263 812 1337 840 illius
1357 812 1510 847 discipulus
1529 812 1662 843 decernit,
1686 821 1695 837 ι
1713 812 1743 839 ιιι

920 879 940 906 Β
955 858 1113 886 universum
1129 866 1184 886 non
1209 866 1272 887 esse
1296 859 1376 886 nobis
1398 851 1556 886 audendum
1582 861 1681 892 praeter
1697 865 1744 888 ea.

954 912 1016 940 qua:
1042 904 1173 933 divinitus
1199 905 1232 932 de
1249 904 1350 932 divinis
1369 904 1489 940 eloquiis
1520 904 1640 932 revelata
1661 907 1742 935 sunt;

954 951 1058 986 aliquid
1075 951 1116 979 vel
1141 950 1263 979 dictione
1290 951 1431 987 prosequi,
1462 951 1506 978 vel
1534 953 1626 978 mente
1651 949 1745 978 conci-

953 1005 1029 1033 pere.
1049 1006 1059 1024 ι
1087 998 1139 1026 Sed
1153 998 1289 1026 universa:
1314 998 1413 1034 synodi
1434 1001 1632 1029 sacrosanctae,
1652 1001 1681 1024 et
1696 995 1746 1023 Pa-

954 1047 1011 1071 tres
1027 1051 1071 1072 res
1090 1043 1198 1072 divinas
1223 1043 1420 1076 extenderunt,
1438 1047 1466 1070 et
1497 1042 1689 1074 declararunt,
1716 1045 1744 1070 et

953 1093 1044 1118 tamen
1060 1089 1135 1117 nullo
1151 1090 1176 1117 iu
1194 1090 1255 1118 loco
1271 1090 1389 1124 reputati
1414 1093 1490 1122 sunt,
1507 1093 1618 1124 propter
1632 1092 1744 1115 sancto-

952 1144 1013 1164 rum
1040 1137 1412 1172 eloquiorumeltensionem
1441 1139 1469 1164 et
1501 1135 1742 1168 declarationem.

953 1183 1035 1210 aliam
1061 1182 1142 1210 ﬁdem
1169 1183 1370 1217 composuisse.
1400 1181 1582 1217 Properemus
1598 1181 1632 1208 ad
1652 1181 1741 1215 ipsam

953 1229 1226 1262 demonstrationem,
1236 1236 1289 1263 qua
1303 1229 1389 1263 palam
1400 1228 1529 1256 omnibus
1539 1228 1595 1259 fiet,
1608 1234 1660 1254 non
1669 1231 1743 1254 recte

954 1276 1041 1311 loqui,
1059 1276 1106 1311 qui
1132 1275 1252 1304 inaniter
1274 1274 1463 1303 vociferantur
1476 1295 1484 1307 ,
1505 1278 1674 1306 asserentes,
1691 1280 1742 1301 nos

953 1323 1064 1350 decreta
1080 1322 1191 1350 Patrum
1205 1322 1415 1357 contempsisse.
1433 1321 1678 1355 obloquunturque
1693 1320 1742 1347 ad-

952 1376 1050 1398 versus
1066 1377 1127 1402 nos,
1146 1377 1207 1404 quae
1223 1368 1301 1396 nefas
1317 1374 1358 1396 est
1370 1368 1472 1395 dicere.
1493 1367 1601 1395 Etenim
1621 1367 1742 1394 llomou-

953 1417 1021 1448 εἴση,
1034 1421 1060 1443 et
1077 1416 1161 1443 Deum
1191 1415 1320 1451 Spiritum
1349 1419 1483 1446 sanciunt.
1497 1420 1522 1442 et
1552 1414 1704 1448 Doiparam,
1717 1420 1742 1440 et

953 1463 1096 1490 secundant
1113 1462 1274 1497 (typastasim
1290 1462 1426 1494 unionem,
1452 1468 1542 1495 neque
1571 1460 1654 1487 divini
1669 1461 1744 1494 Apo-

954 1508 1232 1540 stolienuntiarnnt,
1262 1515 1350 1543 neque
1378 1507 1474 1535 Patres
1503 1506 1670 1534 sanctissimi
1697 1513 1744 1540 pir

111 1555 201 1583 κοινοῦ
214 1554 348 1588 πολεμίου
361 1554 467 1587 ἀγνοεῖν
477 1553 582 1580 οὐδένα.
601 1562 609 1578 ι
624 1553 702 1580 Μετὰ
715 1554 801 1582 πολλά
814 1563 881 1589 φησι
893 1563 899 1570 ·

991 1556 1046 1583 mia
1075 1555 1264 1587 declararunt,
1294 1553 1342 1581 sed
1370 1561 1424 1581 non
1449 1558 1594 1588 propterea
1624 1552 1742 1580 audaces

115 1612 124 1629 ι
138 1603 216 1633 Τίνος
229 1602 326 1628 ἕνεκεν
339 1600 471 1636 βασιλέως
484 1600 613 1631 εὐσεϐοῦς
625 1600 725 1632 ζῶντος
738 1602 802 1635 παρ’
812 1601 902 1628 αὐτῶν

111 1648 223 1675 τοιαῦτα
237 1648 310 1674 κατὰ
326 1647 375 1682 τῆς
392 1646 537 1678 εὐσεϐείας
554 1646 689 1681 τολμᾶται
703 1655 710 1678 ;
728 1647 760 1673 Ol
777 1646 805 1673 δὲ
823 1647 902 1682 ᾐτιά-

113 1703 192 1722 σαντο
210 1694 374 1730 προσθήκην
390 1692 452 1720 τινὰ
469 1692 498 1719 ὲν
513 1694 546 1728 τῇ
565 1692 693 1728 ὁμολογίᾳ
709 1693 763 1719 τῶν
779 1701 902 1728 χειροτο-

113 1742 252 1778 νουμένων
264 1739 418 1775 ἀρχιερέων
429 1739 619 1774 γεγενημένην
632 1747 638 1753 ·
656 1747 666 1764 ι
681 1739 729 1765 καὶ
743 1738 811 1773 μετά
823 1747 885 1764 τινα
895 1747 902 1753 ·

117 1799 126 1815 ι
145 1789 206 1815 Ἐπὶ
220 1787 327 1818 τούτοις
343 1787 359 1821 ἡ
375 1786 434 1812 θεία
451 1786 572 1817 σύνοδος,
589 1785 657 1820 προς
673 1785 707 1820 ἢν
722 1785 790 1819 φατὲ
805 1785 901 1819 δυσχε-

115 1835 233 1870 ραίνειν,
249 1832 337 1866 φησὶ,
357 1831 536 1866 προσθήκην,
553 1830 614 1865 ἥτις
629 1829 690 1856 οὐδὲ
708 1829 852 1865 προσθήκη
868 1828 901 1855 ἂν

114 1880 224 1912 δικαίως
240 1879 381 1909 καλεῖται,
396 1878 433 1908 ὡς
448 1876 598 1909 ἁνάπτυξις
613 1873 681 1902 οὖσα
693 1875 744 1910 τῆς
761 1875 840 1908 ἁγίας
854 1874 901 1901 καὶ

114 1926 308 1962 οῐκουμενιχῆς
324 1925 406 1959 ἕκτης
423 1924 544 1950 συνόδου.
566 1932 576 1949 ι
597 1923 676 1950 Οὕτω
694 1923 787 1957 σαφῶς
805 1922 901 1956 φαίνε-

115 1983 158 2001 ται
174 1973 223 2000 καὶ
239 1972 316 2006 παρὰ
333 1971 438 1998 τούτων
454 1970 509 1997 τῶν
524 1969 674 2003 Πατέρων,
691 1969 734 1995 ὅτι
751 1968 902 2000 ἀνάπτυξις

116 2019 143 2045 οὺ
157 2017 309 2048 κωλύεται,
338 2016 399 2042 οὐδὲ
415 2015 563 2050 σαφήνεια,
577 2015 616 2046 ὡς
630 2015 777 2049 νοουμένου
792 2015 838 2040 καὶ
853 2014 900 2040 τοῦ

118 2065 151 2100 μὴ
170 2063 332 2099 εἰρημένου.
351 2063 412 2094 Πῶς
433 2059 480 2089 οὖν
499 2062 528 2088 ἑν
540 2061 644 2093 ἀίτίοις
667 2061 818 2095 ποιήσομεν
837 2061 901 2092 τοὺς

117 2110 197 2136 ταυτὰ
210 2108 318 2139 τούτοις
333 2107 461 2142 λέγοντας
472 2128 480 2142 ,
496 2107 533 2139 ὡς
550 2108 700 2143 σαφήνειαν
716 2107 765 2133 καὶ
780 2106 903 2134 ἀνάπτυ-

118 2156 155 2188 ξιν
169 2155 352 2190 πεποιηκέναι
362 2163 369 2187 ;

955 1601 1052 1634 fuisse,
1067 1601 1249 1629 etannthema
1265 1600 1418 1628 incurrisse
1430 1608 1478 1628 eos
1495 1599 1541 1636 qui
1554 1599 1742 1631 declararunt,

955 1648 1142 1675 existimatum
1156 1651 1198 1675 est
1217 1656 1224 1674 :
1241 1647 1314 1682 quod
1330 1646 1473 1681 aptissime
1485 1645 1631 1673 confirmat
1648 1644 1747 1672 adver-

956 1702 1004 1722 sus
1017 1693 1190 1729 Acindynum
1202 1698 1297 1721 coacta
1310 1693 1442 1728 synodus,
1468 1691 1503 1719 ab
1516 1691 1559 1725 iis,
1574 1691 1620 1726 qui
1633 1690 1745 1717 seditio—

957 1741 1038 1768 nibus
1051 1747 1160 1775 operam
1174 1740 1287 1771 dabant,
1298 1740 1324 1766 in
1341 1739 1445 1767 crimen
1459 1742 1568 1770 vocata,
1586 1741 1615 1764 ut
1627 1737 1743 1764 habetur

957 1786 984 1813 in
1003 1790 1089 1819 tomo,
1106 1785 1186 1820 cujus
1199 1784 1364 1820 principium
1380 1793 1387 1812 :
1409 1793 1419 1810 ι
1434 1784 1525 1819 Neque
1536 1783 1669 1810 adversus
1689 1781 1742 1808 Ec-

955 1833 1065 1860 clesiam
1079 1832 1234 1859 communis
1258 1831 1408 1858 adversarii
1422 1831 1549 1865 ignorare
1563 1829 1712 1856 neminem.
1731 1836 1741 1853 ι

957 1878 1048 1918 Multis
1065 1878 1215 1913 interiectis
1238 1877 1350 1906 demum
1375 1876 1469 1904 subdit
1483 1885 1491 1904 :
1507 1885 1516 1902 ι
1531 1875 1588 1908 Qua
1605 1874 1640 1902 dc
1659 1881 1743 1902 causa

955 1924 1002 1959 pio
1030 1924 1197 1959 imperatore
1220 1923 1311 1951 adhuc
1340 1922 1491 1958 superstite
1517 1921 1618 1950 similia
1647 1925 1743 1948 contra

955 1971 1083 2006 pietatem
1107 1969 1231 1998 audent?
1259 1967 1289 1997 lli
1307 1977 1371 1997 vero
1388 1969 1525 1997 criminati
1541 1972 1606 1997 sunt
1629 1968 1745 1995 additio-

955 2024 1017 2045 ncm
1038 2017 1183 2051 quamdam
1209 2017 1309 2044 factam
1328 2024 1390 2045 esse
1408 2017 1436 2045 in
1452 2015 1631 2045 confessione
1648 2023 1742 2043 eorum

953 2063 1114 2098 praesulom.
1144 2063 1190 2098 qui
1218 2063 1245 2090 in
1273 2063 1433 2098 dignitatem
1457 2067 1665 2098 promoventur.
1683 2070 1693 2087 ›
1712 2061 1745 2088 Ει

957 2113 1020 2145 post
1044 2116 1131 2144 pauca
1148 2116 1157 2136 :
1174 2118 1183 2135 ι
1212 2108 1251 2136 De
1265 2109 1307 2137 his
1326 2114 1421 2136 sancta
1448 2107 1585 2144 synodus,
1611 2107 1744 2134 adversus

921 2143 943 2171 θ
957 2143 1038 2190 quam
1052 2155 1203 2190 iniquiores
1213 2155 1291 2188 estis,
1321 2143 1501 2188 additionem,
1518 2154 1595 2186 dicit.
1613 2161 1674 2188 quae
1695 2159 1745 2180 nec

118 2205 209 2232 merito
223 2203 329 2232 additio
344 2202 435 2230 vocari
458 2202 550 2234 debet.
568 2205 699 2237 tanquam
724 2209 786 2238 quae
802 2202 955 2230 declaratio
969 2203 1005 2231 sit
1034 2207 1137 2231 sanctae
1169 2207 1195 2230 et
1211 2203 1388 2230 oecumcnicae
1409 2206 1493 2229 sexta:
1526 2201 1634 2236 synodi.
1651 2209 1661 2226 ι
1697 2199 1744 2227 Sic

118 2251 258 2280 manifesto
294 2255 407 2286 apparet
433 2250 506 2284 apud
538 2249 588 2277 hos
612 2257 722 2285 quoque
747 2249 844 2277 Patres
869 2257 924 2276 non
963 2249 1104 2284 prohiberi
1137 2248 1358 2283 expositionem.
1394 2254 1483 2281 neque
1505 2245 1741 2277 declarationem,

117 2309 187 2335 atque
215 2308 248 2328 ac
274 2300 298 2327 si
319 2299 582 2334 subintelligerelur,
600 2300 672 2333 quod
703 2299 795 2327 verbis
810 2305 971 2333 expressum
990 2305 1044 2325 non
1061 2302 1111 2326 est.
1133 2297 1192 2330 Qua
1221 2296 1304 2332 igitur
1329 2296 1435 2324 ratione
1468 2295 1495 2322 in
1527 2295 1631 2322 crimen
1661 2301 1745 2321 voca-

119 2351 201 2378 bimus
217 2355 277 2380 cQs,
294 2348 340 2382 qui
353 2347 446 2374 eadem
462 2353 544 2382 atque
559 2347 602 2374 isti
616 2347 747 2380 fatentur,
762 2351 788 2374 ct
802 2346 1013 2374 declarationem
1028 2350 1111 2381 atque
1124 2345 1322 2381 expositionem
1339 2343 1502 2378 apposuisse
1516 2350 1570 2369 non
1592 2340 1709 2376 negant?

149 2396 178 2422 θ’.
194 2396 257 2421 Ἔτι
270 2395 299 2421 δὲ
317 2394 409 2428 ἔλεγεν
428 2395 442 2420 ὁ
461 2394 586 2428 Ἐφέσου,
602 2394 640 2425 ὡς
655 2394 685 2420 τὺ
696 2394 810 2429 κώλυμα
822 2391 903 2420 τοῦτο

121 2442 188 2476 παρᾶ
204 2442 255 2476 τῆς
276 2441 356 2474 ἁγίας
382 2439 429 2467 καὶ
457 2440 652 2475 οῑκουμενικῆς
675 2440 772 2476 τρίτης
791 2440 901 2467 συνόδου

120 2488 320 2522 νενομοθέτητυ.
333 2487 402 2521 Φησὶ
413 2486 481 2521 γὰρ,
504 2495 513 2511 ι
533 2486 601 2512 Κατ’
612 2485 708 2512 οὐδένα
736 2485 838 2521 τρόπον
854 2494 902 2511 σα-

121 2534 242 2562 λεύεσθαι
256 2533 333 2568 παρά
347 2541 428 2560 τινων
448 2532 602 2567 ἀνεχόμεθα
614 2533 664 2567 τὴν
683 2533 842 2567 ὁρισθεῖσαν
858 2533 902 2559 πί-

122 2589 184 2614 στιν,
198 2580 260 2615 ἦτοι
272 2579 303 2606 τὸ
316 2579 367 2614 τῆς
382 2579 501 2611 πίστεως
515 2578 665 2613 Σύμῦολον,
692 2579 722 2605 τὸ
743 2579 818 2612 παρὰ
849 2579 904 2606 τῶν

123 2627 201 2662 ἁγίων
221 2621 444 2662 Πατέρωνῆμῶν
458 2625 512 2652 τῶν
538 2626 566 2651 ἐν
591 2625 694 2659 Νικαῖᾳ
719 2625 904 2652 συνελθόντων

124 2674 185 2701 κατὰ
198 2672 323 2708 καιροὺς,
337 2671 399 2698 οὔτε
417 2671 472 2707 μὴν
483 2671 670 2706 ἐπιτρέπομεν
686 2672 804 2703 ἑαυτοῖς,
816 2673 832 2707 ἢ
847 2673 904 2699 ἐτέ-

125 2727 183 2754 psic,
198 2718 215 2753 ἧ
229 2717 303 2750 λέξιν
317 2717 432 2751 ἀμεῖψαι
445 2717 499 2744 τῶν
512 2716 684 2751 ἐγκειμένων
698 2717 826 2752 ἐκεῖσε,ἢ
840 2719 905 2753 μίαν

124 2765 181 2800 γοῦν
198 2763 356 2799 παραϐῆναι
375 2763 520 2798 συλλαϐὴν,
549 2762 719 2798 μεμνημένοι
748 2762 796 2789 τοῦ
812 2763 904 2797 λέγον-

125 2821 172 2845 τος,
204 2820 214 2837 ι
234 2810 280 2844 Μὴ
295 2810 407 2845 μέταιρε
423 2809 486 2844 ὅρια
501 2809 612 2842 αἰώνια,
628 2808 645 2835 ἃ
665 2809 759 2836 ἔθεντο
777 2810 802 2836 οἱ
820 2810 906 2837 Πατέ-

169 2893 269 2922 ‘Matth
296 2895 416 2929 “11,20.
456 2898 465 2913 ι
478 2895 661 2930 Ephes.tv,v.
709 2894 718 2910 ³
736 2893 822 2922 Galat.
837 2901 855 2926 ι,
872 2893 897 2920 8.

991 2393 1019 2422 9.
1052 2393 1187 2420 Prmterea
1208 2392 1317 2419 dicebat
1347 2390 1493 2425 Ephesius.
1529 2388 1741 2423 prohibitionem

957 2437 1027 2465 hanc
1044 2445 1057 2464 a
1072 2441 1168 2465 sancta
1176 2441 1203 2464 ct
1218 2435 1387 2464 meirmenica
1411 2435 1491 2462 tertia
1507 2433 1611 2469 synodo
1621 2433 1743 2469 praescri-

955 2490 1028 2520 ptam
1044 2485 1146 2517 fuisse;
1161 2491 1277 2516 namque
1291 2482 1385 2511 scribit
1399 2491 1406 2509 :
1424 2491 1434 2508 ι
1452 2481 1533 2509 Nullo
1548 2481 1627 2509 modo
1653 2488 1746 2508 move-

956 2532 979 2559 ri
996 2532 1031 2559 ab
1047 2531 1185 2567 aliquibus
1205 2535 1375 2558 sustinemus
1399 2529 1538 2557 decretam
1568 2527 1660 2560 ﬁdem,
1687 2527 1745 2555 sive

956 2577 1016 2605 ltdei
1037 2576 1196 2612 Symbolum
1213 2583 1226 2602 a
1239 2575 1343 2603 sanctis
1370 2574 1498 2601 Patribos
1524 2573 1627 2601 nostris
1645 2572 1744 2601 Nicaea:

955 2624 1039 2652 certis
1059 2623 1227 2658 temporibus
1238 2620 1411 2657 congregatis
1426 2621 1610 2656 compositum
1632 2628 1640 2648 :
1655 2628 1744 2655 neque

957 2670 1037 2698 nobis
1052 2669 1130 2704 ipsis,
1148 2669 1190 2696 vel
1208 2669 1271 2696 aliis
1296 2667 1491 2703 permittimus.
1519 2671 1567 2694 aut
1593 2674 1682 2694 rerum
1708 2667 1744 2694 ihi

955 2716 1103 2752 positarum
1122 2714 1270 2742 dictionem
1284 2714 1439 2747 immutare,
1457 2717 1594 2740 autunam
1611 2712 1743 2747 syllabam

956 2760 1140 2798 praztergrcdi,
1158 2760 1276 2788 dicentis
1299 2767 1445 2794 iocineres,
1472 2767 1505 2787 ne
1532 2758 1646 2786 sustolle
1677 2758 1744 2786 lines

956 2809 1149 2845 sempiternos,
1165 2815 1235 2844 quos
1252 2814 1369 2843 posuere
1385 2806 1480 2836 Patres
1500 2805 1550 2840 tui,
1565 2810 1592 2834 et
1611 2812 1671 2840 quae
1698 2812 1743 2833 sc-
