1863 3057
137 138 190 173 223

607 138 803 170 GREGORll
819 139 971 171 MAMME
992 141 1048 174 (ΣΡ.
1069 139 1329 173 PATRIARCHM

1733 137 1813 171 22!

137 204 247 228 ccntum
267 201 361 229 decem
381 205 408 229 et
424 204 489 229 octo
510 200 685 228 Nicamorum
710 204 867 228 sanctorum

1075 213 1082 229 ι
1113 203 1344 239 ἀπαραλλάκτως,
1383 203 1430 229 καὶ
1455 203 1484 229 ὲν
1510 202 1548 238 τῷ
1576 201 1663 236 ὀγδόῳ
1689 200 1810 234 Τόμῳ

139 247 279 274 beatorum
290 247 574 277 Patrum:Credimus
585 248 612 275 in
628 255 712 275 unum
727 247 810 274 Deum
823 246 930 274 Patrem

138 292 372 326 omnipotentem:
395 301 404 318 ι
425 296 510 320 totum
542 292 695 323 Nictenum,
710 292 790 326 cuius
820 292 848 319 in
879 293 932 320 line

139 337 287 365 subditur:
310 347 319 364 ι
337 337 478 373 Expositio
504 338 565 366 ﬁdei
590 342 701 366 contum
732 338 932 373 quinquaginta

138 383 506 419 Constanlinopolitanorum
520 385 662 412 beatorum
675 384 816 412 Patrum.»
834 383 931 412 Vides-

138 437 174 457 ne
192 430 339 464 separatim
349 431 550 466 sejunctimque
567 431 624 458 haac
642 438 719 458 sacra
744 429 873 466 Symboia
888 430 931 457 di-

139 476 208 511 geri,
218 481 246 504 et
261 484 316 504 non
327 481 356 504 ut
373 477 509 511 Ephesius
538 477 732 508 contendebat.
748 485 758 502 ι
776 475 862 504 Unam
881 475 932 503 do-

139 523 257 549 ctrinam
273 522 373 550 fecisse
389 522 495 554 Patres.
514 523 541 550 in
561 530 645 550 unum
676 522 731 550 illis
749 522 844 555 unitis,
862 521 934 549 sicut

141 576 231 596 rerum
241 569 337 596 harum
353 568 448 597 insciis
461 569 619 597 videbatur?
630 569 661 596 Et
672 568 783 596 divinus
795 567 912 603 Cyrillns
925 575 933 594 :

143 624 153 641 ι
166 614 224 643 Non
238 615 420 651 permittimus
432 623 520 651 neque
531 615 695 649 nobisipsis,
705 621 794 649 neque
802 613 875 646 aliis,
885 617 934 640 aut

141 662 289 691 dictionem
303 663 379 691 exiis
402 671 463 698 qua:
477 663 503 691 in
516 670 549 691 eo
561 663 708 696 habentur,
720 663 876 692 immutare.
887 665 934 688 aut

141 716 223 736 unam
234 709 327 736 saltem
337 708 467 745 syllabam
488 713 677 745 praevortere,»
689 709 819 736 adversus
827 714 875 735 eos
884 707 931 742 qui

141 761 250 790 semper
261 755 405 783 homousio
424 756 649 788 adversabantur,
663 755 812 790 eloquitur.

980 247 1030 279 τῆς
1046 248 1126 282 ἁγίας
1139 248 1222 284 ἕκτης
1237 248 1348 275 συνόδου
1366 249 1395 275 ὲν
1403 248 1506 284 Πρὰξει
1537 246 1809 279 ἑπτακαιδεκάτῃ,

981 293 1109 328 εὑρήσεις
1121 293 1194 320 οὕτω
1208 294 1242 320 τὰ
1260 293 1385 327 σύμϐολα
1405 293 1570 329 διῃρημένα.
1597 292 1669 327 Φησὶ
1701 291 1802 325 γάρ·

983 349 993 366 α
1007 340 1136 372 Ἕκοεσις
1148 339 1266 371 πίστεως
1279 340 1334 367 τῶν
1344 340 1373 366 έν
1384 340 1489 375 Νικαίᾳ
1519 342 1573 373 τιη¹
1600 339 1692 372 ἁγίων
1726 337 1798 363 καὶ

982 385 1127 421 μακαρίων
1143 386 1285 421 Πατέρων·
1307 386 1531 420 Πιστεύομενεις
1550 385 1600 428 ἔρα
1628 384 1698 411 Θεὸν
1724 384 1808 410 Πα-

983 433 1051 467 τέρα
1067 433 1277 468 παντοκράτορα
1288 440 1297 448 '
1313 441 1323 458 ι
1340 431 1370 458 τὸ
1389 432 1450 459 ὅλον
1464 431 1495 458 τὸ
1521 431 1551 458 ὲν
1580 430 1696 465 Νικαίᾳ,
1739 428 1808 454 καὶ

985 479 1055 514 μετὰ
1071 479 1103 506 τὸ
1123 479 1201 510 τέλος
1222 478 1321 505 τούτου
1347 478 1444 513 φησίν·
1472 486 1483 503 ‹
1496 476 1625 508 Ἐκθεσις
1654 475 1807 505 πίστεως

982 524 1038 551 τῶν
1059 525 1089 551 έν
1101 523 1392 551 Κωνσταντινουπόλει
1408 523 1507 551 ἑκατὸν
1522 523 1696 557 πεντήκοντα
1729 529 1806 556 μα.-

983 570 1089 605 καρίων
1103 569 1247 604 Πατέρων.
1265 577 1275 595 ι
1300 569 1385 604 Ὁρᾷς
1408 568 1450 595 ὅτι
1465 567 1518 595 ἀνὰ
1531 567 1612 602 μέρος
1628 566 1729 601 έχουσι
1755 565 1805 591 τὰ

985 616 1047 651 ιερὰ
1065 615 1198 650 συμϐολα,
1211 615 1259 642 καὶ
1273 614 1323 648 οὐχ
1334 614 1372 646 ὡς
1384 615 1397 641 6
1419 613 1535 649 Ἐφέσου
1557 612 1669 646 ἔλεγεν,
1686 613 1738 638 δτι
1759 611 1802 637 ἓν

987 660 1102 695 μάθημα
1129 660 1264 694 ἐποίησαν
1286 658 1312 685 οἱ
1340 659 1474 694 Πατέρες,
1499 657 1649 688 ἑνώσαντες
1674 656 1802 688 ταῦτα,

985 706 1053 741 ὅπερ
1063 706 1119 736 τοῖς
1131 705 1274 739 ἀγνοοῦσιν
1289 705 1386 732 ἐδόκει,
1401 705 1455 731 Καὶ
1469 705 1483 731 ὁ
1497 704 1568 735 θεῖος
1586 703 1615 730 δὲ
1641 703 1804 737 Κύρι).λο;

986 751 1028 783 τὸ,
1052 760 1061 776 ι
1077 750 1135 778 Οὐκ
1153 749 1338 785 ἐπιτρέπομεν
1365 750 1485 782 ἑαυτοῖς,
1512 750 1529 785 ἢ
1550 748 1668 783 ἑτέροις,
1699 748 1717 782 ἢ
1740 747 1802 773 λέ-

142 803 182 835 etv
198 796 313 838 ἀμεῖψαι
329 803 385 830 τῶν
399 803 571 837 ἐγκειμένων
595 803 698 836 ὶκεϊσε,
730 802 749 837 ἢ
768 802 833 838 μίαν
859 799 926 835 γοῦν
944 797 1106 833 παραϐῆναι
1121 797 1272 832 συλλαϐὴν,
1288 806 1298 823 ›
1331 796 1401 832 πρὸς
1435 797 1499 828 τοὺς
1529 796 1702 832 μαχομένοος
1740 795 1801 822 ἀεὶ

141 849 180 884 τῷ
193 849 329 885 ὁμοουσίῳ
338 849 419 876 τοῦτό
433 858 528 885 φησιν.

179 896 224 924 η.
239 895 273 923 Ει
289 905 345 924 rem
358 897 394 924 ita
413 904 444 925 se
476 897 587 929 habere.
619 901 702 932 atque
733 896 767 924 de
784 896 914 925 homousit

1061 910 1064 918 .
1081 891 1143 918 ὀτι
1160 890 1189 918 δι
1204 890 1293 922 οὕτως
1316 890 1385 926 ἔχει,
1401 889 1440 921 ὠς
1462 889 1527 924 περὶ
1561 888 1608 915 τοῦ
1630 887 1796 922 ὁμοουσίου

143 949 296 970 sermonem
311 950 372 970 esse
387 946 414 970 et
425 943 471 970 alii
496 942 606 978 quidem
635 942 829 978 qnamplurimi
856 949 932 969 asse-

143 992 240 1016 verant
255 997 263 1022 ;
279 989 326 1016 sed
340 989 373 1016 ad
390 989 416 1016 id
429 989 612 1017 roborandam
628 989 697 1017 satis
713 997 849 1024 superque
864 988 932 1016 mihi

144 1034 245 1062 fuerint
263 1039 291 1062 et
303 1034 419 1063 Basilius
434 1040 461 1062 et
478 1034 622 1066 Maximus.
647 1035 777 1063 Ecclesia:
791 1035 892 1062 lumina
906 1038 933 1062 et

144 1080 281 1108 doctores.
311 1080 358 1108 Ille
392 1081 477 1113 enim,
491 1081 524 1108 ad
554 1080 742 1115 Palrophilum
773 1081 932 1116 episcopum

144 1123 257 1159 epistola
273 1144 281 1156 ,
314 1124 393 1159 cujus
420 1124 583 1160 principium
601 1145 609 1159 ,
641 1125 702 1161 Legi
729 1125 833 1153 litteras
860 1129 933 1158 tuas,

144 1173 207 1202 post
225 1169 310 1196 multa
326 1179 333 1196 :
351 1179 360 1195 ι
383 1169 416 1197 Lit
430 1178 492 1204 qua
508 1171 611 1198 interea
628 1171 759 1206 temporis
778 1176 852 1206 gesta
869 1174 935 1198 sunt

146 1215 180 1241 ab
194 1215 258 1246 illis,
274 1216 411 1248 omittam,
432 1217 540 1252 quoties
556 1216 636 1244 tidem
662 1218 822 1252 exponendo
851 1225 935 1245 nova-

147 1261 230 1287 runt?
252 1262 366 1295 Ancyrae
394 1262 530 1290 dederunt
558 1262 651 1295 aliam,
682 1262 815 1291 Seleucia:
842 1263 935 1297 aliam,

147 1306 226 1334 aliam
246 1306 482 1342 Constantinopoli
500 1307 667 1344 divulgatam
687 1309 761 1336 illam
775 1329 783 1341 .
800 1313 827 1336 et
854 1310 935 1337 aliam

148 1352 291 1387 Lampsaci
309 1361 316 1384 ;
339 1358 432 1387 postea
449 1358 476 1380 et
491 1361 571 1388 quam
587 1354 722 1382 dederunt
743 1354 816 1382 Nica:
849 1354 936 1382 Thra-

147 1398 207 1431 εἱσι,
224 1402 251 1424 et
263 1397 320 1432 jam
336 1406 410 1426 nunc
420 1406 515 1426 rursus
527 1399 609 1427 aliam
623 1399 726 1435 Cyzici,
740 1400 774 1428 de
790 1407 844 1434 qua
858 1405 886 1428 et
913 1401 936 1428 si

149 1443 252 1478 reliqua
279 1444 385 1478 ignoro,
415 1444 468 1472 hoc
498 1449 590 1473 tamen
620 1445 714 1479 audio,
728 1447 801 1481 quod
826 1446 938 1475 silentio

147 1489 250 1517 omissa
274 1490 515 1519 consubstantialis
543 1491 742 1525 confesssioue,
759 1492 789 1519 τὸ
817 1493 938 1520 κατόὒ-

149 1535 211 1560 σίαν
225 1534 330 1569 ὅμοιον,
360 1535 511 1564 secundum
540 1537 687 1564 essentiam
721 1545 818 1573 nempe
837 1538 937 1572 simile,

147 1580 204 1615 jam
216 1580 423 1609 circumferunt.
445 1591 455 1607 ι
482 1582 596 1610 Divinos
611 1590 720 1618 quoque
738 1583 871 1612 Maximus
879 1585 938 1613 luat:

150 1627 253 1654 habet:
274 1637 283 1654 ι
305 1628 333 1655 Si
352 1628 440 1656 factas
452 1630 573 1665 synodos
586 1630 783 1666 imperatorum
807 1632 938 1660 mandata

150 1674 315 1706 conﬁrmant
338 1678 365 1702 et
392 1683 446 1702 non
464 1676 507 1711 pia
532 1676 609 1709 tldes,
639 1678 818 1713 acccptabnnt
845 1679 939 1714 utique

150 1719 284 1747 adversus
317 1720 481 1749 homousion
508 1722 662 1751 celebratas
683 1725 814 1759 synodos,
830 1726 939 1760 quando

148 1766 204 1800 iam
222 1765 274 1793 ilhc
298 1766 426 1802 jussibus
463 1768 664 1803 imperatorum
692 1771 837 1799 celebrata!
863 1776 938 1805 sunt,

151 1820 249 1848 nempe
262 1813 376 1848 primam
387 1813 463 1850 Tyri,
480 1816 629 1844 secundam
643 1817 806 1850 Antiochiae,
828 1819 938 1846 tertiam

151 1859 290 1894 Seleuciae,
309 1864 435 1895 quartam
470 1861 591 1898 Byzantii
618 1863 667 1891 sub
691 1864 797 1892 Adoxio
826 1865 938 1898 Ariano,

151 1907 274 1940 quintam
289 1907 361 1935 Nicae
373 1907 400 1935 in
411 1908 537 1942 Thracia,
553 1914 657 1937 sextam
673 1909 765 1938 Sinnii
782 1918 788 1938 :
804 1915 831 1939 et
842 1916 941 1947 praeter

153 1953 202 1979 has
213 1952 314 1980 multos
327 1957 485 1987 postannos
497 1955 640 1989 septimam
663 1955 764 1991 Ephesi
788 1957 939 1985 secundum

151 2003 286 2028 coactam.
297 1999 338 2025 cui
357 1998 502 2027 Dioscorus
515 2006 640 2034 praeerat.
667 2011 675 2028 ι
695 2001 801 2036 Quibus
813 2008 939 2038 apertum

154 2048 276 2070 remanet
304 2044 440 2072 homousii
458 2046 543 2080 gratia
556 2055 718 2076 sermonem
743 2049 779 2076 ita
806 2049 939 2084 digestum

153 2088 249 2115 fuisse.
265 2088 466 2125 Proptercaque
495 2096 522 2119 ct
547 2093 715 2122 Athanasius
732 2099 758 2123 et
775 2095 890 2123 Basilius
914 2100 941 2124 et

153 2134 281 2170 Cyrillus,
320 2135 456 2165 Ecclesiae
487 2138 644 2168 ﬁrmissima
677 2141 869 2176 fundamenta,
890 2142 941 2170 hoc

154 2182 263 2216 proprie
280 2181 384 2218 abipsa
399 2184 486 2218 prima
508 2192 603 2213 sancta
634 2188 740 2222 synodo
763 2188 940 2221 conﬁtentur.

951 1571 973 1601 C

982 937 1069 972 λέγει,
1092 938 1140 965 καὶ
1163 937 1238 965 ἄλλοι
1268 937 1318 972 μὲν
1352 936 1446 963 πολλοὶ
1474 934 1554 962 τοῦτο
1583 933 1795 968 διασαφοῦσιν·

982 984 1041 1012 ἀλλ’
1059 984 1141 1018 ἀρκεῖ
1157 993 1202 1017 μοι
1214 983 1254 1015 είς
1268 983 1319 1019 τὴν
1337 982 1435 1010 τούτου
1472 981 1620 1018 βεϐαίωσιν
1635 979 1796 1011 Daune-.0;

984 1031 1031 1058 καὶ
1049 1030 1185 1066 Μάξιμος,
1197 1030 1222 1056 οῑ
1234 1030 1284 1065 τῆς
1305 1029 1472 1064 Ἐκκλησίας
1497 1028 1642 1063 φωστῆρες
1669 1027 1721 1054 καὶ
1741 1026 1795 1052 δι-

984 1076 1123 1104 δάςκαλοι.
1146 1077 1177 1103 Ὀ
1192 1076 1242 1111 μὲν
1256 1075 1312 1111 γὰρ
1323 1076 1353 1102 έν
1367 1076 1399 1110 τῇ
1430 1076 1500 1110 πρὸς
1528 1074 1701 1108 Πατρόφιλον
1731 1073 1795 1099 τὸν

985 1122 1135 1150 ἐπίσκοπον
1160 1120 1289 1157 ἐπιστολῇ
1325 1120 1421 1153 αὐτοῦ,
1448 1118 1482 1157 ἧς
1515 1121 1532 1155 ἡ
1565 1120 1647 1155 ἁρχὴ,
1670 1119 1795 1146 Ἐνέτυ-

985 1170 1032 1206 χόν
1056 1178 1104 1197 σου
1125 1170 1181 1200 τοῖς
1196 1169 1354 1204 γράμμασι,
1375 1169 1444 1203 μετὰ
1467 1167 1554 1195 πολλά
1571 1175 1672 1202 φησιν·
1698 1166 1794 1193 «Ἵνα

986 1217 1020 1244 τὰ
1044 1217 1075 1244 έν
1091 1216 1168 1252 μέσῳ
1195 1215 1369 1250 παραλείπω,
1400 1215 1468 1245 ὅσας
1497 1213 1620 1248 ἐξέθεντο
1644 1213 1789 1244 πίστεις;

987 1263 1031 1290 ἐπ’
1051 1263 1195 1297 ’Δγκύρας
1207 1261 1302 1297 ἄλλην,
1312 1261 1411 1296 ἑτέραν
1432 1261 1460 1286 1v
1484 1258 1793 1287 κωνσταντινουπόλει

987 1309 1037 1343 τὴν
1061 1308 1297 1343 πολυθρύλλητον,
1329 1307 1358 1333 έν
1386 1305 1531 1340 Λαμψάκῳ
1565 1304 1674 1342 ἑτέραν,
1707 1303 1793 1339 μετὰ

987 1354 1074 1382 ταῦτα
1086 1355 1136 1390 τὴν
1147 1354 1175 1381 ἐν
1189 1353 1262 1389 Νίκῃ
1273 1353 1324 1389 τῆς
1339 1352 1464 1388 Θρᾴκης,
1491 1351 1539 1378 νῦν
1562 1351 1646 1378 πάλιν
1673 1349 1725 1386 τὴν
1755 1351 1793 1376 ἐν

988 1401 1112 1437 Κυζίκῳ,
1143 1399 1177 1438 ἧς
1194 1401 1279 1428 τᾶλλα
1311 1400 1360 1435 μὲν
1382 1400 1433 1426 οὐκ
1461 1399 1624 1433 ἐπίσταμαι,
1646 1396 1728 1425 τοῦτο
1754 1397 1791 1423 δὲ

989 1449 1095 1481 ἀκούω,
1111 1448 1153 1475 ὅτι
1172 1447 1203 1475 τὺ
1219 1447 1366 1482 δμοοὺσιον
1392 1445 1642 1479 κατασιγάσαντες,
1668 1444 1699 1471 τδ
1716 1444 1792 1471 κατ’

989 1493 1085 1521 οὐσίαν
1096 1493 1189 1528 ὅμοιον
1204 1493 1393 1527 ἐπιφέρουσιν.
1417 1501 1425 1518 ι
1448 1492 1480 1518 'O
1492 1492 1520 1518 δὲ
1548 1491 1622 1523 οεῖος
1653 1490 1792 1522 Μάξιμος

989 1540 1053 1567 τάδε
1063 1539 1157 1574 φησίν·
1170 1539 1217 1566 (El
1227 1539 1275 1569 τὰς
1284 1538 1434 1573 γενομένας
1444 1537 1571 1568 συνόδους
1590 1537 1618 1563 αἱ
1638 1535 1792 1566 κελεύσεις

988 1586 1044 1613 τῶν
1053 1585 1188 1621 βασιλέων
1209 1584 1353 1620 κυροῦσιν,
1364 1582 1616 1618 ἀλλὀὕχὶξεὺσεϐὴς
1626 1582 1729 1614 πίστις,
1737 1581 1791 1609 δέν

990 1631 1074 1664 ξαιντ“
1081 1630 1114 1658 ἃν
1122 1628 1251 1663 τὰς’κατὰ
1259 1630 1306 1657 τοῦ
1314 1630 1458 1665 δμοουσίου
1467 1629 1617 1664 γενομένας
1640 1628 1788 1660 συνόδους,

989 1676 1083 1711 ἐπειδὴ
1089 1676 1256 1711 κελεύσμασι
1265 1675 1397 1711 βασιλέων
1406 1675 1547 1710 γεγόνασι·
1557 1675 1630 1709 φημί
1640 1673 1672 1709 δὴ
1686 1673 1736 1709 τὴν
1747 1674 1783 1700 ὲν

990 1723 1071 1759 Τύρῳ
1083 1722 1207 1758 πρώτην,
1217 1722 1348 1757 δευτέραν
1357 1722 1406 1758 τὴν
1423 1722 1452 1749 ιν
1459 1719 1723 1756 ’Δντιοχείᾳ,τρίτην
1730 1720 1787 1752 τὴν

990 1771 1019 1796 έν
1031 1769 1190 1804 Σελευκείᾳ,
1213 1768 1350 1804 τετάρτην
1372 1768 1422 1803 τὴν
1442 1769 1472 1795 ὲν
1490 1766 1787 1795 Κωνσταντινουπὸλει

990 1818 1036 1844 ἐπὶ
1050 1817 1167 1849 Ἀδοξίου
1181 1816 1228 1845 τοῦ
1241 1816 1394 1852 Ἀρειανοῦ,
1404 1816 1534 1852 πέμπτην
1549 1815 1598 1852 τὴν
1606 1816 1719 1851 ένῒΝίκῃ
1727 1815 1785 1850 τῆς

991 1864 1113 1902 Θρᾴκης,
1129 1863 1214 1898 ἕκτην
1231 1863 1281 1898 τὴν
1308 1863 1338 1890 ὲν
1353 1863 1391 1898 τῷ
1405 1862 1521 1898 Σιρμίῳ,
1547 1862 1594 1889 καὶ
1620 1861 1690 1896 μετὰ
1716 1862 1783 1887 ταῠ·

990 1918 1040 1942 τας
1056 1908 1166 1941 πολλοῖς
1183 1908 1299 1945 ὕστερον
1312 1909 1430 1944 χρόνοις,
1448 1909 1568 1943 ἑϐδόμην
1580 1908 1630 1943 τὴν
1649 1908 1677 1934 ὲν
1700 1907 1786 1940 Ἐφε-

993 1958 1032 1991 etp
1065 1955 1096 1983 τὸ
1126 1952 1266 1991 δεύτερον,
1292 1953 1326 1990 ἦς
1365 1954 1463 1989 ἐξῆρχε
1489 1954 1667 1988 Διόσκορος.»
1699 1952 1788 1980 Ὅθεν

992 2001 1110 2038 φανερόν
1134 2001 1221 2032 ἐστιν,
1235 2001 1276 2027 ὄτι
1305 1999 1353 2027 τοῦ
1377 2000 1523 2034 ὁμοουσίου
1547 2000 1628 2033 χάριν
1651 2000 1664 2025 ὁ
1687 1998 1783 2032 λόγος.

993 2049 1042 2074 Διὰ
1067 2047 1147 2073 τοῦτο
1161 2045 1393 2079 καὶἌοανάσιος,
1412 2046 1460 2072 καὶ
1474 2045 1628 2077 Βασίλειος,
1657 2045 1704 2071 καὶ
1723 2045 1784 2072 Κῦ-

994 2093 1094 2129 ριλλος,
1112 2093 1136 2119 οί
1150 2093 1201 2127 τῆς
1235 2091 1403 2125 Ἐκκλησίας
1433 2091 1565 2126 ἀῤῥαγεῖς
1589 2090 1724 2126 θεμέλιοι,
1739 2104 1741 2106 -
1755 2092 1781 2118 οἱ

992 2139 1070 2168 τοῦτο
1085 2139 1188 2172 κυρίως
1205 2135 1402 2172 ὁμολογοῦντες
1416 2136 1470 2163 ἀπδ
1497 2136 1549 2172 τῆς
1571 2136 1685 2172 πρώτης
1697 2136 1781 2171 ἁγίας

993 2184 1114 2217 συνόδου,
1135 2185 1150 2211 ὁ
1166 2180 1216 2218 μὲν
1232 2183 1279 2210 καὶ
1307 2181 1425 2217 συνθεὶς,
1441 2180 1465 2210 οἱ
1477 2183 1505 2210 δὲ
1521 2184 1570 2211 καὶ
1581 2183 1778 2218 διαδεξάμενοι.

155 2227 199 2254 hic
213 2228 335 2262 quidem,
352 2229 424 2263 quod
442 2235 468 2258 et
483 2238 629 2259 assensum
643 2233 800 2268 praebuerit,
814 2234 852 2261 illi
867 2243 890 2269 qi

1045 2231 1094 2266 μὲν
1112 2230 1184 2262 θεῖος
1203 2227 1343 2262 Βασίλειός
1359 2237 1438 2265 φησι·
1466 2239 1475 2257 ι
1494 2229 1590 2257 Πίστιν
1610 2230 1692 2265 ἡμεῖς
1717 2228 1777 2257 οὕτε

154 2274 321 2308 exceperint.
340 2275 424 2304 Divus
452 2282 541 2305 autem
572 2277 689 2306 Basilius
712 2279 796 2306 dicit:
819 2289 829 2305 ι
848 2279 889 2306 Fit

1044 2277 1057 2303 ›”
1077 2277 1157 2304 ἄλλου
1170 2276 1352 2312 γραφομένην
1371 2277 1437 2311 ἡμῖν
1467 2276 1605 2311 νεωτέραν
1626 2275 1779 2311 παραδεχό-

156 2327 303 2355 nosncque
316 2322 497 2350 recentiorem
513 2323 548 2351 ab
575 2324 636 2351 aliis
662 2324 848 2359 conscriptam
870 2325 943 2353 acci-

156 2365 258 2400 pimus,
271 2375 360 2403 neque
384 2369 436 2404 ipsi
453 2374 554 2397 nostrae
582 2369 682 2397 mentis
704 2369 788 2398 foetus
813 2370 877 2398 aliis
893 2371 943 2399 ob-

156 2412 265 2441 trudere
291 2415 443 2450 audemus,
471 2423 505 2443 ne
535 2415 652 2442 humana
682 2414 815 2444 iaciamus
836 2414 943 2451 pietatis

157 2459 267 2493 verba,»
289 2464 344 2489 etc.
361 2462 481 2489 Sanetus
506 2460 696 2488 Athanasius:
716 2470 726 2487 ι
745 2461 817 2489 Nihil
846 2466 944 2497 prwter

156 2513 201 2537 ca.
218 2513 279 2540 quae
297 2506 394 2535 Nictezc
414 2507 522 2534 decreta
535 2510 611 2539 sunt,
642 2514 778 2542 promere.
801 2508 834 2535 Ει
852 2507 945 2536 Sardi-

157 2557 268 2579 ceusem
285 2552 433 2587 synodum,
455 2558 526 2586 aegre
557 2551 664 2584 tulisse,
681 2552 881 2589 ordinasseque
910 2562 944 2581 nc

157 2597 222 2630 quid
237 2597 264 2624 in
276 2604 415 2633 posterum
432 2597 466 2625 de
484 2598 536 2626 ﬁde
558 2597 737 2631 scriberetur,
762 2599 810 2627 sed
836 2600 945 2634 acquie-

158 2647 266 2670 scerent
278 2643 339 2669 ﬁdei
353 2650 368 2669 a
382 2642 510 2672 Patribus
527 2643 624 2671 Nicwa:
643 2643 760 2677 traditae,
781 2645 854 2680 quod
870 2645 895 2672 in
914 2652 945 2672 ea

158 2689 226 2716 nihil
238 2689 376 2721 deﬁceret,
393 2689 440 2717 sed
453 2690 534 2725 plena
549 2695 622 2718 esset
634 2691 754 2726 pietatis.
774 2701 782 2718 ι
799 2692 917 2727 Cyrillns
936 2701 943 2719 :

161 2743 170 2759 ι
197 2733 256 2761 Non
277 2734 460 2768 permittimus
489 2735 707 2771 nobismetipsis,
734 2741 781 2764 aut
804 2737 876 2769 aliis,
900 2743 947 2765 aut

160 2780 306 2808 dictionem
326 2788 356 2807 cx
379 2781 411 2809 iis
425 2789 486 2816 qua:
500 2782 537 2810 ibi
562 2787 636 2816 sunt,
650 2784 805 2816 immutare,
835 2788 882 2810 aut
904 2785 944 2811 vol

160 2833 241 2852 Unam
255 2826 386 2860 syllabam
403 2833 576 2864 praevertere.
597 2837 605 2854 ›
623 2829 710 2861 Adde,
729 2829 774 2864 qui
786 2830 812 2856 iu
829 2829 946 2865 :Egypto

159 2877 188 2898 cl
203 2872 228 2898 in
245 2871 327 2909 Libya
341 2879 430 2909 erant,
446 2876 592 2910 nonaginta
611 2875 802 2911 episcoporum
820 2882 844 2904 ut
875 2878 944 2904 beati

995 2324 1076 2359 μεθα,
1088 2322 1150 2349 οὔτε
1163 2323 1240 2349 αὐτοὶ
1253 2322 1287 2349 τὰ
1301 2323 1352 2357 τῆς
1378 2322 1517 2358 ἡμετέρας
1544 2321 1661 2353 διανοίας
1683 2322 1779 2355 γεννή-

996 2378 1070 2405 ματα
1087 2368 1266 2404 παραδιδόναι
1298 2368 1456 2404 τολμῶμεν,
1478 2367 1522 2395 ἵνα
1552 2368 1590 2402 μὴ
1620 2366 1778 2402 ἀνθρώπινα

994 2416 1154 2451 ποιήσωμεν
1174 2416 1210 2442 τὰ
1237 2415 1288 2450 τῆς
1318 2414 1461 2446 εὐσεϐείας
1487 2413 1610 2449 ῥήματα·
1643 2422 1652 2438 ι
1671 2413 1719 2439 καὶ
1746 2413 1778 2439 τὰ

995 2462 1070 2496 ἑξῆς.
1088 2462 1120 2488 '0
1133 2461 1160 2488 δὲ
1175 2461 1253 2494 ἅγιος
1268 2460 1438 2493 Ἀθανάσιος,
1454 2460 1561 2494 «Μηδὲν
1577 2459 1658 2486 πλέον
1682 2458 1737 2486 τῶν
1751 2459 1778 2484 ὲν

994 2507 1098 2542 Νικαία
1119 2506 1333 2542 προϐάλλεσθαι,
1354 2507 1402 2532 καὶ
1422 2506 1463 2532 ὅτι
1483 2506 1499 2540 ὴ
1519 2506 1549 2532 ὲν
1558 2505 1677 2540 Σαρδικῇ
1697 2504 1778 2539 ἠγαν-

995 2554 1171 2588 άκτησε,καὶ
1203 2552 1303 2588 ὥρισεν
1323 2552 1365 2578 ὅτι
1385 2551 1468 2587 μηδὲν
1497 2551 1537 2578 ἔτι
1572 2551 1637 2586 περὶ
1665 2550 1777 2581 πίστεως

995 2600 1162 2635 γράφεσθαι,
1177 2599 1235 2626 ἀλλ’
1250 2598 1396 2634 ἀρκεῖσθαι
1406 2599 1439 2633 τῇ
1452 2599 1480 2625 ὲν
1503 2597 1608 2633 Νικαεᾳ
1632 2597 1708 2632 παρὰ
1728 2596 1778 2622 τῶν

997 2646 1128 2679 Πατέρων
1145 2644 1348 2680 δμολογηθείσῃ
1364 2643 1465 2675 πίστει,
1490 2643 1535 2670 διὰ
1549 2644 1581 2669 ἰδ
1613 2643 1697 2678 μηδὲν
1713 2642 1776 2677 αὐτῇ

996 2692 1143 2725 ἐλλείπειν,
1166 2690 1236 2717 ἀλλὰ
1267 2691 1359 2725 πλήρη
1388 2690 1528 2722 εὐσεϐείας
1560 2687 1658 2716 εἶναι.»
1688 2689 1742 2716 Καὶ
1766 2690 1779 2715 ὁ

997 2737 1132 2773 Κύριλλος
1143 2737 1172 2763 δέ
1187 2744 1281 2772 φησιν·
1313 2746 1323 2763 ‹
1341 2738 1398 2763 οὐκ
1416 2736 1616 2772 ἐπιτρέπομενν
1636 2736 1743 2767 ἑαυτοῖς
1762 2735 1776 2770 ἢ

997 2785 1114 2820 ἑτέροις,
1130 2785 1147 2820 ἢ
1163 2785 1236 2817 λέξιν
1252 2784 1368 2819 ἀμείψαι
1380 2785 1435 2811 τῶν
1461 2784 1632 2819 ἐγκειμένων
1652 2783 1750 2814 ἐκεῖσε,
1764 2782 1777 2815 ἦ

1000 2831 1064 2866 μίαν
1079 2831 1145 2864 γοῦν
1173 2831 1332 2866 παραϐῆναι
1360 2830 1508 2864 συλλαϐήν.
1526 2838 1534 2855 ι
1565 2829 1625 2855 Ἔτι
1647 2827 1702 2854 τῶν
1724 2827 1778 2854 και*

1000 2877 1136 2912 Αἴγυπτον
1151 2878 1196 2904 καὶ
1214 2877 1318 2914 Atii-qu
1347 2878 1506 2904 ἐπισκόπων
1534 2876 1711 2910 ἐνενήκοντα,
1737 2874 1777 2900 καὶ
