1863 3057
151 135 201 169 231
605 135 795 169 GREGOHII
815 136 939 168 MAMMi

1034 163 1040 169 .
1058 134 1317 167 PATEIARCHE
1733 134 1792 166 232

152 193 253 225 positis
272 193 454 229 digestisque,
479 196 611 230 tanquam
636 195 681 231 qui
713 203 741 222 ln
769 203 799 223 se
823 199 939 223 mentem

1032 193 1068 227 ὺς
1087 193 1373 228 Πνευματομάχους,
1389 192 1435 219 καὶ
1448 192 1497 223 τὰς
1518 191 1659 221 συνιδικὰς
1675 191 1793 218 ἐπισω-

151 238 252 266 Cttristi
276 241 450 274 possidebant
464 240 569 274 Patres,
586 243 753 270 sttbnectunt
768 252 774 270 :
790 242 838 269 His
854 242 939 277 itaque

1033 250 1045 272 ς
1064 240 1199 274 Κυρίλλου
1230 240 1277 266 καὶ
1295 239 1420 270 Λέοντος,
1446 238 1494 264 καὶ
1511 238 1553 264 ὅτι
1579 238 1610 264 οὗ
1631 237 1745 272 παθητὴ
1771 238 1789 272 ἡ

150 285 272 318 decretis,
289 287 418 315 omnibus
434 287 540 314 scilicet
556 292 621 315 ante
635 288 727 316 dictis.

1032 287 1094 320 ΰτης
1109 286 1157 313 τοῦ
1177 284 1359 319 Μονογενοῦς,
1374 284 1421 311 καὶ
1434 283 1470 315 ὠς
1484 283 1626 318 ὁμοούσιος
1642 283 1682 318 τῷ
1695 283 1790 317 Harp!

149 334 164 359 ὸ
183 334 283 368 Κύριος
303 335 384 370 ἡμῶν
405 335 511 370 Ἰησοῦς
525 337 646 370 Χριστὸς
661 336 734 364 κατὰ
765 337 814 373 τὴν
831 337 959 372 θεότητα,
998 337 1046 363 καὶ
1069 335 1214 371 ὁμοούσιος
1233 335 1299 369 ἡμῖν
1313 331 1455 386 κατὰιτὴν
1484 331 1695 386 ἅνθρωπότητα.
1718 330 1788 386 ,Καὶ

148 381 238 408 ταῦτα
254 383 343 410 πάντα
366 383 589 419 διασαφήσαντες
607 385 669 412 λίαν
692 386 880 421 ἁρμοζόντως,
899 385 936 418 ὡς
957 385 1019 412 νοῦν
1033 383 1154 421 Χριστοῦ
1189 383 1308 419 ἔχοντες,
1348 381 1510 423 ἐπάγουσιν·
1533 380 1650 407 Τούτων
1678 380 1790 406 τοίνυν

149 429 333 462 (Wallerth
348 450 355 462 ,
385 430 507 465 δηλονότι
540 431 650 458 πάντων
680 432 737 459 τῶν
769 433 986 468 προειρημένων.

184 475 230 503 lii.
251 475 429 503 Manifestum
443 477 535 511 itaque
555 482 607 510 est,
629 485 676 506 eos
689 479 788 506 similia
812 479 845 507 de
874 486 939 507 con-

149 522 235 549 traria
255 521 306 549 fide
318 523 486 550 euuntiasse.
502 523 569 551 Nam
587 525 712 559 plerique
723 526 805 552 etiam
833 526 879 553 alii
901 526 936 554 de

147 568 183 595 iis
199 576 260 602 qua:
279 569 346 596 inibi
363 569 588 603 continebantur,
600 572 836 606 conscripserunt.
850 580 937 607 eaque

148 614 251 641 fusiore
266 621 393 643 sermone
404 617 542 650 prosecuti
560 622 624 644 sunt
639 626 647 651 ;
664 621 691 644 et
709 618 779 645 inter
789 626 838 645 eos
851 626 865 645 a
882 618 937 646 Deo

147 658 237 685 edocti
253 659 359 692 Patres,
375 659 508 688 Maximus
523 664 551 689 et
578 661 776 690 Damascenus.
796 663 867 696 Quid
885 663 935 690 ita-

146 711 199 739 que
214 704 359 732 dicemus!
381 705 565 741 lgnorassene
593 707 688 736 Patres
701 708 937 744 prohibitionem?

147 757 182 777 an
194 750 302 778 novisse
315 755 341 778 et
351 752 503 787 neglexisse
516 753 617 782 ?Absit
629 756 712 782 verbo
741 755 855 791 injuria.
869 755 938 783 Sed-

145 797 218 823 enim
238 797 386 830 proltibitio
402 803 460 826 erat
474 800 506 826 de
520 801 570 828 llde
590 802 728 829 contraria
752 809 781 830 et
806 810 869 837 qua:
896 810 936 830 re-

149 845 222 867 ctam
246 842 325 869 fidem
348 847 494 877 everteret,
514 851 575 872 eum
593 853 646 873 una
664 846 731 874 ﬂdcs
746 847 782 874 sit
799 856 806 880 ;
836 847 937 874 confir-

148 891 267 920 matque
282 888 309 915 id
326 888 422 916 beatus
443 889 545 918 Paulus
561 891 657 920 dicens
676 900 682 919 :
703 892 777 920 Unus
794 893 933 925 Dominus.

1032 478 1081 511 ις’.
1110 477 1248 514 Πρόδηλον
1271 475 1338 510 γοῦν
1358 475 1396 507 ὼς
1423 473 1488 509 περὶ
1509 473 1635 504 ὲναντίας
1661 473 1787 503 πίστεως

992 526 1081 554 ταῦτά
1095 533 1172 559 φασι.
1189 523 1290 551 Πολλοὶ
1318 523 1372 557 γάρ
1401 522 1449 548 καὶ
1465 521 1540 548 ἄλλοι
1572 521 1787 556 συνεγράψαντο

991 573 1057 606 περὶ
1072 571 1128 598 τῶν
1143 570 1352 605 περιεχομένων
1365 570 1393 595 ἑν
1409 567 1525 599 τούτοις,
1541 568 1588 594 καί¹
1603 568 1785 602 ὲξήπλωσανο

989 618 1059 644 ἀλλὰ
1069 617 1115 643 καὶ
1123 617 1147 643 οἱ
1159 616 1284 649 θεόσοφοι
1295 613 1416 650 Πατέρες
1432 613 1558 647 Μάξιμος
1572 614 1618 640 καὶ
1630 615 1787 648 Δαμασκη-

990 664 1046 694 νός.
1069 662 1102 689 Τί
1117 662 1164 689 οὖν
1177 661 1298 697 ἐροῦμεν
1315 668 1322 692 ;
1345 659 1526 693 Ἱῐγνοτικὲναι
1555 659 1619 690 τοὺς
1644 659 1741 692 ἁγίους
1754 659 1788 684 τὸ

991 709 1106 744 κώλυμα
1114 709 1168 735 τῶν
1184 708 1264 738 ὅλων,
1283 706 1299 742 ἢ
1314 705 1465 740 ἐγνωκέναι
1480 705 1528 731 καὶ
1548 704 1763 738 καταφρονῆσαι
1776 712 1784 736 ς

992 757 1038 791 Μὴ
1051 756 1168 790 γένοιτο.
1192 753 1274 780 ama
1299 753 1365 786 περὶ
1397 751 1521 782 ἐναντίας
1552 750 1670 781 πίστεως
1687 748 1722 785 ἦν
1752 749 1785 775 τὸ

989 802 1107 836 κώλυμα
1121 801 1169 827 καὶ
1189 799 1346 833 ἀνατροπῆς
1373 797 1425 832 τῆς
1451 796 1537 831 ὀρθῆς
1561 795 1691 826 πίστεως,
1719 794 1784 820 ἐπεὶ

989 849 1036 875 καὶ
1051 848 1099 883 μία
1113 847 1203 878 πίστις
1216 845 1286 877 ἐστὶ,
1317 844 1366 871 καὶ
1382 842 1531 877 παρίστησι
1545 841 1625 868 τοῦτο
1653 841 1667 867 ὁ
1686 841 1783 875 μακά-

991 901 1048 927 ριος
1075 891 1182 923 Παῦλος
1197 890 1296 924 λέγων,
1312 886 1368 921 Εἷς
1387 888 1506 921 Κύριος,
1534 888 1585 919 μία
1609 886 1724 918 πίστις.
1749 886 1783 912 Εἰ

145 940 198 959 una
212 933 289 967 ﬁdes.
306 934 335 962 Si
356 935 449 970 itaque
463 944 517 963 una
532 937 612 970 fides,
623 937 711 966 modis
726 939 856 968 omnibus
875 932 931 968 alia

1032 946 1035 959 ι
1053 937 1101 972 μία
1117 936 1221 967 πίστις,
1241 935 1350 965 πάντως
1371 934 1388 968 ἡ
1402 933 1485 967 ἑτέρα
1510 931 1639 987 ἐναντίαι.
1649 931 1705 958 Καὶ
1734 931 1783 987 ού-

144 981 284 1007 contraria
297 981 389 1009 fuerit.
412 981 566 1018 Nemoque,
585 984 737 1013 dummodo
765 993 780 1013 ι
799 987 933 1022 sapientia

1032 993 1043 1016 ς
1057 984 1113 1010 τῶν
1126 983 1189 1009 νοῦν
1203 983 1330 1017 ἐχόντων,
1342 981 1380 1012 ὡς
1392 981 1409 1013 ἡ
1426 979 1507 1013 ἑτέρα
1521 978 1703 1014 προστεθεῖσα
1731 979 1781 1005 πί-

145 1033 199 1052 non
219 1028 338 1060 aberret,
357 1028 429 1056 dicet
453 1037 546 1057 veram
563 1038 625 1059 esse
648 1032 728 1067 aliam
758 1032 838 1061 fidem
871 1038 933 1069 pro-

144 1070 275 1105 p'ositum,
296 1078 359 1100 cum
382 1079 438 1111 una
454 1078 561 1102 tantum
578 1083 640 1104 vera
657 1077 704 1104 sit.
721 1077 893 1113 Quapropter
906 1083 932 1107 et

111 1127 117 1132 κ
143 1118 309 1144 coniti-ariam
323 1119 404 1146 divus
421 1119 557 1149 Maximus
571 1121 740 1150 additioncm
756 1124 858 1158 rejieit,
885 1133 931 1152 ve-

144 1170 202 1190 ram
217 1164 402 1198 amplectitur.
420 1165 504 1199 ldque
518 1172 612 1201 aperte
624 1168 762 1203 colligitur
780 1177 811 1196 ex
820 1169 932 1206 Dialogo

142 1210 229 1244 ipsius
240 1210 373 1238 adversus
384 1212 460 1238 illum
471 1213 517 1247 qui
527 1213 688 1247 Macedonii,
700 1215 821 1249 Spiritus
831 1216 931 1249 hostis,

142 1257 307 1283 sententiam
326 1257 481 1292 tutabatur,
507 1259 535 1285 in
548 1267 602 1294 quo
621 1268 682 1287 cum
700 1260 877 1290 Ortltodoxus
892 1264 933 1289 di-

143 1307 233 1329 ceret:
251 1312 261 1328 r
274 1303 461 1331 Condemnavi
474 1305 651 1339 additionem,
663 1314 744 1341 quam
755 1308 868 1335 editioni
877 1308 931 1336 Ln-

141 1349 215 1376 ciani
245 1351 411 1384 apposuistis
429 1360 436 1378 :
454 1359 620 1388 pessumque
634 1354 779 1382 ostendere
809 1355 929 1383 additam

142 1394 180 1422 illi
194 1395 333 1423 adversari
350 1405 358 1428 ;
381 1406 391 1423 ι
413 1402 440 1424 et
457 1400 640 1433 respondente
650 1399 845 1429 Macedoniano
857 1410 864 1428 :
877 1411 885 1428 t
898 1402 931 1429 Et

141 1448 190 1468 vos
203 1442 293 1470 nonne
301 1442 447 1471 addidistis
459 1443 575 1472 Nicaeum
600 1445 610 1471 i
625 1455 634 1471 ›
649 1446 821 1475 Ortltodoxus
831 1448 929 1476 infert:

143 1487 211 1514 iSed
224 1496 277 1515 non
294 1489 333 1516 illi
347 1491 498 1518 contraria.
516 1500 525 1518 ι
541 1490 574 1518 Et
595 1493 769 1521 manifestius
784 1494 855 1522 idem
872 1495 930 1530 ipse

140 1538 252 1562 sanctus
267 1535 294 1562 in
322 1543 371 1563 sua
398 1536 572 1565 confessione
600 1540 763 1574 compendio
792 1542 927 1576 exposita,

140 1582 222 1614 quam
235 1587 285 1615 pro
297 1581 516 1611 Cbalcedonensi
536 1585 641 1623 synodo
666 1587 834 1622 compilavit,
850 1589 929 1623 cujus

139 1625 314 1660 principium,
333 1626 401 1654 Cum
425 1622 572 1656 admodum
597 1638 739 1666 generose,
762 1638 809 1660 aut
825 1622 928 1669 ignavi-

138 1677 192 1705 ter,
206 1678 234 1700 ut
248 1674 339 1708 aptius
358 1674 484 1710 eloquar,
508 1679 570 1711 post
594 1685 701 1712 pauca:
721 1688 730 1705 t
746 1679 815 1712 Quis
833 1681 925 1716 igitur,

137 1721 165 1745 et
188 1718 223 1746 de
236 1719 337 1754 quibus
351 1721 528 1749 criminatio?
543 1722 748 1756 Asserit,aliam
759 1726 818 1753 lidei
832 1726 926 1754 deﬁni‘

143 1764 244 1792 tionem
257 1765 394 1793 diversam
410 1767 444 1794 ab
456 1775 488 1795 ea
505 1776 565 1803 qua:
583 1769 611 1796 in
632 1776 726 1798 saneta
743 1770 854 1800 Nieama
884 1781 928 1809 sy-

140 1810 214 1838 nodo
227 1810 326 1839 tra‘dita
343 1817 386 1840 est
401 1820 416 1839 δ
428 1814 533 1841 sanctis
546 1819 702 1843 tercentum
715 1817 809 1844 decem
824 1824 850 1844 et
865 1822 926 1845 octo

140 1857 269 1886 Patribus
285 1858 500 1887 introduxisse.)
515 1859 684 1896 Reiquoque
700 1864 926 1897 peraceommoda

138 1901 208 1933 erit,
240 1910 273 1930 ex
295 1901 442 1939 Florilegio
457 1907 473 1932 ο
491 1905 615 1939 cujusvis
637 1908 746 1942 generis
762 1908 839 1937 libris
862 1916 927 1937 con-

138 1947 250 1975 tinuato
262 1949 352 1976 Photii
362 1949 671 1987 Constantiuopolitani,
691 1953 797 1990 Eulogii
809 1956 927 1990 patriar-

141 1992 199 2019 chae
214 1993 394 2022 Alexandrini
411 1996 560 2030 sententia,
586 1997 722 2034 habetque
747 2007 778 2027 se
803 1991 878 2028 hunc
899 2002 925 2029 lu

137 2041 249 2071 modum
266 2050 272 2068 :
289 2051 297 2067 t
325 2041 378 2069 Sed
396 2043 588 2072 hacreticbruut
607 2053 702 2074 rursus
715 2049 825 2075 vesania
843 2057 927 2084 quar-

138 2090 193 2113 tam
210 2088 336 2122 ‘syuoduu
359 2089 533 2123 criminatur,
546 2093 619 2127 quod
638 2093 779 2121 decretum
797 2095 923 2130 ediderit,

136 2134 352 2168 contenditque,
389 2136 472 2163 talem
508 2142 637 2166 conatum
661 2147 676 2166 a
699 2141 787 2175 prima
821 2143 925 2178 synodo

136 2177 237 2212 Ephesi
252 2179 343 2206 habita
353 2181 464 2208 omnino
471 2183 639 2216 prohibitum
652 2184 747 2213 fuisse.
760 2186 793 2213 Et
806 2187 878 2219 licet,
887 2188 921 2222 si,

140 2228 170 2251 ttt
182 2223 232 2258 ipsi
251 2228 398 2265 uugantur,
416 2229 553 2263 synodum
572 2230 681 2265 quidvis
697 2232 770 2259 aliud
783 2233 922 2261 decretunt

140 2270 294 2304 producere,
304 2273 401 2305 vetuit,
419 2273 478 2302 haec
492 2279 557 2303 ante
569 2276 636 2304 alias
649 2280 742 2304 contra
753 2285 782 2306 se
793 2279 922 2307 condem‘

137 2317 256 2345 nationis
273 2319 440 2347 sententiam
463 2322 576 2355 protulit
591 2331 598 2350 :
616 2323 712 2351 definit
722 2324 794 2351 enim
815 2326 866 2353 hoc
881 2326 921 2360 ip-

135 2369 194 2390 sum
209 2363 375 2399 decernens,
388 2367 461 2401 quod
479 2368 552 2395 nulla
570 2368 623 2395 alia
650 2375 714 2397 ante
725 2369 811 2404 ipsam
825 2371 920 2399 delini-

131 2409 180 2437 νη.
205 2408 256 2436 Sed
272 2410 442 2446 hypostatiea
457 2413 589 2447 siquidem
616 2414 682 2440 unio
700 2414 780 2449 Itu‘jus
798 2420 840 2443 est
857 2424 919 2448 vox,

134 2454 168 2481 de
184 2461 236 2489 qua
249 2479 256 2485 ,
273 2457 442 2492 antiquiores
479 2457 575 2493 synodi
596 2459 634 2485 nil
662 2465 820 2489 sanxerant.
848 2461 919 2495 Quin

140 2505 167 2527 et
180 2501 506 2538 Constantinopolitauatn
521 2508 629 2532 centum
649 2507 848 2541 quinquaginta
867 2507 920 2535 Pa-

136 2551 207 2574 trum
235 2550 293 2576 suis
310 2549 458 2584 ipsi_nugis
480 2549 618 2583 rejieiunt,
633 2555 660 2578 et
690 2553 886 2586 condemnant,
903 2562 917 2581 a

131 2601 186 2630 qua
207 2594 348 2630 proﬂigata
368 2599 411 2621 est
433 2595 564 2631 Spiritum
588 2599 804 2633 oppugnantium
834 2600 919 2628 haere-

133 2640 181 2673 sis,
201 2646 229 2667 et
244 2641 342 2668 additis
350 2639 459 2670 Nicaeuo
471 2641 602 2677 Symbolo
615 2644 706 2673 verbis
715 2645 748 2673 de
755 2647 843 2673 saneti
855 2646 901 2681 Spi
910 2661 918 2667 -

118 2688 204 2716 'titus
227 2687 382 2721 divinitate,
403 2689 469 2716 fidos
486 2694 668 2724 congruenter
700 2691 835 2726 explicata
864 2697 915 2720 est.

134 2735 162 2762 Si
180 2735 254 2762 enim
275 2735 462 2770 praacedentcs
490 2738 650 2771 apponendo
675 2738 916 2773 reprehensionem

132 2781 277 2817 emugiunt,
295 2790 383 2818 neque
395 2784 455 2813 illas
469 2785 626 2813 subsecutae
640 2786 666 2813 in
681 2786 818 2813 similibus
838 2786 918 2814 dissi-

133 2828 234 2854 nti-Iiter
251 2828 477 2862 vituperationem
495 2831 645 2858 incurrent.
665 2831 710 2859 Sic
723 2831 916 2867 desipientiqu

132 2879 211 2900 mens
225 2875 316 2901 omnia
335 2876 493 2906 commiscet
506 2882 531 2904 et
546 2877 648 2905 turbat.
666 2877 802 2913 Epltesina
813 2880 917 2908 ctenim

986 1039 1043 1061 on;
1056 1029 1159 1064 ἀληθής
1186 1029 1273 1060 ἐστιν,
1294 1027 1355 1053 ἐπεὶ
1386 1026 1435 1060 μία
1466 1025 1539 1051 ἐστὶν
1561 1025 1578 1060 ἡ
1598 1024 1713 1060 ἀληθής.
1730 1024 1780 1050 Διὸ

983 1076 1033 1111 τὴν
1046 1075 1169 1102 ἐναντίαν
1183 1075 1232 1101 καὶ
1252 1074 1381 1109 Μάξιμος
1394 1074 1408 1101 ὀ
1425 1073 1498 1108 ίερὸς
1512 1072 1674 1107 ἀποπέμπει
1686 1080 1778 1106 προσ-

984 1123 1082 1157 θήκην,
1098 1121 1149 1157 τὴν
1159 1122 1188 1148 δὲ
1202 1120 1290 1156 άληθῆ
1310 1121 1358 1147 καὶ
1386 1119 1577 1155 προσδέχεται.
1611 1119 1667 1145 Καὶ
1692 1117 1779 1144 τοῦτο

983 1169 1064 1204 δῆλον
1075 1168 1108 1195 ἂν
1125 1168 1158 1194 ὲκ
1173 1167 1219 1193 τοῦ
1239 1167 1371 1200 Διαλόγου
1389 1165 1472 1193 αὐτοῦ
1503 1166 1572 1200 προς
1600 1165 1646 1190 τὸν
1664 1165 1699 1191 τὰ
1725 1164 1777 1192 τοῦ

984 1215 1219 1250 Πνευματομάχου
1237 1212 1406 1240 Μακεδονίου
1437 1212 1600 1248 φρονοῦντα,
1630 1212 1660 1238 ὲν
1680 1208 1702 1245 ᾧ
1725 1211 1777 1239 τοῦ

990 1262 1148 1299 Ὀρθοδόξου
1172 1261 1309 1296 λέγοντος,
1343 1270 1353 1285 ι
1372 1260 1522 1293 Κατὲγνων
1536 1259 1585 1294 τῆς
1600 1259 1774 1294 προσθήκης.

982 1307 1018 1346 ἦς
1033 1309 1224 1344 προσεθήκατε
1254 1308 1283 1334 ἐν
1297 1308 1331 1342 τῇ
1347 1306 1454 1333 ἐκθέσει
1470 1305 1517 1332 τοῦ
1545 1305 1708 1332 Λουκιανοῦ·
1724 1307 1775 1332 καὶ

983 1357 1037 1391 ἔχω
1053 1356 1149 1387 δεῖξαι,
1161 1357 1202 1381 ὅτι
1220 1354 1411 1388 προσεθήκατε
1432 1352 1553 1379 ἐναντίον
1572 1351 1659 1386 αὐτῆς
1672 1359 1678 1366 ·
1700 1361 1709 1377 ι
1724 1352 1775 1378 τοῦ

981 1403 1009 1429 δὲ
1037 1401 1071 1428 τὰ
1105 1399 1310 1428 Μακεδονιανοῦ
1351 1398 1514 1434 φρονοῦντος
1542 1397 1774 1431 άντεπάγοντος,

985 1447 1102 1483 (Ὑμεῖς
1117 1450 1171 1482 γὰρ
1198 1447 1227 1474 οὺ
1250 1446 1440 1481 προσεθήκατε
1469 1446 1501 1480 τῇ
1526 1445 1555 1471 ὲν
1582 1445 1702 1480 Νικαίᾳ;
1725 1454 1734 1470 ι
1759 1445 1773 1470 ὁ

988 1494 1146 1530 Ὀρθόδοξος
1161 1493 1230 1528 πρὸς
1242 1492 1321 1519 τοῦτο
1333 1500 1340 1508 ·
1360 1501 1368 1517 ι
1391 1491 1461 1517 ’.ἁλλ’
1471 1491 1521 1518 οὐκ
1533 1491 1642 1517 ἐναντία
1657 1490 1740 1524 αὐτῇ.
1762 1497 1770 1516 t

981 1542 1037 1569 Kal.
1053 1540 1284 1575 ἔτιὲκδηλότερον
1302 1539 1315 1565 ὁ
1343 1538 1424 1569 αὐτὸς
1451 1537 1529 1571 ἅγιος
1555 1536 1661 1571 τίθησιν
1676 1537 1706 1561 ἐν
1736 1537 1774 1570 τῃ

981 1586 1065 1613 αὑτοῦ
1084 1585 1209 1620 συντόμῳ
1225 1583 1368 1619 ὁμολογίᾳ,
1386 1583 1419 1617 ἠν
1438 1583 1557 1608 ποιεῖται
1580 1582 1650 1615 ὑπὲρ
1669 1581 1719 1616 τῆς
1741 1582 1775 1606 ἐν

940 1624 964 1657 c
980 1631 1133 1667 Χαλκηδόνι
1148 1631 1270 1663 συνόδου,
1285 1626 1319 1665 ἦς
1336 1630 1353 1664 ἡ
1367 1629 1451 1664 ἀρχὴ,
1469 1628 1548 1654 Ἐπεὶ
1568 1628 1595 1654 δὲ
1620 1627 1680 1654 λίαν
1706 1635 1774 1661 γει]-

980 1680 1064 1711 ναίως
1103 1679 1120 1714 ἢ
1156 1678 1262 1711 amo;
1284 1677 1374 1703 εἰπεῖν
1410 1676 1594 1709 οἰκειότερον,
1618 1675 1666 1701 καὶ
1699 1675 1773 1709 μετά

979 1734 1057 1754 τιναη
1077 1726 1140 1758 ιΤίς
1153 1723 1264 1760 οὗνᾶρα
1278 1723 1324 1751 καὶ
1338 1722 1403 1758 περὶ
1419 1722 1500 1749 τίνων
1514 1722 1530 1756 ἡ
1544 1721 1690 1755 ἕγκλησιςς
1704 1721 1772 1747 Ὀτι

978 1774 1018 1806 δὲ,
1034 1773 1126 1808 φησὶν,
1142 1772 1221 1798 ἄλλον
1236 1770 1357 1800 πίστεως
1371 1769 1432 1803 ὃρον
1450 1767 1527 1801 παρὰ
1542 1767 1588 1793 τὸν
1613 1767 1649 1816 ὲν.
1663 1765 1770 1818 Nocet;

980 1819 1046 1854 ἁγίᾳ
1064 1817 1169 1852 συνόδῳ
1178 1816 1291 1843 τεθέντα
1309 1815 1341 1841 ἐκ
1353 1813 1407 1840 τῶν
1425 1813 1510 1846 ἁγίων
1524 1811 1688 1846 τριακοσίων
1699 1810 1771 1836 δέκα

980 1866 1027 1891 καὶ
1045 1863 1117 1890 ὀκτὼ
1132 1863 1264 1897 Πατέρων
1282 1862 1443 1895 εισήγαγεν.
1464 1869 1473 1885 ι
1499 1859 1580 1885 Ἀλλὰ
1599 1858 1646 1884 καὶ
1662 1858 1694 1884 ὲκ
1711 1857 1772 1890 στῆς

981 1909 1280 1946 βιῦλιοπανσυλλὲκτου
1296 1907 1491 1941 Ἀνθολογίας
1503 1904 1606 1931 Φωτίου
1622 1904 1772 1930 Κωνσταν-

979 1957 1162 1987 τινουπόλεως
1177 1955 1266 1982 καὶτὸ
1285 1954 1332 1980 τοῦ
1351 1953 1481 1985 Edico-{ioc
1502 1951 1673 1986 πατριάρχου
1693 1950 1772 1975 Ἀλε-

979 2004 1124 2039 ξανδρείας
1151 2001 1335 2037 προκείμενον
1359 1999 1419 2025 λίαν
1441 1998 1583 2033 ἁρμόζειν.
1602 1996 1680 2031 Ἔχει
1711 1995 1771 2030 γὰρ

977 2048 1081 2081 οὕτως’
1103 2057 1113 2073 ι
1125 2047 1206 2074 Ἀλλὰ
1222 2046 1276 2081 γὰρ
1287 2045 1337 2080 τῆς
1354 2044 1488 2078 αἱρέσεως
1509 2043 1591 2069 πάλιν
1606 2042 1622 2076 ἡ
1649 2041 1771 2068 ἀπόνοια

977 2095 1028 2130 τὴν
1045 2093 1178 2134 τετάρτην
1199 2092 1338 2126 μέμφεται
1357 2087 1479 2134 σύνοδον,
1496 2087 1534 2134 tit;
1559 2086 1623 2134 ὅρον
1649 2084 1766 2134 MOE-pi.-

977 2148 1038 2173 νην,
1053 2131 1258 2172 διατεινομένην
1273 2137 1323 2170 τὴν
1337 2133 1468 2168 τοιαύτην
1498 2132 1682 2168 ἐπιχείρησιν,
1709 2131 1765 2158 ὑπὸ

976 2185 1026 2220 τῆς
1045 2183 1117 2211 κατὰ
1129 2184 1179 2218 τὴν
1196 2183 1315 2216 Ἔφεσον
1331 2179 1444 2214 πρώτης
1473 2178 1595 2209 συνόδου,
1621 2177 1763 2209 παντελῶς

976 2230 1218 2259 άποκεκωλῦσθαι.
1236 2229 1332 2255 Καίτοι
1343 2236 1375 2262 γε
1387 2227 1412 2254 εί
1426 2226 1497 2253 κατὰ
1514 2226 1560 2252 τὸν
1574 2224 1656 2260 λῆρον
1680 2224 1763 2253 αὑτὸν

976 2277 1108 2311 ἀπεῖργεν
1123 2277 1139 2310 ἡ
1157 2273 1264 2306 σύνοδος
1283 2274 1378 2309 ἕτερον
1388 2274 1452 2308 ὅρον
1475 2272 1603 2319 μηδόλωςγ
1615 2271 1759 2319 προάγειν,
1785 2306 1789 2319 Ι

973 2321 1042 2356 αὐτὴ
1058 2320 1119 2348 καθ’
1134 2321 1236 2355 ἑαυτῆς
1263 2321 1316 2355 πρὸ
1336 2320 1391 2346 τῶν
1407 2320 1495 2345 ἄλλων
1521 2319 1571 2352 τὴν
1595 2317 1761 2349 δικάζουπαν

972 2367 1102 2401 ἐξήνεγκε
1121 2365 1222 2400 ψῆφον.
1245 2365 1415 2401 ὀρίζειγὰρ
1437 2365 1505 2392 αὺτδ
1520 2364 1758 2396 τοῦτο’τυποῦσα,

972 2414 987 2441 ὃ
1007 2413 1069 2449 μηδ’
1083 2413 1165 2447 ἑτέρα
1180 2412 1236 2440 τῶν
1253 2414 1306 2448 πρὸ
1321 2413 1405 2447 eaea;
1420 2412 1579 2447 διωρίσατο.
1605 2411 1686 2438 Ἀλλὰ
1712 2411 1760 2437 καὶ

973 2461 989 2497 ἠ
1005 2460 1065 2486 καθ’
1082 2460 1239 2487 ὑπόστασιν
1254 2460 1354 2492 ἓνωσις
1383 2459 1468 2493 αὐτῆς
1485 2459 1560 2485 ἐστιν
1576 2459 1650 2493 ὅρος,
1663 2457 1677 2484 ὃ
1699 2458 1760 2489 ταῖς

974 2507 1178 2542 πρεσϐυτέραις
1211 2509 1267 2532 τῶν
1298 2505 1417 2531 συνόδων
1444 2505 1475 2530 οὐ
1489 2503 1643 2539 διώρισται.
1660 2505 1713 2531 Ναὶ
1727 2503 1759 2539 δὴ

972 2554 1019 2580 καὶ
1032 2553 1083 2588 τὴν
1098 2555 1127 2579 ὲν
1145 2551 1432 2579 Κωνσταντινουπόλει
1458 2551 1513 2578 τῶν
1532 2551 1630 2578 ἑκατὸν
1660 2551 1759 2585 πεντή-

972 2606 1058 2626 κοντα
1076 2598 1162 2633 ἁγίων
1178 2598 1311 2633 Πατέρων
1323 2597 1352 2629 ἐξ
1367 2594 1404 2624 ὦν
1417 2597 1496 2624 αὐτοὶ
1520 2596 1633 2631 ληροῦσι
1661 2604 1755 2632 παρα-

958 2646 1117 2687 ιγράφεται.
1130 2646 1181 2672 Τὸν
1197 2644 1430 2680 Πνευματομάχον
1449 2644 1505 2680 γὰρ
1520 2644 1590 2679 αὕτη
1606 2643 1758 2670 καθελοῦσα

971 2691 1010 2728 τῷ
1025 2693 1096 2719 κατὰ
1116 2691 1166 2727 τὴν
1182 2692 1299 2719 Νίκαιαν
1328 2691 1515 2726 ὲκφωνηθὲντι
1535 2692 1591 2726 ὅρῳ
1618 2690 1667 2726 τὴν
1695 2691 1759 2725 περὶ

971 2733 1018 2765 τοῦ
1034 2737 1112 2772 ἁγίου
1125 2737 1282 2773 Πνεὺματος
1299 2738 1439 2772 θεολογίαν
1452 2737 1602 2772 προσθεῖσα
1617 2737 1758 2772 συνήρμοο

974 2794 1028 2812 σεν.
1047 2785 1076 2811 Εἰ
1091 2786 1145 2820 γὰρ
1162 2785 1190 2812 αῑ
1205 2785 1388 2819 προλαϐοῦσαι
1401 2785 1590 2820 προστιθεῖσαι
1603 2784 1648 2810 τὸν
1665 2782 1758 2817 μῶμον

976 2833 1170 2867 ἐκφεύγουσιν,
1184 2832 1245 2858 οὐδὲ
1267 2832 1295 2858 αἱ
1313 2833 1373 2866 μετ’
1402 2832 1488 2863 αὐτὰς
1518 2832 1547 2858 ἐν
1576 2831 1632 2861 τοῖς
1655 2830 1758 2864 ὁμοίοις

974 2878 1108 2913 ἀνομοίως
1120 2878 1213 2911 ἕξουσι
1230 2879 1277 2913 τὴν
1295 2880 1477 2913 κατίγνωαιν,
1494 2877 1572 2905 Οὖτω
1589 2877 1618 2903 τὸ
1631 2877 1758 2903 ἀσύνετον
