1863 3057
194 136 245 168 2τι1

725 134 916 166 GENNADII
945 132 999 164 (ΣΡ.
1023 133 1120 165 ΡΛῚἮ
1129 137 1279 167 lARCIl/‘E

1831 128 1858 147 ρ.

229 194 334 228 Agebat
366 193 580 220 Protcstaotium
606 199 718 220 causam
744 192 784 219 vir
800 191 931 221 disertus,
950 193 975 216 et
991 187 1014 216 Α
1028 191 1222 235 “nodationis,
1235 201 1328 220 vocem
1345 192 1483 227 exprimit.
1495 199 1555 226 quze
1569 191 1594 217 in
1608 187 1857 221 metaphorica

194 239 288 266 multis
302 244 406 265 natura:
424 239 560 273 praesidiis
575 238 608 265 ad
620 238 744 265 suat-iter
761 237 899 272 politeque
914 236 985 262 scri-

194 286 310 313 bendum
337 285 539 320 paratissimus.
556 283 603 312 sed
626 284 760 312 doctrinm
784 282 942 312 mediocris,
958 285 985 308 et

193 332 220 358 itt
237 332 401 366 antiquitate
416 331 617 363 ecclesiastica,
637 331 757 358 maxime
782 336 848 356 vero
869 329 895 355 in
911 327 985 354 Grie-

193 378 242 404 cize
261 377 385 404 barbam
412 377 516 411 litteris
528 377 689 411 peregrinus
705 383 787 410 supra
810 381 891 409 quam
909 372 984 401 credi

193 429 293 458 potest.
307 423 461 451 Accedebat
484 423 625 458 negantis,
651 430 711 457 qua:
733 422 792 449 luce
816 421 901 455 magis
926 427 987 454 pt'r-

196 470 293 504 spicua
312 470 412 502 forent,
428 474 579 504 sancteque
598 469 633 496 de
659 468 741 495 rebus
758 472 806 494 aut
826 466 985 494 falsissitnis

194 520 242 543 aut
258 516 429 543 ioanissimis
446 515 607 542 aflirmantis
620 514 710 541 audax
724 514 846 548 quidem,
866 512 912 540 sed
928 519 986 538 mo—

194 561 271 587 desta
292 566 319 588 et
339 561 444 595 placida
462 559 630 594 impudentia
642 579 650 590 ,
666 566 726 593 quae
748 559 885 585 hominem
902 564 987 591 popu—

196 606 281 632 larem
308 607 395 640 magis
412 606 484 633 inter
503 613 568 632 suos
601 604 813 635 commendavit,
837 611 918 637 quant
938 602 987 628 do-

193 653 294 683 etrina,
322 651 490 686 eloquentia,
516 652 642 679 sincerus
668 650 778 677 animus
802 649 928 676 meliores
953 655 986 675 ex

194 700 289 725 eadem
307 702 381 725 secta
398 698 550 732 theologos.
571 697 639 724 Cum
656 705 723 723 vero
740 697 784 722 ille
804 696 895 730 spisso
909 694 986 721 vobi-

195 744 267 770 tttine
286 748 371 770 totum
397 743 569 770 Albcrtinum
598 743 772 777 explicuisset
789 762 795 772 ,
816 746 843 767 et
863 749 932 767 nova
952 740 986 767 de

195 790 321 823 prmsenli
339 789 524 816 Ecclesiarum
543 788 724 815 Orientalium
742 788 892 822 praesertim
909 787 985 813 Cra:-

196 843 290 862 carnm
309 836 360 862 fide
380 836 496 869 qumstio
513 835 710 862 institueretur
724 835 766 861 vix
791 842 804 861 a
825 834 984 861 Protestau-

197 881 270 907 tibus
285 881 414 912 delibata,
440 880 548 915 negavit
574 880 685 908 Grmcos
710 880 822 906 crcdrre
845 887 935 906 veram
959 879 985 905 in

199 927 374 954 Eucltaristia
401 927 525 961 carperis
546 926 650 954 Christi
673 927 866 961 praesentiam:
890 925 912 952 si
939 925 986 960 qui

200 973 325 999 fortassis
348 973 611 1005 ita'cxistimarent,
628 972 739 999 Graecos
765 979 780 998 a
802 971 907 998 Latinis
925 977 988 998 cor-

199 1022 294 1052 ruptos
311 1026 372 1046 esse
389 1019 527 1051 asseruit;
549 1022 632 1054 atque
649 1019 686 1045 ita
703 1026 815 1046 causam
834 1018 935 1045 vicisse
949 1017 988 1044 si—

199 1065 226 1092 bi
244 1065 318 1092 visus
338 1069 390 1092 est.
412 1065 572 1092 Provocavit
597 1065 630 1091 ad
660 1064 879 1098 patriarcharum
910 1064 987 1090 testi-

199 1112 314 1144 monia;
339 1111 487 1146 postulavit
510 1115 540 1138 ut
563 1115 624 1138 acta
649 1111 758 1146 publica
781 1111 985 1141 exhiberentur,

199 1162 229 1184 ttt
254 1158 313 1184 fidei
343 1157 531 1185 confessiones
549 1177 556 1190 ,
581 1163 610 1183 ut
641 1156 806 1192 synodorum
826 1154 986 1185 sententias,

199 1204 362 1231 existimans
393 1203 499 1231 scilicet
531 1203 588 1229 ﬁeri
612 1210 666 1229 non
695 1209 775 1236 posse
801 1206 831 1228 ttt
865 1201 922 1227 brec
953 1208 987 1228 cx

199 1249 305 1276 Cura-cia
328 1249 507 1276 haberentur.
542 1248 683 1275 Venerunt
708 1253 797 1275 tamen
825 1247 869 1274 vix
893 1247 986 1281 elapso

198 1294 310 1321 hicnuio
338 1294 521 1321 instrumenta
547 1302 561 1320 a
586 1293 757 1326 Graecorum,
771 1298 796 1319 et
822 1300 836 1319 a
854 1292 985 1328 Syrorum

199 1339 405 1370 Melchitarutu,
423 1339 611 1366 Jacobitarum
639 1345 666 1366 et
687 1339 912 1367 Nestorianorutn
937 1339 987 1366 Ec-

200 1386 301 1418 clcsiis,
325 1391 351 1412 et
367 1391 428 1420 post
441 1393 527 1412 annos
546 1387 614 1412 duos
634 1389 661 1412 et
678 1386 806 1420 deinceps
829 1391 881 1412 tam
904 1386 985 1412 multa

200 1433 252 1459 alia
269 1440 282 1459 a
301 1432 337 1460 cl.
355 1433 414 1458 viro
437 1431 537 1459 Carolo
561 1431 708 1459 Francisco
734 1431 825 1459 Olerio
849 1431 986 1459 Nointelio

199 1479 272 1513 regis
287 1478 319 1504 ad
338 1477 548 1505 Othotnanicam
570 1478 660 1505 aulam
677 1478 776 1512 legato,
793 1483 822 1504 ut
838 1478 894 1513 jam
914 1478 986 1505 desi-

199 1525 289 1552 derari
308 1525 374 1552 nihil
394 1529 487 1559 posset
506 1525 547 1551 vel
570 1525 602 1551 ad
623 1525 764 1552 veritatem
782 1524 984 1556 stabiliendam,

200 1572 242 1597 vol
254 1573 285 1597 ad
301 1571 438 1598 hominem
451 1576 585 1606 perpetuo
598 1571 710 1598 silentio
722 1571 917 1599 damnandutu.
930 1572 983 1599 Sed

200 1617 246 1652 qui
263 1617 435 1645 vorecundiaa
460 1618 526 1645 lines
544 1618 628 1645 semel
656 1618 833 1649 transilierat,
855 1626 917 1645 cum
935 1626 984 1645 na-

201 1664 271 1690 viter
287 1664 432 1697 oportebat
447 1671 509 1692 esse
522 1665 717 1697 impudentem.
734 1664 771 1692 lta
789 1665 835 1700 qui
853 1664 880 1691 in
896 1665 986 1700 priva-

202 1711 237 1736 tis
249 1710 360 1744 jtnliciis
376 1715 430 1737 tam
447 1714 522 1737 certa
540 1715 664 1738 actorum
687 1710 739 1737 fide
759 1710 904 1738 calumnia:
921 1719 986 1738 con-

202 1757 290 1783 \‘it'ttts
308 1756 445 1784 infamiam
462 1756 573 1783 tulisset
587 1777 594 1787 .
612 1756 764 1784 cavillando
780 1757 899 1784 obtinuit
914 1758 985 1792 apud

202 1812 266 1830 suos
283 1808 309 1830 ut
328 1804 379 1830 sibi
397 1803 429 1831 de
447 1804 627 1831 Orientalium
649 1804 772 1830 doctrina
795 1809 890 1831 contra
911 1809 986 1831 acto-

201 1858 261 1878 rum
282 1850 360 1877 tidettt
379 1850 547 1878 crederetur.
566 1849 659 1884 Neque
683 1854 743 1877 acta
765 1851 853 1877 solum
878 1856 904 1877 et
926 1859 987 1878 sett-

203 1898 293 1924 tentia:
312 1896 467 1931 syuotlales,
485 1897 530 1923 scd
546 1900 573 1923 ct
584 1895 646 1923 libri
659 1896 741 1924 etiam
759 1896 855 1931 integri
868 1905 900 1923 ex
913 1897 987 1924 Gne-

203 1943 244 1969 (εἰει
266 1942 342 1970 missi
371 1946 445 1973 sunt,
474 1941 576 1976 quibus
604 1945 663 1968 acta
688 1941 933 1973 confirmarentur;
961 1948 987 1969 et

205 1998 273 2017 sane
287 1990 385 2016 multos
402 1988 434 2015 ad
449 1989 584 2015 saniorem
611 1992 728 2015 mentem
745 1993 896 2020 revocatos,
913 1994 940 2016 et
954 1989 987 2015 ad

205 2037 366 2063 catholicam
395 2035 506 2067 Matrem
532 2043 676 2067 reversos,
707 2043 800 2061 eorum
828 2037 989 2063 auctoritate

205 2092 257 2110 non
281 2084 340 2110 sine
356 2082 450 2109 laetitia
468 2082 573 2116 experti
592 2090 700 2109 sumus.
721 2081 860 2117 Ejusmodi
879 2082 989 2109 fut-runt

206 2131 341 2164 Confessio
358 2129 503 2156 orthodoxa
519 2128 644 2155 Ecclesia:
657 2129 812 2161 Orientalis,
830 2129 896 2163 ipsis
909 2128 989 2156 Bata-

206 2186 301 2205 vorum
318 2177 389 2212 typis
405 2177 476 2203 edita
495 2176 520 2202 itt
536 2176 651 2209 gratiam
670 2176 849 2211 Panagiottis,
866 2177 988 2210 primarii

207 2223 367 2257 interpretis
382 2221 453 2256 apud
468 2221 619 2248 Turcarum
641 2221 850 2255 imperatorem;
867 2221 989 2255 Synodus

205 2268 430 2299 Both/clientium,
451 2272 477 2293 et
490 2267 589 2293 Meletii
607 2266 693 2301 Syrigi
713 2266 783 2300 Opus
800 2266 922 2293 adversus
941 2267 990 2302 Cy-

206 2317 260 2343 rilli
274 2315 383 2342 Lucoris
399 2314 497 2348 falsam
515 2314 577 2348 [irlci
588 2314 785 2346 expositionem,
804 2320 884 2346 quam
900 2318 992 2341 tanto-

208 2371 271 2397 pt-re
296 2364 491 2388 exosculantur
514 2360 592 2387 tttttlti
618 2358 817 2390 Pt'otcstantcs,
841 2359 993 2387 rechamu-

207 2410 280 2435 tihus
299 2408 368 2442 apttd
385 2415 432 2435 eos
449 2406 626 2434 deetissimis.

244 2455 315 2480 loter
338 2453 388 2480 alia
402 2461 462 2487 Qllil’.
474 2453 607 2479 adversus
624 2450 774 2478 inauditam
789 2450 902 2480 Lucaris
917 2453 994 2480 theo-

209 2500 306 2535 logiam
329 2499 483 2526 testimonia
506 2497 670 2531 produxerat
687 2497 811 2532 Syrigus,
830 2500 993 2527 occurrebat

210 2547 344 2574 sententia
367 2544 512 2574 Gennadii.
530 2544 586 2578 qui,
610 2543 696 2577 inquit
716 2544 769 2575 ille,
790 2545 898 2579 ﬂorebat
923 2547 994 2573 circa

211 2601 310 2619 mtuum
331 2592 411 2620 H55.
429 2590 530 2624 primus
546 2595 604 2623 post
615 2595 722 2624 captant
743 2590 834 2616 urbem
855 2592 994 2617 renuntia-

212 2646 252 2666 tus
273 2637 437 2673 patriarcha.
453 2636 500 2663 Illo
521 2644 587 2663 sane
609 2635 768 2664 testimonio
785 2637 827 2663 vix
844 2637 992 2671 quidquam

210 2686 238 2715 in
251 2687 403 2712 litterarum
422 2682 606 2710 monumentis
621 2682 781 2717 expressius
793 2683 924 2710 occurrit.
938 2683 994 2709 Nec

211 2732 282 2760 (nitu
308 2730 373 2757 solm
393 2729 533 2756 Sententiae
557 2729 690 2756 Gennadii
708 2729 913 2756 Catholicorutn
934 2737 997 2755 sett-

213 2776 319 2807 tentiis,
340 2775 388 2802 sed
415 2775 498 2803 verba
521 2776 603 2802 ctiam
627 2776 717 2802 verbis
733 2775 910 2806 conveniunt,
932 2775 995 2802 dum

214 2821 471 2849 transtnutatiouent
489 2822 684 2849 elementorum
705 2821 732 2847 in
761 2829 861 2855 corpus
887 2824 914 2848 ct
936 2829 998 2848 san-

215 2866 324 2901 guinem
345 2866 446 2894 Christi
474 2874 521 2901 per
538 2866 755 2902 μετουπιώπως,
792 2865 848 2894 sive
877 2867 997 2893 transtib-

1037 240 1267 274 significationem
1293 240 1363 267 trahi
1382 247 1429 275 per
1449 237 1650 266 calutuniosus
1686 235 1856 266 inlerprct

1038 286 1126 313 tiones
1143 293 1196 312 non
1211 291 1308 321 potest.
1327 286 1355 313 Si
1372 286 1437 320 qttid
1454 284 1578 312 fortassis
1595 290 1636 309 ex
1664 277 1858 307 bibliotbec

1037 332 1064 358 in
1082 333 1170 359 lucem
1185 333 1287 364 editur,
1301 332 1374 367 quod
1392 331 1524 359 doctrina:
1537 327 1715 356 catholica-
1736 324 1858 352 videnti

1037 379 1218 410 contrarium,
1233 379 1287 406 duo
1298 386 1312 406 a
1332 378 1469 413 theologis
1485 375 1608 411 pratstari
1626 373 1755 400 solent
1774 379 1784 397 :
1796 377 1858 396 scrt

1039 430 1131 453 tantur
1154 433 1250 459 nempe
1265 425 1386 457 codices,
1404 429 1433 451 ut
1456 424 1573 458 pritnutn
1593 421 1629 448 de
1649 419 1754 447 illius
1773 417 1830 451 qui
1854 416 1858 442 i

1037 472 1225 499 testimoniunt
1252 472 1410 503 adducitur,
1430 470 1594 498 auctoritate
1619 469 1788 496 constet,
1816 468 1858 488 tut

1037 518 1162 544 doctrina
1180 517 1341 551 explicatur,
1365 524 1452 551 neque
1469 516 1490 543 si
1511 523 1526 542 a
1547 513 1663 547 vulgari
1693 512 1731 537 in
1748 517 1814 543 qua
1835 508 1858 533 vi

1037 565 1127 590 vimus
1148 564 1277 598 opinione
1293 563 1419 590 recedere
1432 563 1569 594 videatur,
1581 559 1691 587 statim
1721 560 1858 584 censotu

1037 610 1218 642 explodenda.
1232 610 1283 642 Qui
1298 610 1376 636 aliter
1393 608 1494 639 fecere,
1513 612 1541 634 ttt
1557 607 1622 633 olim
1640 610 1796 632 avorum
1817 609 1858 627 me

1039 655 1123 682 moria
1145 655 1244 683 l’ctrus
1268 655 1425 687 .‘llolinzeus,
1447 654 1493 688 qui
1520 658 1713 687 quotcunque
1745 648 1858 674 Patron

1038 702 1151 735 seripta,
1175 702 1197 728 si
1218 710 1274 729 stne
1300 707 1383 729 sectae
1408 700 1515 735 placitis
1535 699 1809 725 adversarentur,
1845 702 1858 717 ιι

1038 749 1130 782 spuria
1148 748 1298 781 rejiciebat,
1320 748 1337 774 ii
1364 747 1585 774 doctissimorum
1613 744 1701 770 inter
1730 748 1810 767 suos
1830 740 1855 764 vi

1039 801 1131 819 rerum
1148 801 1291 820 censuram
1311 792 1414 827 experti
1430 797 1505 820 sunt.
1522 791 1556 818 At.
1579 796 1676 816 novus
1700 787 1758 813 illo
1784 784 1855 811 thro

1039 841 1116 875 logos
1133 848 1221 874 neque
1245 840 1472 867 bibliothecarum
1491 837 1593 864 forulos
1613 839 1786 863 si-rutatus
1810 835 1852 857 est

1041 894 1128 921 neque
1146 887 1262 914 criticen
1284 886 1365 913 ullam
1381 885 1513 915 adhibuit,
1531 883 1578 910 sed
1594 887 1685 908 totam
1707 878 1858 906 Grmciatu

1039 938 1171 964 veterem,
1184 940 1295 964 novam,
1308 935 1334 959 et
1346 937 1515 966 qurecunque
1537 928 1644 955 tandem
1661 927 1778 952 futura
1796 923 1858 953 crit,

1040 987 1094 1007 uno
1109 980 1160 1007 sibi
1184 979 1258 1006 visus
1272 982 1315 1005 est
1340 980 1502 1012 argumento
1520 973 1731 1009 prostravisse.
1755 969 1858 996 Aiebat

1038 1026 1144 1053 scilicet
1168 1033 1197 1052 se
1223 1025 1354 1058 probasse
1380 1027 1514 1058 quantum
1543 1021 1611 1048 satis
1632 1023 1712 1050 erat,
1743 1015 1858 1044 Grmcis

1037 1072 1212 1107 prtnsentiam
1225 1071 1335 1101 realem.
1348 1070 1434 1097 ntttlto
1451 1069 1541 1096 mintts
1553 1062 1857 1095 transubstantiatio-

1039 1127 1100 1145 nem
1120 1118 1230 1145 venisse
1250 1123 1384 1150 nusquam
1408 1115 1435 1141 in
1454 1118 1584 1143 trientem,
1600 1117 1707 1138 onmes
1737 1109 1779 1135 ab
1799 1107 1854 1133 ini-

1038 1165 1075 1192 tio
1100 1164 1279 1191 sehismatutn
1297 1169 1356 1188 eam
1376 1161 1456 1188 ﬁdem
1478 1158 1627 1188 habuisse,
1645 1164 1716 1191 quas
1746 1152 1850 1189 Cyrilli

1031 1209 1153 1236 Lucaris
1172 1208 1354 1236 Confessione
1369 1206 1577 1234 contineretur:
1595 1203 1641 1238 qui
1658 1209 1736 1236 ergo
1764 1199 1853 1226 aliter

1037 1255 1182 1284 sentirent,
1196 1261 1244 1280 eos
1255 1253 1459 1287 Λατινόφρονας
1472 1257 1544 1281 esse,
1561 1256 1614 1276 non
1636 1247 1762 1275 Graecos
1781 1244 1849 1278 legi-

1037 1301 1128 1331 timos,
1146 1300 1192 1326 sed
1206 1299 1285 1326 avitas
1298 1298 1371 1334 ﬁdei.
1385 1302 1584 1330 sacrorumque
1596 1293 1762 1328 patriorum
1782 1297 1850 1324 pro-

1036 1346 1153 1376 ditores,
1172 1353 1290 1381 quorum
1309 1344 1380 1371 nulla
1402 1346 1476 1370 esset
1499 1342 1526 1368 in
1552 1339 1689 1374 ejusmodi
1721 1342 1846 1366 contro-

1036 1393 1135 1419 versiis
1154 1391 1316 1418 auctoritas.
1335 1389 1391 1417 Hoc
1411 1388 1587 1415 fundamento
1610 1385 1736 1413 subnixa
1766 1381 1845 1410 stetit

1036 1446 1086 1473 per
1114 1445 1202 1465 annos
1219 1437 1319 1464 multos
1349 1440 1404 1462 tota
1423 1433 1636 1461 Claudiauarum
1656 1429 1841 1465 argutiarum

1038 1485 1176 1512 machina.
1193 1483 1270 1510 Mitto
1292 1482 1346 1509 alia
1367 1480 1660 1518 cjusxttodipquorum
1684 1477 1732 1504 vel
1763 1476 1841 1510 ipsos

1001 1527 1025 1559 C
1041 1530 1227 1558 Protestantes
1245 1529 1355 1563 pudeat,
1374 1532 1401 1554 Ill
1421 1527 1523 1554 mullos
1542 1533 1608 1552 sane
1637 1523 1734 1550 audivi
1765 1522 1841 1548 viros

1036 1577 1123 1604 bonos
1137 1576 1182 1610 qui
1198 1574 1343 1603 Claudium
1356 1573 1446 1601 valere
1461 1572 1601 1607 juberent,
1618 1570 1689 1604 quod
1704 1575 1838 1597 comnm-

1035 1631 1098 1650 nem
1116 1630 1228 1650 causam
1254 1621 1280 1648 in
1307 1620 1375 1648 tales
1399 1619 1540 1651 angustias
1562 1617 1736 1646 deduxisset.
1762 1614 1838 1642 unde

1037 1668 1132 1704 pedem
1146 1667 1249 1695 referre
1262 1674 1316 1694 non
1332 1665 1441 1693 licebat.
1453 1663 1547 1698 Neque
1559 1663 1642 1694 enim,
1655 1661 1836 1696 inquiebant,

1036 1719 1134 1743 nostra
1162 1713 1245 1741 refert
1269 1712 1335 1747 quid
1365 1711 1452 1739 Graeci
1479 1714 1525 1737 aut
1548 1709 1647 1744 reliqui
1673 1707 1837 1736 Orientales

1037 1761 1161 1791 credant,
1178 1759 1242 1794 quid
1266 1759 1423 1793 vituperent
1445 1758 1472 1784 in
1497 1761 1590 1783 nostra
1613 1754 1754 1785 doetrina,
1774 1758 1834 1786 qum

1037 1814 1092 1834 non
1102 1806 1228 1833 humanis
1237 1804 1443 1839 peregrinarum
1456 1801 1636 1829 Ecclesiarum
1647 1798 1833 1828 testimoniis,

1038 1853 1084 1880 sed
1101 1852 1160 1879 solo
1175 1852 1220 1878 Dei
1238 1851 1324 1878 verbo
1341 1850 1447 1877 nititur.

1073 1898 1227 1925 Productus
1246 1899 1306 1922 erat
1326 1903 1356 1922 ex
1375 1894 1482 1922 Mcletio
1496 1893 1592 1928 Syrigo
1605 1891 1789 1922 Gennadius;
1807 1893 1832 1915 et

1039 1951 1101 1972 cum
1121 1948 1249 1976 excerpta
1275 1949 1308 1969 ex
1332 1941 1426 1968 eodem
1442 1939 1598 1966 llichardus
1623 1938 1718 1965 Simon
1737 1935 1830 1971 publi-

1039 1995 1142 2020 cassct,
1154 1989 1273 2016 Thomas
1299 1988 1385 2015 Smith
1403 1987 1545 2018 theologus
1566 1984 1732 2011 Oxoniensis
1746 1989 1843 2017 opus--

1040 2036 1101 2062 cula
1120 2035 1174 2061 duo
1197 2034 1281 2061 edidit
1296 2033 1328 2059 de
1347 2032 1502 2058 Grrecarutn
1523 2029 1707 2057 Ecclesiarutn
1735 2031 1820 2058 statu,

1040 2087 1066 2110 et
1086 2081 1261 2108 miscellanea
1278 2077 1412 2112 quoniam,
1440 2077 1467 2102 in
1493 2075 1592 2109 quihtts
1609 2074 1642 2101 de
1662 2073 1820 2101 Gra‘corum

1041 2129 1103 2159 fide,
1123 2127 1156 2153 de
1172 2125 1265 2161 Cyrilli
1282 2124 1395 2150 Lucaris
1418 2123 1598 2150 Confessione
1614 2126 1640 2148 et
1663 2121 1722 2156 ejus
1743 2122 1826 2147 histo-

1041 2174 1080 2201 ria
1098 2179 1203 2200 veteres
1219 2171 1322 2198 nzenizts
1339 2169 1502 2197 certissimis
1518 2168 1688 2203 argumentis
1703 2167 1824 2193 confuta-

1044 2225 1085 2247 tas
1102 2219 1198 2245 iterum
1215 2217 1368 2252 proposuit,
1384 2221 1467 2249 atque
1483 2215 1553 2241 inter
1566 2214 1618 2240 alia
1633 2213 1822 2239 divinationem

1044 2267 1174 2293 adversus
1199 2263 1386 2294 Geuuatlium,
1415 2262 1454 2289 vel
1481 2262 1571 2295 potius
1597 2260 1728 2287 adversus
1750 2258 1822 2284 Mele-

1044 2313 1111 2339 tium
1127 2311 1265 2347 Syrigum,
1281 2317 1360 2344 quem
1379 2308 1527 2342 supposilm
1545 2305 1687 2333 Gennadio
1707 2303 1822 2330 llomilize

1043 2359 1076 2386 de
1092 2358 1265 2385 Eueharistia
1291 2364 1369 2383 rettttt
1389 2354 1505 2389 peragit,
1531 2353 1614 2379 nttllis
1639 2351 1753 2380 indit-iis.
1777 2348 1819 2375 sed

1045 2410 1149 2432 tantum
1173 2404 1350 2438 coujecturls,
1373 2409 1434 2435 qua)
1452 2400 1550 2434 opinor
1572 2398 1658 2432 mquis
1681 2395 1820 2423 lectetibus

1045 2450 1214 2477 immissione
1244 2448 1420 2475 videbuntur.
1458 2444 1543 2471 Docet
1577 2450 1686 2477 quoque
1711 2439 1816 2468 Gabricli

1045 2496 1240 2530 Philadelphus
1262 2493 1440 2527 mctropolitm
1456 2491 1555 2518 debere
1576 2489 1684 2517 Graccus
1701 2486 1818 2514 recentio-

1045 2551 1089 2570 res
1114 2549 1206 2568 t'ocem
1224 2538 1441 2576 μετουσιώσεως,
1465 2544 1519 2572 qua
1537 2536 1570 2563 ab
1595 2535 1675 2562 annis
1693 2533 1814 2567 Octoginta

1046 2589 1084 2615 uti
1109 2587 1209 2617 solent.
1229 2594 1262 2612 ex
1279 2592 1334 2619 quo
1350 2583 1439 2611 infusa
1464 2582 1535 2616 apttd
1553 2588 1601 2608 eos
1624 2579 1741 2606 latinitas
1762 2577 1814 2606 fuit,

1046 2634 1118 2668 quod
1144 2632 1320 2660 falsissimum
1340 2637 1402 2657 esse
1422 2627 1542 2663 Epistula
1564 2625 1663 2653 Meletii
1680 2625 1755 2659 l’igaa,
1773 2629 1814 2656 pa-

1047 2679 1173 2706 triarcha:
1189 2676 1364 2704 Alexandrini
1378 2695 1385 2707 ,
1402 2682 1483 2709 quam
1519 2673 1637 2702 edimus,
1655 2671 1700 2698 fiet
1716 2668 1813 2696 manife-

1048 2731 1134 2753 stum.
1161 2722 1253 2750 Virum
1273 2729 1333 2752 sua,
1351 2726 1379 2748 ut
1399 2720 1597 2750 existimamus,
1610 2716 1705 2750 religio
1726 2713 1811 2744 fefellit.

1049 2771 1127 2806 cujus
1147 2770 1274 2796 labOraus
1292 2766 1471 2801 praeiudiciis,
1485 2761 1721 2796 Constantinopoli
1738 2758 1810 2787 indili-

1051 2822 1156 2851 gentem
1177 2814 1288 2842 omnino
1305 2821 1414 2848 operam
1441 2811 1550 2839 paravit
1566 2810 1592 2837 itt
1608 2817 1640 2836 eo
1654 2809 1724 2843 quod
1739 2813 1810 2835 susce—

1051 2868 1125 2893 ocrat
1145 2861 1252 2897 negotio
1267 2860 1438 2895 explicando,
1456 2863 1501 2886 aut
1526 2858 1641 2885 fateatur
1663 2862 1763 2883 necesse
1777 2856 1808 2879 est

1003 854 1023 881 Β
