1863 3057
45 125 90 154 2ὓῖ

805 132 890 160 YlTA
897 155 904 161 .

1619 131 1672 162 ΞΜ.

46 179 106 205 nihil
123 178 188 205 inde
213 180 351 207 retulisse
363 181 434 216 quod
456 182 488 209 ad
512 190 604 210 eausm
620 183 766 218 deploratae
781 194 836 213 sua:
851 194 870 219 Α
888 187 943 218 rit;
972 194 1032 213 nam
1061 187 1109 213 soli
1136 186 1316 213 ecclesiastici
1340 186 1557 218 subserihebaat,
1584 191 1611 212 et
1636 194 1670 213 ex

47 225 223 257 ratrocinium
251 227 414 260 pertineret.
431 227 525 255 Varios
548 229 620 255 enim
648 237 773 257 rumores
799 231 833 258 de

48 270 148 300 Lucari,
163 278 238 304 quos
259 271 390 299 Ecclrsim
401 272 714 308 Constantinopolitano:
731 276 833 303 Iahu'a-

46 317 80 342 ria
95 315 234 345 refellunt.
254 317 426 352 collectaque
441 327 472 345 ex
487 320 588 346 Atlatin
600 326 626 346 et
639 320 831 357 Caryophyllo,

47 362 65 387 si
78 369 106 387 ex
123 361 310 388 miscellanea
326 362 371 390 illo
400 371 482 397 opere
498 365 661 399 dempseris,
679 368 834 402 quicunque

49 407 151 434 Cr:eci:e
167 409 341 435 reccntioris
367 410 471 437 litteras
492 411 533 437 vel
557 411 724 445 primoribus
751 413 834 440 labris

47 452 206 487 degustavit,
226 453 300 480 nihil
326 462 436 487 novum,
456 457 523 483 nihil
547 462 623 484 trans
645 465 720 486 mare
739 465 833 486 natum

48 503 177 526 agnoscet.
198 498 295 525 Nemo
319 500 481 532 catholicus,
506 503 556 529 etsi
581 503 671 530 Allatii
686 523 692 534 ,
712 503 835 536 Arcudii,

50 543 231 578 Caryophylli,
250 550 280 571 et
303 545 420 572 aliorum
438 547 506 574 bene
527 548 560 574 de
579 547 698 575 Ecclesia
725 549 835 577 merito.

52 596 101 612 rum
125 589 296 615 memoriam
324 598 385 616 cum
409 592 542 618 charitate
567 593 784 627 complectatur.
808 595 835 621 in

52 641 135 660 eorum
151 634 239 661 verba
266 635 415 669 juramlum
440 638 491 664 sibi
511 638 669 671 arbitratur,
695 644 742 665 aut
769 640 835 666 nihil

53 680 74 704 in
89 686 181 705 eorum
199 682 318 714 srriptis
333 682 482 709 desiderat.
499 682 555 709 lino
570 684 615 718 qui
630 691 659 711 se
680 685 706 711 iu
728 685 835 712 Graecas

55 725 149 751 iillt‘ras
163 726 348 757 abdiderunt,
365 728 531 762 codicesque
546 729 622 762 ipsos
644 730 716 757 serio
734 735 836 757 tracta-

53 773 149 800 verunt,
169 770 336 798 desiderant
359 772 467 799 illorum
491 773 659 808 diligentiam
675 780 701 801 et
718 776 837 810 pruden-

55 815 121 846 tiam,
138 822 188 842 nec
212 823 280 843 raro
298 819 445 845 candorem
467 824 494 845 et
515 819 614 846 bonam
634 820 724 847 fidem.
740 820 836 848 Testes

55 866 87 887 tot
103 863 305 890 catholicorum
331 865 391 892 libri
409 866 474 892 editi
497 866 531 893 ab
558 867 638 894 annis
662 868 784 901 triginta,
810 868 836 894 in

56 906 143 939 quibus
169 909 312 936 Arcudins
339 911 448 945 vapulat
466 915 595 946 tanquam
619 919 764 947 perpetuus
784 913 836 940 Ec—

57 952 135 978 rli-siaa
149 952 257 980 Graece
273 955 473 989 calumniator;
499 958 598 985 Allatio
624 966 676 985 non
698 960 836 993 parcitur;

57 997 247 1033 tiaryopliyllus
263 1004 291 1026 et
303 1000 348 1027 alii
366 1000 608 1037 Hellenomastiges
622 1012 692 1038 saepe
709 1004 839 1032 rufi-Ilua-

58 1046 103 1068 tur.
126 1043 175 1075 Qui
202 1045 293 1077 igitur
327 1045 452 1081 Syrigum
482 1051 610 1082 tanquam
642 1049 838 1083 bnoﬁo).tpalw

58 1088 222 1122 scriptorem,
250 1090 425 1119 Gennadium
445 1098 473 1119 ut
487 1093 671 1130 Λατινόφρονα
692 1095 838 1122 traducere

58 1134 81 1160 in
93 1134 210 1162 animum
229 1137 379 1164 induxerat
392 1146 484 1172 suum,
503 1139 620 1167 debebat
633 1140 657 1168 is
674 1142 768 1175 proetil
785 1142 836 1168 du-

62 1180 98 1206 liio
112 1188 160 1207 non
176 1181 326 1216 Allatium,
343 1190 396 1209 non
411 1183 572 1218 Arcudium,
593 1193 648 1212 non
659 1185 836 1214 Passerinum

61 1227 218 1259 exscribere,
235 1229 291 1256 sed’
307 1230 417 1257 codices
428 1238 495 1258 mss.
509 1231 541 1258 ad
557 1239 627 1266 quos
646 1239 835 1266 provocamus,

63 1278 88 1297 ca
98 1272 127 1298 de
134 1272 288 1301 ‘Gennadio
301 1274 416 1307 dicturi,
432 1283 493 1310 quae
505 1277 578 1304 nulla
594 1277 723 1311 deinceps
733 1277 838 1304 ratione

66 1319 143 1345 vocari
159 1319 271 1354 possint
287 1321 315 1347 in
337 1320 463 1349 dubium.
489 1322 542 1349 Sed
566 1323 641 1357 prius
664 1323 790 1351 videntur
811 1325 838 1351 in

64 1363 166 1409 taedium
187 1365 350 1394 adducenda
369 1374 430 1402 qua:
457 1368 491 1395 ab
516 1369 676 1397 auctoribus
697 1370 838 1397 catholicis

66 1409 93 1436 de
107 1410 244 1439 Gennadio
262 1412 362 1447 scripta
377 1417 450 1444 sunt.
476 1414 578 1447 quibus
595 1421 672 1442 suam
699 1414 838 1442 Smitheus

66 1455 267 1491 disputationem
301 1463 432 1494 tanquam
464 1459 630 1487 certissimis
653 1460 839 1488 fundamentis

67 1505 246 1536 superstruxit.

95 1549 258 1584 Gennadius,
265 1552 311 1586 qui
321 1552 425 1587 primus
433 1552 608 1579 novaeRomaz
617 1552 771 1587 patriarcha
780 1557 839 1587 post

71 1594 162 1628 itnprrii
181 1596 343 1624 Graecorum
355 1598 501 1626 Orientalis
516 1598 651 1625 excidium
669 1599 839 1626 renuntiatus

70 1645 112 1673 (ει,
133 1646 193 1670 ante
219 1648 379 1677 susceptam
405 1643 563 1677 dignitatem
580 1643 688 1678 Georgii
704 1643 838 1670 Scholarii

70 1694 154 1715 nomen
186 1690 295 1717 habuit.
325 1691 364 1717 ita
397 1694 532 1718 testantur
561 1695 687 1717 auctores
713 1690 840 1717 Historiae

71 1734 369 1770 Constantinopolitanae
385 1736 454 1770 apud
473 1735 601 1763 Crusium
618 1736 645 1763 in
659 1734 840 1762 Turco-Grm-

72 1779 103 1806 cia
118 1789 124 1807 :
141 1789 150 1806 ι
167 1781 317 1817 Elcgerunt
330 1801 338 1814 ,
363 1782 461 1816 inquit,
482 1782 674 1817 philosophum
698 1781 837 1808 dominum

73 1823 212 1860 Georgium,
230 1827 321 1854 virum
338 1832 462 1854 sanctum
475 1831 502 1854 et
520 1827 735 1862 pium.judicem
753 1827 839 1862 impe-

73 1873 152 1898 ratorii
171 1873 281 1908 judicii.
298 1877 326 1900 et
340 1873 500 1900 electionem
513 1874 573 1907 ejus
596 1873 674 1907 juxta
696 1876 841 1899 consuetu-

76 1917 149 1945 dinem
174 1920 420 1947 acclamationibus
442 1920 665 1954 comprobantes.
689 1920 841 1946 constitue-

78 1968 130 1990 runt
156 1965 352 1999 patriarcliam,
378 1965 546 1999 appellantes
573 1971 634 1991 eum
658 1963 839 1990 Gennadium.

78 2007 150 2043 "unc,
162 2017 189 2040 ut
200 2013 298 2040 scribit
310 2012 443 2043 Malaxus,
457 2011 577 2038 Joannes
585 2010 764 2046 Palaeologus,
778 2017 839 2037 cum

77 2054 97 2081 in
110 2055 246 2084 Franciam
265 2065 312 2085 seu
330 2056 675 2091 ltaliamproﬁcisceretur,
688 2056 734 2082 ubi
753 2055 842 2082 habita

77 2105 109 2126 est
122 2107 209 2129 octava
227 2102 360 2137 synodus,
379 2109 470 2128 secum
492 2101 570 2127 (luxit
586 2105 712 2135 tanquam
736 2101 844 2134 sapien-

79 2147 206 2177 tissimum.
235 2159 245 2174 ι
271 2149 298 2176 1η
324 2149 398 2175 Actis
421 2148 523 2175 Grmcis
551 2147 714 2174 Florentium
735 2147 841 2181 synodi,

889 231 967 258 laicis
994 237 1092 265 prmtcr
1120 232 1309 265 imperatorem
1329 235 1424 258 'ncmo.
1446 231 1581 258 Reversus
1601 231 1672 257 Con-

887 277 1093 310 stantinopolim
1116 275 1271 303 Gennadius
1287 284 1359 302 anno
1386 275 1463 305 1459.
1478 281 1535 310 post
1562 276 1672 302 absolu-

887 323 940 345 tam
960 320 1104 354 synodum.
1124 320 1150 346 iu
1169 327 1264 353 magna
1283 320 1353 354 apud
1369 319 1500 347 Joannem
1520 321 1668 354 imperato—

886 373 943 392 rem
960 366 1224 399 Constantinumque
1242 365 1349 391 fratrem
1370 371 1394 392 et
1409 372 1597 392 successorem
1627 365 1670 391 diu

887 411 990 444 gnitate
1015 411 1092 441 vixit,
1111 419 1198 444 usque
1214 411 1245 436 ad
1263 418 1364 437 annum
1392 411 1472 442 “'35,
1488 410 1534 445 qui
1556 411 1670 445 imperio

888 457 1043 484 Gra‘corum
1079 456 1385 491 Constantinopolitano
1423 464 1569 490 supremus
1607 457 1668 484 fuit.

886 503 954 535 Quid
969 511 1031 529 vero
1044 502 1109 530 totis
1123 503 1166 530 his
1178 503 1257 529 annis
1273 503 1402 529 tredecim
1417 502 1557 530 Gennadio
1569 501 1670 529 factum

886 549 931 579 sit,
957 548 1087 574 divinavit
1111 549 1236 575 Allatius.
1258 547 1354 582 Neque
1379 547 1452 574 enim
1475 555 1489 574 a
1506 547 1600 574 Grmco
1615 547 1670 573 ullo

887 598 997 620 auctore
1016 593 1111 620 didicit
1123 601 1183 620 eum
1199 594 1339 620 catholica:
1362 593 1434 625 fidei,
1453 600 1533 626 quam
1557 593 1672 619 Floren-

888 641 932 665 tiae
951 631 1019 666 cum.
1036 639 1096 676 aliis
1119 639 1222 666 Graa'is
1248 640 1387 673 professus
1407 638 1505 669 fuerat,
1521 638 1671 665 observan-

888 685 1034 717 tissimum,
1059 684 1262 710 schismasticos
1294 691 1360 710 voce
1391 688 1418 710 et
1431 683 1541 717 scriptis
1572 682 1672 709 confir~

888 737 995 760 utesse,
1015 730 1164 764 praesertim
1188 737 1250 756 vero
1267 729 1387 756 Marcum
1410 729 1555 762 Ephesium
1582 729 1670 754 schis-

887 776 967 803 matis
988 776 1209 809 antesignanum,
1232 774 1382 809 Latinoque
1396 774 1498 801 nomini
1513 773 1669 800 infcnsissi-

889 830 973 849 mum.
986 821 1053 855 Quia
1076 826 1164 848 tamen
1182 829 1213 848 ex
1231 822 1314 848 variis
1337 821 1404 847 actis
1421 825 1448 847 et
1471 820 1668 852 monumentis,

854 861 874 888 Β
888 875 1002 902 quorum
1019 875 1105 902 pauca
1125 867 1199 894 edita
1218 872 1292 897 sunt.
1312 867 1414 902 reliqua
1430 871 1574 894 servantur
1588 866 1615 892 in
1630 865 1671 891 bi-

891 913 1052 946 bliothecis,
1073 913 1233 948 intelligitur
1259 913 1353 940 eodem
1380 918 1503 947 tempore
1524 911 1669 946 quemdam

890 958 1035 992 Gecrgium
1047 959 1218 986 Scholarium
1235 958 1326 985 Marco
1341 958 1458 992 Ephesio
1472 965 1576 984 summa
1593 957 1670 984 fami-

892 1004 1007 1031 liaritate
1018 1004 1204 1038 coniunctum,
1223 1004 1305 1031 nmlta
1320 1003 1450 1031 adversus
1478 1003 1588 1030 Latinos
1603 1004 1670 1031 scri-

892 1051 988 1084 psisse,
1001 1050 1146 1079 Matthazus
1162 1050 1369 1085 Caryophyllns,
1385 1055 1481 1077 etcum
1494 1054 1605 1077 set-ntus
1613 1049 1669 1076 Leo

890 1096 1018 1129 Allatius,
1031 1095 1100 1123 duos
1107 1095 1275 1127 Gennadios,
1287 1096 1356 1122 duos
1368 1095 1499 1130 Georgios
1511 1095 1670 1122 Scholarios

891 1141 1062 1172 emnxernnt,
1079 1139 1153 1167 illum
1173 1140 1218 1175 qui
1234 1140 1351 1168 concilio
1365 1139 1520 1166 Florentino
1534 1138 1668 1171 interfuit,

891 1187 1074 1219 catholicum;
1090 1186 1204 1213 alterum
1224 1186 1412 1213 schimaliemn
1433 1193 1495 1213 esse
1519 1185 1667 1219 jusserunt.

891 1232 940 1260 ilic
960 1232 1110 1259 monachus
1131 1231 1230 1264 factus,
1247 1231 1378 1258 Gennadii
1395 1238 1492 1258 nomen
1507 1230 1587 1258 simul
1607 1238 1667 1256 eum

892 1278 984 1305 habitu
1011 1277 1148 1312 religionis
1172 1277 1291 1311 accepit;
1307 1276 1353 1304 ille
1373 1284 1403 1304 ex
1423 1276 1492 1303 laico
1516 1277 1603 1302 factus
1625 1283 1671 1308 pa—

892 1323 1010 1351 triarcha
1038 1327 1099 1357 post
1126 1328 1232 1358 captam
1261 1323 1367 1356 urbem,
1387 1322 1544 1350 Gennadius
1563 1330 1691 1356 quoque-

892 1377 962 1398 novo
978 1370 1088 1398 nomine
1104 1370 1256 1405 appellatus
1272 1369 1333 1401 fuit,
1351 1369 1395 1404 qui
1412 1373 1475 1404 post
1489 1377 1576 1396 annos
1593 1371 1671 1404 quin-

891 1423 953 1450 que,
968 1415 1098 1450 depositis
1115 1415 1208 1442 inl'ulis
1223 1415 1464 1450 patriarchalibus,
1489 1415 1515 1441 in
1534 1420 1671 1441 monaste-

891 1463 962 1490 rium
987 1470 1016 1490 se
1041 1462 1152 1496 recepit,
1168 1466 1250 1497 atque
1277 1469 1348 1489 anno
1377 1462 1490 1489 circiter
1514 1461 1582 1488 “60
1599 1461 1669 1488 diem

892 1516 971 1536 suum
986 1508 1065 1535 obiit.
1077 1508 1135 1535 lmo
1149 1507 1230 1534 alium
1240 1507 1384 1542 quemdam
1397 1506 1542 1541 Georgium
1558 1506 1670 1534 Schola-

893 1554 960 1580 rium
973 1553 1123 1581 Cortesium
1137 1554 1275 1581 exstitisse
1286 1553 1443 1588 suspicatur
1453 1553 1578 1584 Allatius,
1591 1560 1669 1586 quem

891 1605 1026 1626 auctorem
1053 1599 1189 1627 existimat
1213 1600 1383 1626 diversorum
1409 1600 1539 1626 advrrsus
1560 1598 1671 1626 Latinos

890 1653 1019 1679 operum;
1039 1649 1119 1679 atque
1155 1645 1190 1672 ita
1208 1648 1273 1675 tres.
1291 1644 1422 1678 Gcorgios
1454 1644 1609 1671 Scholarios
1644 1649 1672 1672 et

891 1691 1045 1719 Gennadios
1062 1695 1198 1723 recenset,
1215 1691 1273 1721 sed.
1295 1696 1323 1718 ut
1340 1691 1412 1719 infra
1429 1692 1576 1724 videbitur,
1595 1692 1673 1726 plane

890 1735 1046 1764 infeliciter.
1075 1736 1150 1764 lianc
1174 1741 1264 1764 tamen
1292 1737 1351 1771 ejus
1376 1737 1562 1771 conjecturam
1586 1737 1672 1765 secuti

890 1787 953 1810 sunt
970 1790 1064 1809 omnes
1086 1783 1172 1810 ferme
1200 1782 1340 1817 theologi,
1365 1783 1450 1809 donec
1476 1783 1508 1809 ll.
1524 1782 1618 1809 Simon
1631 1782 1673 1808 vir

891 1828 1065 1855 dortissimus
1079 1828 1172 1855 docuit
1191 1827 1352 1854 certissimis
1373 1828 1542 1861 argumentis
1556 1827 1671 1854 'unicum

891 1873 976 1901 fuisse
988 1873 1168 1900 Genuadium.
1183 1871 1250 1906 Quia
1267 1876 1356 1899 tamen
1374 1872 1431 1899 haec
1451 1871 1528 1906 quasi
1550 1872 1576 1898 in
1600 1879 1672 1906 mp-

893 1921 967 1955 έργῳ
983 1919 1018 1947 ab
1035 1927 1067 1946 eo
1087 1919 1188 1954 scripta
1202 1923 1276 1950 sunt,
1298 1926 1358 1945 cum
1373 1917 1493 1945 brevitas
1508 1917 1598 1953 operis
1618 1925 1670 1944 non

893 1969 1030 1999 pateretur
1050 1969 1079 1991 ut
1098 1969 1182 1992 totam
1198 1972 1229 1991 ex
1246 1964 1367 1999 antiquis
1400 1964 1584 1991 monumentis
1598 1970 1673 1998 quic-

893 2011 1010 2038 slionem
1039 2010 1206 2045 explicaret,
1224 2014 1345 2044 superest
1367 2014 1396 2036 ut
1422 2013 1553 2041 quantutn
1582 2009 1673 2036 licebit

894 2057 985 2091 paucis
1006 2064 1064 2084 eam
1079 2055 1263 2090 expediamus.

930 2101 1084 2129 Gennadius
1110 2109 1176 2128 sane
1204 2101 1249 2135 qui
1269 2100 1376 2136 Georgii
1404 2099 1539 2128 Schnlarii
1568 2107 1667 2126 nomen

896 2149 1000 2181 habuit,
1031 2148 1117 2183 patria
1152 2151 1181 2174 ttt
1210 2147 1318 2173 videtur
1345 2146 1673 2180 Constantinopolitanus,

80 2199 135 2220 sess.
151 2193 192 2227 25,
217 2194 326 2228 Georgii
341 2193 475 2220 Scholarii
501 2193 581 2219 verba
602 2193 635 2219 ad
652 2193 841 2227 imperatorem
860 2209 881 2236 ι)
896 2193 1031 2224 docttina,
1057 2193 1211 2226 eloquentia
1239 2195 1265 2218 et
1279 2191 1350 2226 juris
1377 2191 1471 2225 peliiia
1502 2198 1624 2224 magnam
1641 2191 1674 2216 ab

79 2238 226 2271 referuntur,
244 2247 258 2265 a
273 2245 328 2274 quo
340 2243 450 2273 rogatus
464 2239 626 2265 sententiam
643 2237 676 2264 (le
697 2238 842 2264 sancienda

81 2289 129 2310 eum
147 2284 250 2313 Latinis
270 2285 437 2317 concordia,
460 2283 601 2318 respondit
626 2291 656 2310 se
681 2283 736 2318 jam
763 2283 844 2310 editis

82 2331 230 2359 orationibus
251 2331 413 2365 exposuisse
429 2332 496 2364 'quze
512 2329 564 2357 sibi
589 2336 665 2356 meus
688 2333 772 2359 esset,
789 2335 845 2354 ama

83 2374 146 2406 plecti
161 2375 286 2404 Romana:
297 2376 425 2403 Ecclesia:
439 2375 591 2402 doctrinam
606 2375 638 2400 de
656 2373 788 2408 capitibus
802 2373 844 2398 in.

84 2424 115 2445 icr
135 2428 271 2457 utramque
298 2422 448 2449 Ecclesiam
474 2420 671 2452 controversis,
697 2427 757 2453 qua?
782 2426 844 2445 mox

83 2467 184 2497 synodali
197 2468 356 2496 deﬁnitione
373 2468 508 2502 explicata
529 2470 603 2493 sunt.
620 2466 719 2492 Earum
736 2472 845 2499 quoque

84 2513 213 2542 orationum
235 2514 337 2541 mentio
363 2514 392 2541 fit
417 2513 444 2540 in
463 2512 595 2548 Apologia
612 2511 720 2546 Joscphi
742 2511 845 2538 Metho—

85 2561 174 2592 uensis;
191 2566 217 2588 et
234 2568 332 2595 magna
349 2559 420 2587 inter
434 2559 558 2587 eruditos
573 2558 688 2593 qua‘stio
709 2562 761 2588 est.
779 2565 842 2584 num

86 2602 110 2629 de
122 2604 148 2632 iis
160 2613 224 2642 quas
238 2607 371 2633 habemus
382 2605 476 2633 Graece
492 2608 519 2632 et
530 2603 625 2631 Latine
638 2603 665 2629 in
682 2602 843 2629 Bibliolhera

87 2646 184 2684 Patrum,
198 2657 225 2680 et
241 2653 269 2679 in
286 2651 465 2679 conciliorum
482 2648 699 2678 Collectionibus
712 2669 719 2680 ,
744 2647 845 2675 intelli-

87 2696 152 2726 SP-Itda
173 2699 226 2725 sint
245 2697 403 2725 Grzecorum
429 2696 560 2724 Actorum
576 2695 666 2721 verba.
695 2694 759 2721 Erat
779 2697 845 2720 tunc

87 2739 192 2779 Georgius
205 2744 367 2772 Scholarius
384 2744 457 2770 inter
472 2743 569 2775 laicos,
580 2740 719 2776 judexque
740 2740 842 2774 prima-

92 2786 133 2815 rius
143 2790 201 2818 aula‘
229 2791 431 2825 imperatoriae;
453 2793 534 2824 atque
560 2788 628 2814 adeo
648 2786 713 2814 nihil
732 2786 841 2816 mirum,

89 2837 142 2866 (ΠΜ
153 2837 176 2865 in
192 2838 351 2866 definitione
369 2837 497 2872 synodica
516 2833 662 2863 scribendo
678 2841 729 2860 non
747 2832 841 2858 adluc-

897 2239 1104 2265 incuntemtale
1129 2237 1226 2263 famam
1259 2237 1328 2270 apud
1357 2244 1420 2263 suos
1447 2241 1620 2265 consecutus.
1647 2236 1672 2262 in

899 2284 967 2310 aula)
983 2282 1162 2316 imperatoria:
1178 2281 1330 2308 ministerio
1348 2280 1409 2309 fuit,
1437 2284 1579 2314 antequam
1595 2279 1662 2306 Joau

897 2337 944 2356 nes
958 2328 1124 2362 Palaeologus
1158 2327 1184 2354 in
1208 2327 1311 2353 italiam
1343 2325 1572 2360 proficisceretur.
1599 2324 1675 2351 Tum:

896 2383 959 2403 vero
979 2374 1080 2409 judicis
1110 2373 1231 2408 primarii
1261 2379 1360 2398 munus
1393 2370 1676 2405 SllSlillCilal,Kptt‘h;

894 2423 946 2453 τῆς
974 2419 1120 2454 βασιλικῆς
1137 2418 1266 2453 κρίσεως,
1298 2421 1327 2443 ιιι
1352 2424 1405 2442 non
1437 2417 1523 2442 solum
1554 2414 1675 2441 Historia

895 2466 1004 2502 politica
1030 2469 1058 2492 et
1082 2463 1265 2491 ecclesiastica
1289 2461 1358 2496 apud
1377 2461 1515 2492 Crusium,
1530 2460 1576 2487 scd
1608 2460 1675 2486 varii
1710 2465 1715 2472 ‘

895 2514 976 2542 etiam
1000 2512 1195 2547 opusculorum
1225 2509 1296 2536 tituli
1326 2512 1472 2534 testantur.
1499 2507 1675 2541 Nt-gotiorum

896 2558 954 2590 ipse
966 2557 1117 2585 molestiam
1128 2556 1305 2589 conqueritur
1317 2554 1349 2580 ad
1368 2553 1537 2586 Phiielphutn
1554 2552 1676 2579 scribens

897 2602 938 2628 Itis
955 2601 1064 2627 verbis:
1088 2599 1157 2626 Ἀλλ’
1175 2599 1227 2625 ὑπδ
1243 2599 1297 2624 τῶν
1308 2598 1335 2624 ὲν
1353 2597 1391 2632 τῷ
1408 2597 1529 2628 δικάζειν
1552 2597 1676 2630 θηρύὸων

895 2647 948 2673 οὐδ’
980 2647 1109 2672 ἀναπνεῖν
1139 2645 1231 2679 σχεδὸν
1263 2643 1500 2678 συγχωρούμενης,
1530 2644 1576 2668 καὶ
1599 2644 1674 2669 ἄκων

895 2691 1075 2727 ὲξιμαρτάνω
1098 2699 1124 2716 τι
1142 2691 1210 2724 πρὸς
1222 2691 1286 2721 τοὺς
1317 2690 1422 2724 φίλους.
1448 2687 1500 2715 Sed
1511 2688 1674 2722 judiriorunt

895 2738 1009 2765 tumultu
1044 2744 1192 2770 oppressus.
1221 2736 1264 2762 ria:
1292 2736 1423 2768 respirare
1449 2739 1477 2761 ut
1501 2733 1673 2761 concedatur,

894 2785 973 2811 etiam
989 2783 1084 2809 inritus
1106 2781 1297 2814 nonniltilcrga
1319 2781 1418 2807 antiros
1435 2780 1566 2814 drlinquo.
1595 2778 1672 2810 Quod

895 2832 974 2859 etiam
993 2831 1018 2856 in
1030 2829 1089 2856 aliis
1106 2827 1270 2864 quibusdam
1297 2825 1331 2852 ad
1360 2826 1463 2852 annuos
1496 2824 1628 2860 epistolis,
1646 2828 1671 2849 rt
