1863 3057
152 110 206 138 '25!)

707 106 893 136 GENNADH
917 105 969 134 Cl‘.
993 104 1087 134 PATR
1095 103 1247 133 lARClI/E

1731 97 1822 130 260

153 164 260 190 ritcitcr
273 167 393 197 tempore
411 162 515 189 Marcus
533 162 682 196 Ephesius,
697 163 775 197 paulo
789 166 852 188 artic
867 168 937 187 tuor-
953 163 974 189 Α
990 161 1104 194 recepit.
1125 159 1243 194 Scripsit
1273 158 1355 187 simul
1382 158 1587 185 valedicturiam
1616 155 1816 183 Oratione“:

154 214 207 235 tctn
236 208 348 235 Joannis
364 208 520 242 Palmolegi.
549 207 687 242 Georgius
715 207 857 234 morientis
887 214 934 233 su-

155 261 261 288 premas
282 261 360 280 voces
388 254 504 287 excepit,
531 257 558 280 ct
583 254 609 280 in
633 254 693 288 ejus
710 253 791 280 verba
812 252 913 287 juravit
927 272 934 284 ,

153 298 207 325 Deo
218 304 245 326 et
260 299 363 334 angelis
380 299 408 326 itt
426 299 614 326 testimOuium
642 300 791 331 advocatis,
814 303 936 325 servatu-

153 352 214 371 tum
243 352 273 371 se
301 351 418 372 veterem
445 345 536 376 tidem.
562 350 590 371 ct
633 349 727 372 contra
752 344 936 372 Floretttinam

156 391 282 417 unionem
298 396 429 424 perpetuo
440 398 471 417 ex
487 390 568 417 amici
585 394 612 416 ct
625 390 801 424 prwccptoris
817 390 858 417 srti
873 397 936 416 seu-

157 437 243 462 tcutia
257 439 453 469 pugnaturum.
467 434 529 461 Hice
541 435 597 469 ipse
613 434 709 461 scribit
723 434 749 460 in
767 434 891 469 Epistula
903 433 936 460 ad

156 480 474 514 Coustantiuopolitattos
516 485 644 514 tanquam
676 480 840 507 notissima:
865 487 938 506 mur-

157 532 232 553 tuttut
246 533 311 552 vero
330 526 454 552 oratione
472 526 602 556 laudavit,
619 533 680 560 quae
696 531 786 552 exstat
804 526 829 551 in
855 526 938 552 variis

158 572 307 599 codicibus.
324 572 437 598 Exstant
452 579 560 605 quoqtte
577 571 602 597 iu
619 571 760 598 codicibus
788 571 879 606 llcgiis
893 579 938 597 cx-

160 623 243 643 trcnta
258 616 338 643 Mtrt-i
354 616 463 650 Ephesii
477 617 601 643 tuuritttri
616 617 649 642 ad
663 616 835 643 Scltolarium
847 618 938 648 verba,

159 663 259 697 quibus
273 663 324 697 ipsi
340 662 441 689 (ὶῐςκςω
457 661 584 689 Ecclesiae
599 667 625 689 et
643 662 703 696 ejus
721 662 880 696 tltlstttttlllltl
892 663 938 688 dc-

161 709 314 736 l‘t-nsioncrn
335 708 530 735 commendat:
549 708 683 735 Scltolarii
707 716 814 742 quoque
829 715 940 742 respon-

160 756 211 786 sio,
226 761 286 788 quae
300 754 364 780 huic
379 753 507 787 Epistula:
520 753 598 787 plane
615 758 797 780 consctttauca
817 757 868 779 est.

196 799 291 826 Joauni
307 798 458 832 l'alzeulogo
481 797 823 825 successitConstantinus
843 797 939 829 lrater,

164 846 358 879 imperatorum
380 843 746 877 Constantinopulitauoruut
774 847 894 876 postrem
901 851 942 875 us,

163 896 278 917 exetntte
299 897 371 916 anno
393 889 459 917 .Icsu
478 889 579 917 Cltristi
605 889 684 915 1448.
700 887 778 922 Apud
795 895 875 922 quem
889 893 945 915 sta-

165 936 211 962 tim
226 934 386 962 Scholarius
402 938 548 962 accusatus
569 937 621 965 est,
639 933 719 968 quasi
739 932 945 964 ecclesiasticis,

164 982 234 1015 apud
251 988 319 1014 quos
344 980 490 1015 plurimum
513 983 631 1014 poterat,
655 983 760 1007 auctor.
770 979 867 1006 luisset
883 986 946 1013 pro-

165 1027 348 1055 crastinaudte
380 1026 568 1054 coronatiouis
593 1034 655 1060 qua:
675 1026 864 1054 ecclesiastico
890 1027 946 1053 ritu

165 1081 227 1100 curti
247 1073 331 1100 variis
351 1073 478 1108 precibus
495 1073 627 1100 celebrari
649 1071 764 1100 solebat.
787 1071 880 1107 Neque
896 1080 945 1099 tre-

165 1119 244 1154 gabat
259 1119 338 1152 plane
351 1117 488 1152 Georgius
504 1119 665 1146 Scitolarius
677 1118 858 1145 diiierendatn
874 1126 944 1151 esse,

165 1164 252 1191 donec
275 1163 404 1192 Ecclesia:
431 1167 457 1191 et
479 1163 637 1197 reipublicae
666 1164 871 1196 consuleretur;
900 1165 946 1191 sed

166 1218 220 1238 non
235 1210 289 1237 alio
306 1210 331 1236 id
351 1210 441 1237 aiebat
461 1209 561 1237 fecisse
591 1209 695 1242 animo,
721 1217 803 1244 quant
827 1210 945 1237 utlabc-

168 1255 295 1282 iactatam
320 1254 454 1289 majorum
482 1254 562 1282 ﬁdem
581 1255 791 1283 restauraudam
816 1260 946 1287 curaret.

167 1306 222 1329 tam
236 1300 296 1329 (idet
308 1309 388 1336 quant
400 1301 561 1335 imperatori
580 1303 740 1333 consulensI
758 1301 794 1327 ab
807 1300 946 1327 hominum

168 1355 232 1374 vero
245 1346 415 1374 nefariorqu
435 1346 557 1373 consiliis
570 1345 755 1373 alienissimus
768 1365 776 1378 ,
788 1344 887 1379 quippe
900 1344 946 1379 qui

168 1399 267 1420 novum
283 1392 477 1426 imperatorem
511 1391 641 1425 singulari
661 1398 754 1418 amore
784 1390 949 1424 complecte-

169 1443 257 1471 retur,
272 1442 299 1464 ct
317 1438 351 1464 ab
365 1445 397 1464 co
422 1438 449 1464 iu
466 1437 566 1464 melius
588 1445 631 1464 res
660 1445 724 1464 suas
749 1441 947 1463 corumutatum

170 1483 203 1510 iri
218 1487 352 1517 speraret,
369 1483 449 1517 cujus
466 1482 554 1518 gratia
577 1482 737 1512 adversam,
766 1486 796 1507 ut
825 1481 948 1508 sciebant

169 1536 276 1562 omnes,
293 1528 430 1556 fortunam
447 1527 542 1556 luisset
557 1535 696 1563 expertus.
712 1527 781 1554 Cum
797 1534 863 1554 vero
875 1527 947 1554 Cou-

171 1574 307 1601 stautinus
326 1573 513 1601 imminentem
533 1573 596 1605 sibi,
612 1578 638 1599 ct
653 1580 713 1607 qua:
726 1577 787 1607 post
801 1579 889 1599 annos
905 1572 947 1599 vix

170 1620 292 1653 quinque
302 1624 450 1646 consecuta
467 1623 520 1650 est,
536 1619 639 1646 cladem
653 1622 788 1650 tuetueus,
805 1618 904 1644 auxilia
915 1617 950 1645 ab

172 1665 246 1692 italis
261 1664 420 1699 postularet,
443 1671 504 1699 qua:
517 1663 647 1691 Nicolaus
664 1665 693 1697 V,
711 1664 831 1698 pomifer
850 1663 949 1691 Roma-

171 1718 234 1741 nus,
253 1717 305 1736 non
318 1710 398 1736 aliter
415 1710 611 1744 pollicebatur,
629 1717 710 1744 quam
728 1710 751 1736 si
764 1710 948 1737 Florentinam

171 1757 300 1782 unionem
330 1755 515 1787 conﬁrmaret,
540 1760 567 1783 et
595 1756 627 1782 ad
656 1753 949 1790 ca'ntamplcctcudatn

170 1802 280 1829 Graecos
293 1801 441 1836 praesertim
455 1802 658 1829 ecclesiasticos
672 1806 698 1829 et
715 1801 865 1829 monachos
877 1809 952 1829 com-

171 1848 293 1881 pelleret,
307 1848 396 1874 missa:
416 1851 479 1874 sutrt
496 1855 511 1873 a
528 1847 657 1881 pontilice
677 1847 827 1881 legationes
848 1847 951 1881 aliquot

170 1893 456 1927 Constantinopolim;
482 1892 568 1927 priuta
594 1893 702 1919 videtur
728 1893 812 1920 fuisse
829 1893 950 1928 episcopi

169 1939 305 1971 Cortonar,
325 1939 371 1973 qui
393 1947 454 1965 cum
481 1938 582 1965 Gra'cis
596 1938 729 1974 theologis
747 1939 845 1974 saepius
856 1939 949 1974 dispu-

171 1985 340 2016 taril,auuis
352 1984 462 2011 circiter
492 1989 610 2018 quatuor
628 1989 690 2012 ante
716 1990 822 2019 captant
843 1986 950 2013 urbem.

171 2029 328 2056 Grmcorum
349 2034 440 2064 partes
469 2031 597 2058 tuebatur
618 2031 753 2066 Georgius
778 2031 950 2064 Scholarius,

149 2104 153 2106 Α
171 2076 216 2109 qui
231 2075 428 2110 disputationes
450 2077 553 2110 scripto
570 2078 729 2111 complexus
747 2080 799 2109 est,
812 2083 839 2105 et
864 2078 950 2105 variis

171 2121 313 2155 opusculis
336 2119 450 2148 Latinos
479 2121 642 2148 rcfcllcndos
665 2122 797 2156 suscepit.
830 2122 950 2149 Meminit

172 2167 271 2200 ipsein
298 2166 416 2200 Epistula
437 2166 470 2193 ad
497 2167 819 2202 CoustantinOpulitanos
848 2169 951 2202 scripta
969 2168 989 2195 D
1005 2180 1072 2207 puos
1099 2171 1133 2198 ab
1162 2179 1192 2197 ea
1218 2169 1304 2197 fuisse
1334 2170 1516 2197 alienissimos
1543 2178 1551 2196 :

169 2211 382 2241 29—Nmerubris
405 2219 475 2240 anno
495 2213 572 2246 1432,
597 2214 623 2240 irt
643 2221 695 2248 qua
710 2214 807 2240 scribit
824 2221 951 2248 perseve-

171 2266 231 2285 rare
247 2265 276 2284 se
294 2258 321 2284 'tn
338 2266 369 2284 ea
383 2258 508 2285 doctrina
526 2266 608 2293 quam
631 2265 793 2294 exposuerat
811 2260 838 2286 itt
857 2260 952 2293 dispu-

172 2302 290 2329 tiouibus
319 2303 419 2331 habitis
435 2304 570 2331 adversus
590 2304 712 2331 Cortona:
729 2306 888 2339 episcopum
914 2306 947 2332 ad

170 2349 430 2381 demonstrationem,
468 2350 567 2384 inquit,
599 2350 658 2383 ejus
684 2357 741 2384 qua:
757 2350 826 2383 apud
851 2358 897 2376 nos
913 2356 951 2377 est

170 2395 301 2427 raritatis,
317 2399 341 2421 et
372 2395 463 2422 multis
484 2396 615 2429 variisque
638 2395 756 2429 operibus
778 2403 836 2429 quo:
853 2397 951 2429 scripta

169 2449 216 2475 pro
224 2442 311 2476 patria
321 2440 372 2475 ﬁde
384 2441 470 2468 divino
486 2449 601 2472 munere,
614 2445 640 2466 ut
658 2441 736 2466 etiam
751 2441 777 2467 in
790 2442 952 2476 confessione

170 2487 230 2521 ﬁdei
243 2495 307 2516 smn.
321 2487 359 2513 vel
383 2489 470 2522 potius
488 2485 624 2512 catholica:
641 2485 778 2518 Etclrsiw,
791 2495 869 2522 quam
889 2495 952 2516 ante

171 2543 252 2561 annos
268 2539 319 2561 tres
334 2534 497 2561 elaboratam
512 2532 711 2566 publicaverat.

206 2582 244 2608 Eo
258 2582 367 2609 circiter
381 2586 503 2614 tempore
518 2577 651 2614 Georgius
667 2580 702 2607 ob
721 2581 830 2608 uniouis
845 2581 950 2614 odiutrt,

171 2634 225 2661 quo
241 2627 331 2654 omnia
347 2625 520 2659 imperatoris
533 2626 648 2652 consilia
668 2627 842 2653 vehementer
856 2628 951 2653 turba-

173 2674 229 2704 bat,
239 2673 303 2704 sibi,
317 2678 343 2698 ut
356 2670 472 2702 videtur,
487 2677 612 2698 utctuctts
625 2672 722 2698 saeculo
737 2672 912 2702 renuntiavit,
924 2676 951 2698 ct

173 2721 199 2747 itt
224 2719 419 2747 monasterium
440 2717 646 2745 l‘uutucramris
675 2718 733 2745 urbi
753 2719 906 2753 prosintqu
923 2728 952 2747 sc

209 2811 249 2845 Γ)
269 2809 316 2836 Ed.
330 2817 398 2843 rrg.,
415 2816 439 2843 p.
457 2808 515 2842 H2,

988 207 1021 233 ad
1036 206 1257 238 Constantinum,
1272 213 1332 240 qua:
1350 209 1439 231 exstat
1459 205 1490 231 in
1503 203 1598 230 codice
1610 202 1702 236 Regio,
1725 207 1814 234 qua

989 260 1040 279 nou
1066 252 1154 280 ευιιιιιι
1175 251 1381 278 criminationes
1408 249 1633 277 adversariorum
1660 251 1816 274 conatur

989 298 1106 329 diluere,
1136 297 1182 324 sed
1208 305 1280 330 stepe
1307 297 1334 324 itt
1363 296 1421 324 suis
1449 295 1576 322 laudibus
1594 293 1708 324 ttitnius,
1742 298 1813 318 res

989 350 1080 378 gestas
1095 351 1143 378 pro
1173 343 1308 377 majorum
1333 343 1466 376 religione
1485 339 1598 371 tuenda,
1616 341 1788 370 susceptos
1804 350 1812 355 -

990 398 1042 424 que
1056 386 1163 417 labores
1178 390 1205 416 irt
1220 390 1319 430 ctelum
1337 389 1417 420 tollit,
1434 388 1471 414 ita
1487 391 1516 413 ttt
1530 385 1660 413 vanitatis
1671 387 1699 410 et
1712 389 1808 417 pro-

992 436 1093 467 terviae,
1107 435 1133 462 in
1154 443 1205 469 qua
1216 428 1362 462 accusatus
1374 437 1427 464 cst,
1441 433 1521 466 culpa
1536 439 1589 458 nou
1602 434 1691 456 vacet.
1706 428 1725 455 C
1735 436 1759 454 υ
1769 434 1808 452 ιη

992 481 1063 507 hanc
1077 482 1226 508 oratiottem
1244 481 1388 511 scriberet,
1417 478 1506 505 adhuc
1530 476 1618 503 laicus
1633 475 1660 501 in
1684 481 1810 500 mona-

992 528 1078 554 sterio
1105 525 1310 553 Pantocratoris
1333 523 1481 555 residebat.
1509 522 1583 549 unde
1612 520 1739 555 migrans
1765 518 1807 544 in

992 573 1157 605 Card'aueti,
1183 572 1235 598 illic
1259 571 1368 598 schema
1392 569 1449 596 sive
1480 568 1600 595 habitum
1619 564 1804 598 religiusunt

993 620 1105 653 accepit.
1123 619 1158 645 ita
1171 618 1250 644 dicet
1265 625 1315 643 nos
1333 616 1414 650 hujus
1426 614 1560 642 orationis
1581 611 1731 646 inscriptio
1759 610 1799 635 in

995 664 1077 699 Regio
1088 664 1192 690 codice.
1203 662 1317 690 Videtur
1331 666 1422 688 autem
1436 659 1515 688 simul
1526 658 1667 692 acet-pisse
1679 663 1803 682 nomen

994 708 1127 736 Gcrtttadii
1151 708 1228 742 juxta
1256 707 1395 740 vulgarem
1411 705 1483 740 apud
1499 704 1612 730 Graecos
1628 705 1804 728 consuetu-

995 755 1096 787 dinem,
1111 760 1140 782 ut
1165 754 1211 788 qui
1230 753 1330 780 mundo
1351 759 1399 786 per
1415 751 1479 778 vita:
1499 748 1659 776 tuouastica:
1675 746 1804 781 proles-

996 802 1101 828 sioucrn
1120 799 1317 830 renuntiarent,
1333 798 1415 824 etiam
1430 803 1530 823 nomen
1541 794 1685 828 antiquunt
1702 791 1799 826 quasi

998 856 1044 882 per
1059 847 1171 873 alteram
1187 845 1360 872 nativitatem
1374 847 1530 870 mutarent:
1546 849 1606 868 utux
1619 840 1695 867 enim
1709 839 1799 866 Gen-

999 894 1095 921 ttadius
1111 892 1201 920 vocari
1219 891 1311 926 coepit,
1330 896 1409 924 atque
1421 889 1490 916 adeo
1502 892 1648 922 antequam
1663 886 1803 920 patriar-

999 941 1050 968 clta
1067 940 1265 974 designaretur,
1277 941 1374 964 contra
1393 943 1474 968 quant
1490 943 1523 962 ex
1543 934 1648 960 Malaxo
1663 931 1800 959 Historia

998 985 1117 1020 politica,
1136 990 1162 1011 ct
1174 983 1339 1019 quibusdam
1355 982 1416 1009 aliis
1426 979 1587 1008 auctoribus
1602 977 1697 1005 docuit
1708 976 1797 1003 Alla-

1000 1031 1064 1058 tius.
1084 1031 1144 1063 Quo
1165 1030 1225 1057 solo
1242 1031 1413 1064 argumento,
1431 1026 1486 1054 etsi.
1507 1025 1609 1052 nullius
1637 1022 1796 1058 ponderis,

1000 1082 1085 1105 totam
1106 1077 1139 1104 de
1163 1077 1270 1104 duobus
1295 1074 1444 1103 Gennadiis
1458 1072 1669 1107 disputationem
1686 1077 1798 1104 super-

1000 1122 1112 1150 struxit.
1130 1121 1208 1149 Uude
1238 1121 1319 1148 etiarn
1345 1119 1480 1146 refellitur
1507 1118 1592 1145 altera
1611 1117 1669 1152 ejus
1698 1116 1799 1142 histo-

1001 1169 1057 1195 rica
1071 1167 1226 1195 observatio
1240 1166 1311 1193 circa
1321 1164 1454 1192 Geuuadii
1468 1162 1666 1197 professiOnem
1686 1168 1797 1188 mona—

1000 1213 1107 1244 sticam.
1137 1218 1218 1246 quant
1246 1210 1371 1237 abdicata
1396 1207 1574 1243 patriarchali
1589 1205 1737 1241 dignitate,
1760 1209 1797 1232 et

999 1257 1188 1293 qninqttcnuio
1201 1261 1260 1290 post
1275 1259 1383 1289 captam
1402 1254 1498 1281 urbem
1516 1252 1615 1279 iactant
1629 1251 1793 1281 existitna!.

1000 1311 1062 1331 cum
1090 1302 1225 1330 uovcnuio
1256 1299 1421 1335 plusrninus
1444 1296 1641 1326 abdicationem
1664 1304 1794 1331 praeces-

1001 1349 1077 1377 serit.
1092 1347 1147 1375 Nec
1162 1346 1235 1374 enirn
1252 1344 1350 1372 Malaxi
1366 1349 1393 1372 et
1409 1343 1544 1371 Theodori
1555 1342 1717 1377 Zygomalz,
1737 1343 1793 1376 qui

999 1395 1144 1422 Historiam
1155 1392 1291 1427 politicam
1307 1390 1493 1421 concinnavit,
1511 1393 1587 1416 tanta
1601 1393 1642 1416 est
1661 1389 1791 1415 aut-tori-

1003 1445 1054 1471 tas,
1071 1443 1100 1466 ut
1117 1444 1260 1466 auctorum
1286 1436 1430 1473 mqualium
1447 1433 1604 1463 testimonia
1623 1433 1790 1461 labefactct.

1002 1485 1069 1514 Nam
1085 1484 1197 1512 Michael
1224 1484 1311 1512 Ducas
1328 1487 1389 1510 ante
1413 1485 1521 1516 captant
1534 1482 1628 1508 urbem
1647 1479 1792 1507 Geunadii

1001 1530 1125 1558 monachi
1142 1530 1250 1557 nomine
1267 1528 1389 1562 designat
1409 1535 1470 1555 eum
1486 1525 1533 1561 qui
1557 1530 1637 1554 antea
1649 1525 1794 1561 Georgius

1001 1576 1162 1603 Scholarius
1177 1574 1332 1602 dicebatur.

1036 1621 1102 1649 Cum
1117 1620 1276 1648 Gennadius
1293 1619 1395 1646 saeculo
1410 1617 1595 1649 valcdixisset,
1611 1617 1685 1644 misit
1699 1617 1791 1651 irrupe-

1001 1672 1075 1695 rator
1087 1668 1120 1694 ad
1148 1666 1288 1694 Nicolaum
1313 1673 1410 1700 papam
1432 1663 1590 1692 Brieuuium
1610 1664 1788 1690 Lcmnarcut.

1001 1714 1120 1743 Isidorus
1135 1712 1280 1740 cardiualis
1295 1711 1402 1738 [tussire
1424 1710 1503 1745 paulo
1530 1715 1591 1745 post
1605 1718 1618 1736 a
1637 1710 1746 1737 Nicolao
1763 1709 1785 1736 ν

1001 1762 1106 1795 legatus
1118 1757 1384 1792 Constantinopolim
1403 1757 1477 1783 venit
1496 1764 1567 1784 anno
1588 1756 1668 1787 1452,
1684 1761 1713 1782 ut
1731 1755 1787 1782 Du—

1001 1815 1047 1835 cas
1063 1807 1089 1832 iu
1108 1805 1224 1832 llisturia
1244 1805 1323 1831 docet
1335 1804 1385 1838 (ι),
1401 1811 1455 1838 quo
1478 1811 1558 1835 uento
1576 1802 1672 1830 melius
1697 1802 1788 1829 cccle-

1001 1852 1127 1881 siasticas
1156 1858 1201 1877 res
1227 1850 1301 1878 illius
1325 1850 1456 1884 temporis
1486 1850 1594 1876 videtur
1619 1848 1785 1883 explicasm.

1002 1899 1026 1927 Is
1041 1899 1122 1932 igitur
1136 1900 1251 1933 legatum
1263 1895 1521 1930 Constantinopolin
1533 1894 1673 1930 appulisse
1688 1893 1788 1921 scribit

1001 1951 1094 1971 rttense
1106 1943 1257 1975 Novembri,
1273 1949 1344 1968 anno
1358 1942 1507 1968 secundum
1526 1940 1634 1968 Graecos
1643 1939 1723 1970 696l.
1738 1939 1786 1974 qui

1001 1995 1059 2017 crat
1072 1989 1174 2017 Christi
1188 1989 1267 2021 1452;
1283 1988 1383 2015 habitis
1395 1988 1428 2014 de
1442 1987 1623 2013 Ecclesiaruut
1635 1986 1782 2012 concordia

1002 2036 1187 2066 sermonibus,
1204 2036 1394 2068 imperatorem
1412 2037 1438 2060 ct
1452 2032 1586 2066 quosdam
1614 2031 1783 2058 ecclesiasti-

1002 2089 1050 2109 cos
1066 2080 1241 2108 consensisse
1257 2085 1285 2106 ut
1311 2079 1375 2104 uitio
1402 2077 1559 2105 Florentiua
1583 2076 1782 2108 observaretur.

1003 2126 1252 2154 ecclesiasticurutu
1275 2130 1302 2150 et
1323 2124 1519 2151 monachorum
1538 2123 1631 2158 plures
1651 2128 1677 2150 et
1690 2123 1784 2157 pracci-

1582 2168 1759 2196 Niltilominus
1773 2189 1779 2201 ,
1804 2189 1814 2202 η

1002 2217 1100 2250 inquit,
1118 2216 1162 2250 qui
1175 2215 1303 2242 llenotico
1316 2214 1493 2249 obtemperare
1510 2215 1665 2242 videbantur
1685 2214 1779 2247 clerici,
1799 2230 1809 2238 .

1001 2263 1150 2290 sacerdotes
1163 2266 1187 2288 et
1206 2262 1332 2294 diaconi,
1357 2262 1500 2295 imperator
1515 2266 1539 2288 et
1556 2265 1661 2288 senatus
1679 2261 1707 2287 in
1727 2262 1780 2287 Ida-

1002 2316 1080 2343 gnam
1093 2307 1238 2334 Ecclesium
1256 2312 1438 2339 convenarum,
1461 2312 1487 2333 ut
1507 2306 1678 2334 concordibus
1689 2307 1779 2333 animi:

1002 2359 1026 2380 et
1045 2354 1128 2380 uniti;
1149 2353 1264 2380 diuinam
1287 2354 1422 2387 lituryiant
1440 2353 1611 2385 celebrarent,
1635 2353 1780 2386 sinceraque

1004 2405 1088 2427 mente
1101 2405 1159 2427 vota
1172 2400 1224 2427 Deo
1237 2401 1384 2427 redderent.
1400 2399 1467 2426 Tum
1486 2400 1564 2426 etiam
1576 2399 1737 2426 schismatici
1748 2402 1778 2425 ad

1003 2446 1203 2473 Paruum-oloris
1237 2446 1426 2473 monasterium
1462 2450 1592 2477 currunt,
1620 2444 1776 2472 Gonnadium

1004 2498 1081 2519 antea
1096 2491 1236 2527 Georgium
1253 2492 1422 2518 Schulariunt
1434 2491 1542 2522 ademit,
1555 2491 1740 2525 consiliumque
1749 2492 1776 2517 ab

1004 2546 1033 2564 eo
1049 2538 1176 2572 quomodo
1201 2545 1227 2564 se
1247 2545 1335 2571 gerere
1360 2535 1471 2562 debeant
1493 2540 1594 2570 petunt.
1616 2534 1777 2562 hinclusum

1005 2592 1032 2610 se
1049 2584 1115 2610 cella
1146 2583 1269 2615 tenebat;
1288 2588 1397 2616 accepta
1412 2590 1471 2617 ergo
1496 2585 1598 2612 charta,
1631 2580 1776 2608 sententiam

1005 2639 1081 2658 suam
1099 2629 1287 2664 consiliumque
1311 2636 1429 2664 roga/us,
1451 2629 1546 2661 scripto
1560 2627 1672 2662 aperuit,
1684 2634 1732 2660 quo
1745 2633 1777 2652 ta-

1005 2675 1288 2702 (ittcrontinebantur:
1307 2673 1396 2700 Miseri
1431 2673 1542 2705 lionttri,
1582 2679 1662 2706 quare
1682 2670 1777 2696 aberra-

1008 2721 1051 2752 tis,
1069 2726 1134 2752 ct.'.,
1152 2727 1210 2754 qua-
1225 2719 1296 2754 apud
1325 2720 1426 2747 Ducam
1451 2720 1587 2753 leguntur.
1611 2717 1673 2743 lltrc
1690 2720 1712 2742 ct
1731 2714 1776 2742 ulla
