1863 3057
155 125 208 157 943
612 128 802 162 GREGORlI
827 133 976 164 MAMMJE
997 136 1052 166 (ΖΡ.
1072 134 1325 167 PATltIAllCilﬂl
1753 132 1821 165 215

157 192 188 210 ex
203 183 293 212 Patre.
307 184 385 218 Quod
399 186 468 214 idem
484 187 536 214 erit
553 195 584 215 ac
601 189 703 222 dicere,
720 197 751 217 ex
767 190 845 217 Patre
859 191 940 218 simul

1069 195 1118 220 οὐκ
1148 194 1176 227 ἐξ
1207 194 1273 220 Υἱοῦ
1307 195 1337 220 τὸ
1367 192 1481 228 Πνεῧμὰ
1510 201 1612 228 φαμεν,
1629 193 1690 220 οὔτ’
1712 193 1820 219 ἐκπο-

156 238 189 259 ttc
204 230 283 261 Filio.
300 236 329 258 ut
345 239 423 259 sacer
438 233 604 269 divinusque
617 235 805 263 Damasccnus
821 237 847 263 in
869 237 943 263 deci-

157 284 201 302 mo
223 277 305 303 ιι-Γιὶο
333 278 424 312 capite
453 279 570 306 scribit:
587 290 596 306 ‹
620 281 651 307 Ει
678 289 724 315 per
743 281 862 308 Verbum
881 289 944 314 pro-

156 321 252 348 ductor
263 324 354 349 omnia
369 324 567 352 manifestantis
581 325 724 360 Spiritus.t
746 327 864 362 inclytus
880 327 941 355 item

155 366 321 402 divinusque
345 369 479 397 Maximus
504 372 529 397 in
544 372 778 406 interpretatione,
793 381 845 408 quo
861 381 942 401 sensu

155 413 346 446 arcipiendum
361 415 397 442 sit
411 416 514 443 dielum
530 416 686 445 Zachariae:
713 418 746 445 Et
762 427 839 453 super
859 420 943 453 ipsam

155 467 237 492 parra
250 459 364 494 lampas,
374 466 398 488 et
413 462 526 490 lucerna:
537 464 558 496 ¹,
569 463 650 490 tradit
661 472 668 491 :
680 473 690 490 (
702 464 819 499 Spiritus
833 471 943 494 sanctus

155 505 388 537 quemadmodum
419 513 514 534 natura
544 510 695 536 secundum
725 512 870 538 essentiam
901 517 944 538 est

155 550 202 576 Dei
222 555 248 577 et
265 550 366 584 Patris,
382 553 416 580 ita
433 558 459 580 et
478 553 539 581 Filii
554 555 704 583 secundum
720 558 868 584 essentiam
890 562 942 590 est,

156 600 287 631 tanquam
304 599 351 632 qui
369 606 401 626 ex
418 599 499 627 Patre
516 601 702 629 essentialiter
716 610 764 637 per
783 602 880 630 Filium
898 612 943 638 ge-

160 642 260 676 nitum,
279 644 371 677 modo,
390 646 437 680 qui
452 646 569 680 exprimi
585 648 677 676 verbis
693 656 747 675 non
764 653 865 683 potest.
880 657 943 683 pro-

158 689 271 717 cedens.
292 699 302 715 ι
316 690 350 718 Et
368 691 451 718 multa
470 700 616 727 perpessus
631 694 800 722 Athanasius
814 695 847 721 ad
862 695 941 722 Sera-

997 240 1135 275 ρεύεσοαι,
1155 242 1202 267 καὶ
1218 242 1249 268 τὸ
1277 238 1348 268 εἶναι
1372 239 1533 275 λαμϐάνειν,
1551 239 1613 266 οὗτε
1641 240 1702 275 μὴν
1732 248 1820 274 προ-

995 287 1112 321 χεῖσθαι,
1143 287 1176 313 δι’
1200 287 1266 314 Υἱοῢ
1291 288 1320 313 δὲ
1343 287 1422 322 μόνον
1447 287 1479 313 ἐκ
1500 287 1618 322 Πατρός.
1635 286 1766 313 Ταυτδν
1784 285 1819 312 δὲ

995 332 1082 357 εἰπεῖν
1097 332 1129 358 ὲκ
1143 333 1250 367 Πατρός
1267 341 1295 358 τε
1318 333 1377 368 ἅμα
1401 334 1449 360 καὶ
1467 331 1544 364 Υἰοῦ,
1559 331 1660 363 (item).
1678 333 1696 358 ὁ
1723 330 1819 366 ἱερδς

996 377 1044 404 καὶ
1060 378 1129 407 θεῖος
1153 378 1332 412 Δαμασκηνὸς
1359 379 1387 404 ὲν
1409 377 1626 412 τρισκαιδεκάτῳ
1641 377 1818 411 κεφαλαίῳ

996 423 1084 458 φησί’
1101 433 1109 449 ι
1132 424 1188 451 Καὶ
1214 424 1256 450 διὰ
1287 425 1373 458 Λόγου
1406 424 1558 458 προϐολεὺς
1580 422 1817 458 ἔκφαντορικοῦ

996 470 1169 506 Πνεύμιιτος.
1195 479 1204 495 ›
1225 470 1280 496 Καὶ
1299 471 1312 496 ὁ
1328 470 1434 501 κλεινὸς
1452 470 1498 496 καὶ
1525 470 1596 501 θεῖος
1612 470 1761 504 Μάξιμος
1781 469 1818 495 ὲν

994 512 1032 547 οἷς
1047 515 1203 550 ἐρμηνεύει,
1219 515 1244 542 τί
1259 515 1326 549 δῆτα
1342 515 1466 550 βούλεται
1490 514 1529 549 τῷ
1545 515 1674 550 προφήτῃ
1690 516 1816 548 Ζαχα-

995 560 1050 596 ρίσι,
1063 560 1117 588 Καὶ
1127 561 1174 587 ἐπ’
1185 561 1262 595 αὺτῇ
1273 561 1445 595 λαμπάδιον
1456 561 1504 588 καί
1519 561 1546 587 οἱ
1562 561 1689 596 λύχνοι,
1709 560 1815 594 φησὶ.

998 617 1006 632 ι
1031 608 1067 634 Τὸ
1077 607 1155 641 ἅγιον
1163 607 1274 642 Πνεῦμα
1286 607 1380 642 ὥσπερ
1391 608 1471 641 φύσει
1484 607 1544 633 κατ’
1552 607 1647 633 οὐσίαν
1660 607 1816 641 ὑπάρχον

994 652 1040 680 τοῦ
1053 652 1120 679 Θεοῦ
1137 654 1184 680 καὶ
1204 652 1319 686 Πατρδς,
1332 651 1402 679 οὕτω
1411 653 1457 679 καὶ
1466 651 1512 678 τοῦ
1531 651 1596 678 Υἰοῦ
1610 652 1672 678 κατ’
1684 651 1812 678 οὐσίαν

995 698 1078 729 ἐστὶν,
1095 697 1132 729 ὡς
1151 698 1182 723 ἐκ
1199 697 1245 723 τοῦ
1263 697 1369 727 Πατρός
1389 696 1526 728 οὑσιωδῶς
1544 697 1578 723 δι’
1600 697 1666 723 Υἱοῦ
1683 705 1813 732 γεννη-

157 735 264 769 pionent
280 736 413 772 EpiSIola,
427 740 507 773 cujus
528 740 711 775 principium:
729 751 738 767 ι
755 741 941 769 Admirabcris

1043 750 1086 772 τος
1100 742 1247 776 ἀφράστως
1262 742 1492 777 ἐκπορευόμενον.
1517 752 1527 767 ι
1543 743 1598 769 Καὶ
1616 743 1630 769 ὁ
1648 742 1815 771 πολύτλας

157 783 292 810 fortasse:
310 793 370 810 i—t
393 784 450 811 Non
460 785 531 812 enim
547 791 622 813 extra
633 785 749 814 Verbum
760 787 878 822 Spiritus
891 793 941 821 est.

1045 787 1204 818 ’Λοανάσιος
1224 788 1251 822 ξεν
1273 789 1305 822 τῇ
1328 788 1396 820 πρὸς
1412 787 1586 823 Σεραπίωνα,
1609 784 1643 823 ἧς
1660 789 1677 822 ἠ
1700 787 1812 822 ἀρχὴ,

155 830 202 856 sed
222 831 249 856 in
265 829 355 858 Verbo
377 839 438 858 cum
460 831 506 864 sit,
532 833 557 859 in
585 832 639 860 Deo
652 833 798 868 peripsum
812 840 861 862 est.
887 835 941 862 »Εἰ

1043 842 1093 864 om;
1108 832 1255 868 θαυμάσεις
1269 841 1276 848 ⁵
1288 843 1350 860 ι-ε
1364 833 1401 860 Οὐ
1411 833 1463 869 γὰρ
1475 834 1548 865 ἐκτός
1559 835 1616 860 ἐστι
1631 833 1679 859 τοῦ
1695 834 1809 866 Λόγος

159 876 255 908 paucis
271 875 424 910 interiectis
441 887 447 904 :
474 887 483 903 ι
507 877 611 913 Spiritu
637 880 787 907 exsistente
798 880 830 907 in
845 879 941 914 Verbo,

1043 876 1164 912 Πνεῦμα,
1185 877 1243 904 ἀλλ’
1266 879 1293 903 ἐν
1318 878 1356 911 τῷ
1382 878 1460 913 Λόγῳ
1485 878 1525 909 ὃν,
1550 878 1579 904 ὲν
1601 877 1641 912 τῷ
1665 877 1736 912 Θεῷ
1767 877 1811 904 δι’

156 921 262 948 clarum
291 926 344 954 est.
369 927 395 950 ct
422 924 448 950 in
480 923 534 951 Deo
559 932 620 952 csse
651 932 699 959 per
719 925 838 953 Verbum
857 925 945 962 Spiri-

157 974 225 995 tum.
248 978 257 994 ι

192 1059 237 1089 l9.
255 1058 350 1096 Neque
361 1061 434 1089 enim
448 1060 602 1097 proprietas
618 1060 707 1090 Patris
725 1065 767 1090 est
779 1062 941 1098 producere.

157 1112 185 1135 ut
202 1114 230 1135 et
245 1108 321 1136 solus
346 1108 492 1143 producat.
516 1109 606 1137 Patris
627 1109 762 1144 siquidem
783 1110 936 1145 proprietas

157 1161 291 1187 generare
317 1159 379 1185 est;
411 1155 545 1189 siquidem
569 1159 625 1182 tres
637 1159 743 1183 tantum
762 1155 944 1190 proprietates

156 1199 307 1232 credimus,
327 1204 356 1226 ut
380 1200 467 1227 sancti
492 1204 519 1227 et
545 1201 617 1228 inter
631 1209 679 1229 eos
693 1201 848 1229 divinorum
865 1209 946 1228 arca-

162 1250 260 1270 norum
279 1244 413 1279 interpres
428 1243 548 1272 Basilius
562 1266 570 1279 ,
590 1245 706 1280 epistola
722 1246 755 1272 ad
769 1245 892 1279 fratrem,
908 1245 945 1274 De

157 1289 278 1316 essentia
294 1294 321 1316 et
336 1290 474 1325 bypOstasl
495 1291 596 1319 tradit:
624 1301 633 1316 ι
652 1291 734 1319 Pater
750 1299 817 1319 vero
833 1292 879 1327 qui
900 1300 945 1320 su-

159 1343 207 1370 per
224 1336 317 1364 omnia
339 1341 393 1369 est,
415 1337 579 1372 peculiarem
603 1337 758 1373 hypostasis
775 1345 832 1365 sure
857 1338 947 1366 notio-

159 1390 220 1410 nem
242 1382 318 1410 solus
333 1382 427 1415 habet.
440 1383 513 1418 quod
526 1383 607 1411 Pater
623 1390 675 1416 est,
688 1389 713 1411 et
729 1384 800 1419 quod
822 1391 854 1411 ex
870 1384 944 1412 nulla

159 1428 272 1456 omnino
296 1435 378 1456 causa
395 1429 521 1457 subsistit
535 1438 541 1462 ;
560 1433 642 1464 atque
659 1429 712 1457 isto
727 1429 827 1457 iterum
842 1430 945 1458 indicio

158 1481 186 1503 et
201 1475 259 1511 ipse
272 1476 383 1511 proprie
399 1483 430 1504 ac
447 1477 593 1511 separatim
611 1477 776 1511 agnoscitur.
802 1486 812 1503 ι
827 1476 947 1505 Theolo-

996 923 1078 950 αὐτοῦ
1104 924 1172 950 ἔστι.
1192 932 1201 949 ι
1222 924 1275 950 Καὶ
1292 925 1350 958 μετ’
1366 924 1454 958 ὀλίγα·
1473 933 1482 950 ‹
1503 923 1556 951 Τοῦ
1571 923 1600 950 δὲ
1621 924 1811 959 Πνεύματος

995 969 1072 1001 ὄντος
1087 970 1115 996 ἐν
1130 966 1167 1003 τῷ
1185 969 1275 1005 Λόγῳ,
1293 970 1373 1005 δῆλον
1395 970 1428 997 ἂν
1442 970 1497 1004 εἰη,
1512 970 1550 1001 ὡς
1568 970 1614 996 καὶ
1628 970 1657 996 ἒν
1671 969 1713 1004 τῷ
1733 970 1810 1005 Θεῷ

996 1013 1031 1051 ἦν
1046 1015 1090 1042 διὰ
1107 1015 1154 1042 τοῦ
1168 1016 1256 1049 Λόγου
1277 1015 1306 1042 τὺ
1320 1015 1442 1050 Πνεῦμα.
1460 1025 1469 1041 ι

1043 1061 1084 1089 ιϐ’.
1111 1062 1147 1088 Οὐ
1170 1062 1225 1097 γὰρ
1249 1061 1348 1095 ἰδιότης
1363 1061 1410 1089 τοῦ
1427 1062 1532 1097 Πατρός
1553 1063 1583 1089 τὺ
1602 1062 1806 1097 προϐάλλειν.

997 1107 1041 1134 ἵνα.
1068 1108 1115 1134 καὶ
1139 1106 1219 1142 μόνος
1244 1107 1395 1143 προϐάλλῃ.
1420 1107 1451 1134 Ἦ
1475 1107 1529 1143 γὰρ
1545 1107 1647 1140 ἰδιότης
1661 1107 1712 1134 τοῦ
1734 1108 1807 1134 Πα-

999 1154 1062 1189 τρὸς
1085 1154 1115 1180 τὸ
1144 1153 1242 1189 γεννᾷν
1267 1154 1351 1186 ἐστιν,
1379 1153 1458 1188 εἴπερ
1479 1154 1553 1188 τρεῖς
1580 1153 1720 1186 ἰδιότητας
1752 1161 1808 1179 πι-

998 1200 1130 1235 στεύομεν
1152 1200 1200 1227 καὶ
1214 1199 1293 1234 μόνον
1308 1199 1379 1226 κατὰ
1394 1200 1455 1230 τοὺς
1472 1199 1576 1233 ἁγίους,
1590 1198 1638 1225 καὶ
1650 1198 1726 1225 κατὰ
1747 1199 1807 1225 τὸν

999 1246 1166 1281 θεοφάντορα
1182 1245 1330 1273 Βασίλειον
1344 1247 1373 1273 ὲν
1390 1247 1423 1281 τῇ
1434 1245 1502 1281 πρὸς
1517 1245 1561 1272 τὸν
1576 1245 1643 1273 ἴδιον
1658 1245 1804 1278 ἀδελφὺν,

999 1292 1067 1327 Περὶ
1090 1292 1182 1323 οὐσίας
1208 1293 1255 1319 καὶ
1281 1291 1456 1323 ὑποστάσεως
1475 1291 1572 1326 φησίν·
1595 1300 1604 1317 ι
1628 1291 1660 1318 ’0
1682 1290 1713 1317 δὲ
1747 1291 1806 1317 ἐπὶ

998 1338 1108 1366 πάντων
1137 1338 1274 1373 ἐξαίρετον
1303 1337 1449 1373 γνώρισμα
1475 1337 1524 1372 τῆς
1540 1337 1636 1364 ἑαυτοῦ
1660 1337 1803 1364 ὑποστά-

998 1393 1067 1417 σεως
1087 1385 1117 1411 τὺ
1132 1385 1226 1420 Πατὴρ
1245 1381 1325 1418 εἶναι,
1339 1384 1387 1410 καὶ
1404 1385 1435 1410 ὲκ
1452 1383 1588 1418 μηδεμιᾶς
1609 1383 1700 1414 αἰτίας
1719 1384 1803 1410 ὐπο-

998 1431 1095 1465 στῆναι
1113 1429 1194 1465 μόνον
1219 1429 1293 1465 ἔχει·
1320 1428 1368 1456 καὶ
1398 1428 1444 1455 διὰ
1469 1427 1567 1454 τούτου
1593 1427 1639 1454 τοῦ
1664 1428 1800 1462 σημείου

997 1476 1045 1502 καὶ
1074 1475 1155 1507 αὐτὸς
1184 1475 1339 1507 ἰδιαζόντως
1355 1473 1581 1509 ἐπιγινώσκεται·
1601 1482 1610 1499 ι
1629 1473 1677 1500 καὶ
1694 1473 1747 1500 τὸν
1766 1475 1801 1499 ὲν

157 1529 208 1555 aus
226 1522 375 1558 Gregorius
388 1522 414 1550 id
431 1522 502 1549 idem
524 1521 618 1549 multis
640 1521 698 1549 suis
714 1522 886 1550 orationibus
902 1530 941 1550 as-

1043 1523 1126 1558 ,λογίᾳ
1147 1522 1298 1557 Γρηγόριον
1327 1523 1356 1548 ὲν
1378 1520 1487 1553 πολλοῖς
1513 1519 1567 1546 τῶν
1592 1519 1675 1546 αὑτοῦ
1696 1520 1801 1554 λόγων

160 1572 279 1600 severat,
303 1573 359 1595 tum
380 1568 406 1595 in
423 1567 531 1595 funebri
559 1567 715 1595 laudatione
729 1568 817 1603 magni
831 1567 943 1596 Basilii:

161 1623 171 1639 1
191 1612 255 1640 Tria
286 1613 396 1648 quidem
418 1613 648 1648 proprietatibus.
663 1613 781 1641 essentia
797 1621 881 1640 unum
897 1621 945 1639 co-

158 1660 264 1692 lentes;
284 1668 293 1685 )
310 1664 366 1686 tum
387 1659 414 1685 in
427 1666 504 1686 sacra
521 1657 654 1685 Lumina:
670 1667 679 1684 ε
693 1658 742 1686 Dei
757 1665 820 1685 vero
832 1659 946 1685 cumdi-

159 1713 237 1738 xero,
263 1713 317 1733 uno
336 1705 440 1732 lumine
462 1704 678 1731 circumlustrati
703 1704 769 1732 estis
789 1709 816 1732 et
842 1705 943 1737 tribus,

159 1752 250 1780 tribus
270 1752 379 1787 quidem
396 1751 549 1789 secundum
564 1751 767 1787 proprietates,
784 1751 947 1785 bypostases

160 1800 286 1833 scilicet;
308 1809 317 1826 ι
340 1806 398 1827 tum
415 1799 442 1826 in
463 1803 587 1826 sanctum
615 1797 816 1825 Athanasium:
840 1806 849 1822 ι
866 1796 947 1823 Nam-

160 1854 214 1881 que
228 1854 281 1874 una
295 1845 424 1878 esu-mia,
437 1849 463 1873 et
477 1845 565 1872 tribus
577 1844 770 1880 bypostasibus
784 1850 798 1870 a
813 1842 892 1870 nobis
904 1842 948 1876 pie

160 1893 319 1924 intellectis,
337 1892 388 1919 hoc
401 1892 474 1919 enim
491 1890 638 1919 essentiam
661 1889 781 1920 deitatis.
805 1888 870 1916 illud
892 1893 947 1915 tres

160 1945 238 1967 notat
254 1939 447 1974 proprietates.
472 1947 482 1964 ›
513 1936 582 1965 Tum
598 1937 631 1964 de
649 1936 776 1970 dogmate
797 1940 827 1963 et
842 1936 949 1970 episco—

160 1993 202 2022 po:
212 1992 256 2012 um
274 1984 492 2019 compositione:
519 1992 527 2009 ε
550 1983 705 2010 Adoramus
720 1982 812 2017 itaque
824 1980 946 2012 Patrem,

161 2037 188 2059 et
198 2031 308 2061 Filium.
324 2036 351 2058 ct
361 2030 492 2065 Spiritum
503 2033 638 2061 sanctum,
651 2029 830 2063 proprietates
840 2028 947 2062 quidem

161 2081 334 2112 separantcs,
354 2076 524 2103 divinitatem
540 2076 676 2102 unientes.
698 2084 707 2100 ι
723 2073 946 2101 Demonstratum

165 2128 207 2151 est
223 2125 316 2158 itaque
331 2122 517 2158 apertissime,
529 2125 586 2150 tres
601 2129 652 2148 nos
667 2121 780 2149 credere
796 2119 946 2155 proprieta-

162 2177 214 2199 tes.
238 2171 293 2205 Aut
309 2172 382 2198 enim
399 2171 561 2205 producere,
582 2173 629 2197 aut
647 2176 778 2204 generare
795 2168 949 2203 proprietas

998 1567 1077 1595 τοῦτο
1099 1567 1276 1602 θεολογοῧντα
1292 1576 1299 1583 ·
1323 1567 1410 1602 λέγων
1430 1567 1458 1593 ἐν
1476 1566 1526 1602 μὲν
1542 1566 1581 1602 τῷ
1597 1567 1643 1593 τοῦ
1664 1566 1799 1600 μεγάλου

998 1614 1140 1642 Βασιλείου
1156 1614 1295 1648 ἐπιταφίῳ
1310 1621 1316 1628 ·
1336 1623 1345 1639 ι
1362 1613 1432 1649 Τρία
1450 1613 1500 1647 μὲν
1522 1613 1583 1644 ταῖς
1597 1612 1743 1648 ἰδιότησιν,
1763 1612 1799 1638 ἓν

998 1661 1072 1697 δὲτῇ
1090 1661 1167 1696 οὐσίᾳ
1190 1661 1316 1692 σέϐοντες
1329 1668 1335 1675 ·
1354 1669 1363 1686 ι
1379 1661 1408 1687 ὲν
1427 1659 1455 1686 δὲ
1470 1660 1510 1690 εἰς
1523 1660 1557 1685 τὰ
1574 1659 1653 1685 Φῶτα
1664 1667 1672 1674 ”
1692 1667 1700 1684 ι
1716 1658 1798 1685 Θεοῦ

998 1696 1106 1733 saliat,
1126 1706 1206 1737 εἴπω,
1222 1706 1262 1732 ἑνὶ
1277 1705 1349 1739 φωτὶ
1366 1705 1610 1740 περιηστράφθητε
1624 1705 1672 1731 καὶ
1689 1704 1774 1739 τρισί
1786 1711 1794 1718 ’

998 1754 1073 1789 τρισὶ
1085 1752 1134 1788 μὲν
1148 1753 1218 1779 κατὰ
1233 1753 1281 1784 τὰς
1305 1751 1451 1786 ἰδιότητας,
1469 1752 1553 1787 ἤγουν
1567 1751 1736 1783 ὑποστάσεις
1747 1760 1755 1766 -
1781 1759 1792 1776 ι

1000 1799 1048 1826 καὶ
1075 1799 1104 1825 ὲν
1131 1798 1171 1833 τῷ
1199 1798 1241 1829 εἰς
1262 1797 1307 1824 τὺν
1333 1797 1411 1831 ἅγιον
1433 1797 1614 1824 Ἀθανάσιονι
1633 1806 1643 1823 ι
1658 1796 1713 1831 Τῆς
1732 1797 1796 1831 γὰρ

1001 1844 1067 1878 μιᾶς
1082 1843 1188 1876 οὐσίας,
1205 1844 1252 1870 καὶ
1272 1843 1325 1870 τῶν
1338 1843 1423 1878 τριῶν
1438 1843 1616 1870 ὑποστάσεων
1628 1843 1795 1878 νοουμένων

1002 1889 1052 1924 μὲν
1065 1889 1110 1924 ὑφ’
1124 1888 1204 1924 ἡμῶν
1217 1888 1347 1920 εὐσεϐῶς·
1361 1888 1392 1914 τὸ
1409 1888 1458 1923 μὲν
1472 1888 1525 1922 γὰρ
1541 1888 1590 1922 τὴν
1604 1887 1698 1913 οὐσίαν
1709 1886 1796 1922 δηλοῖ

1004 1935 1057 1970 τῆς
1077 1936 1222 1971 θεότητος,
1238 1937 1269 1963 τὺ
1287 1936 1313 1962 δὲ
1328 1935 1377 1967 τὰς
1398 1935 1473 1971 τρεῖς
1489 1934 1633 1968 ἰδιότητας.
1651 1945 1660 1959 ι
1678 1934 1737 1960 Καὶ
1757 1934 1793 1960 ἐν

1000 1981 1040 2016 τῷ
1061 1982 1126 2016 περὶ
1151 1981 1284 2016 δόγματος
1310 1982 1356 2007 καὶ
1381 1981 1579 2011 καταστάσεως
1602 1980 1766 2006 ἐπισκόπων
1781 1987 1792 1996 ο

1003 2037 1013 2053 ι
1037 2027 1251 2062 Προσκυνοῦμεν
1284 2025 1332 2053 οὖν
1360 2026 1470 2060 Πατέρα
1489 2026 1535 2052 καὶ
1550 2024 1614 2050 Υἱδν
1635 2025 1682 2051 καὶ
1705 2025 1793 2059 ἅγιον

1002 2073 1124 2107 Πνεῦμα,
1144 2073 1192 2104 τὰς
1210 2073 1259 2108 μὲν
1277 2072 1410 2107 ἰδιότητας
1424 2071 1596 2106 χωρίζοντες,
1616 2070 1742 2103 ἐνοῦντες
1759 2072 1792 2099 δὲ

1001 2119 1051 2153 τὴν
1067 2119 1192 2154 Θεότητα.
1216 2127 1226 2144 t
1245 2118 1384 2144 Δέδεικται
1404 2117 1449 2144 οὖν
1464 2117 1623 2153 περιφανῶς
1637 2138 1644 2149 .,
1663 2117 1700 2149 ὡς
1713 2119 1793 2153 τρεῖς

1003 2165 1140 2199 ἰδιότητας
1155 2164 1332 2198 πιστεύομεν.
1348 2164 1382 2190 Ἢ
1397 2163 1463 2198 γοῦν
1480 2163 1510 2190 τὺ
1534 2163 1698 2198 προϐάλλειν
1714 2165 1792 2191 ἐστὶν

160 2223 203 2246 est
217 2225 224 2251 ;
239 2218 286 2245 sed
306 2217 457 2252 producere
471 2216 546 2243 nullo
564 2215 645 2243 modo
663 2216 815 2249 proprietas
830 2218 883 2246 est,
900 2220 941 2248 ge-

1043 2211 1116 2246 ότης,
1133 2210 1149 2246 ἢ
1164 2211 1194 2237 τδ
1213 2211 1322 2246 γεννᾷν.
1337 2210 1418 2237 Ἀλλὰ
1436 2210 1489 2246 μὴν
1510 2211 1540 2237 τὸ
1560 2210 1724 2246 προϐάλλειν
1740 2211 1793 2237 οὐκ

162 2272 259 2293 nerare
279 2264 362 2298 igitur
388 2261 577 2290 tantummodo
608 2261 698 2288 Patris
725 2259 877 2295 proprietas
893 2263 945 2284 est.

162 2310 232 2338 llinc
247 2311 332 2345 probe
359 2309 393 2337 ab
421 2308 549 2336 Ecclesiae
564 2307 723 2336 doctoribus
740 2304 839 2332 Filium
858 2310 873 2330 a
889 2303 947 2330 solo

162 2357 243 2386 Patre
272 2357 398 2392 generari
424 2357 585 2387 edocemur,
608 2351 743 2388 Spiritum
759 2357 824 2378 vero
847 2357 901 2376 non
916 2356 948 2375 vx

163 2405 222 2433 solo
236 2425 244 2438 ,
266 2404 314 2432 sed
332 2412 366 2432 ex
383 2404 462 2431 Patre
479 2411 526 2438 per
545 2401 656 2429 Filiutn.
672 2398 876 2432 Proptereaque
890 2404 949 2423 crc-

162 2451 254 2478 dimus
274 2450 384 2478 Patrem
404 2456 534 2483 generare
548 2453 573 2472 et
591 2444 754 2480 producere,
771 2448 797 2470 et
816 2449 952 2478 generau—

163 2503 217 2524 tem
238 2497 392 2532 producere
416 2493 566 2522 secundum
589 2490 727 2517 diversum
752 2487 874 2520 modum,
896 2495 950 2514 non

163 2544 316 2572 secundum
330 2542 413 2570 aliam
430 2539 519 2574 ipsius
534 2536 730 2572 proprietatem
747 2545 753 2562 :
771 2534 889 2569 ideoque
905 2541 952 2568 per

164 2591 261 2617 Filium
287 2589 390 2617 dicitur
416 2585 578 2621 producere,
593 2588 621 2610 et
641 2590 689 2618 per
706 2581 807 2609 Filium
824 2582 951 2612 educere,

162 2641 192 2662 ut
212 2636 397 2663 Damascenus
412 2632 509 2659 eodem
538 2631 629 2666 capite
656 2629 740 2656 tradit
758 2638 763 2655 :
787 2638 795 2654 ε
817 2627 951 2655 lievelans

163 2683 260 2710 secreti
280 2679 392 2708 Deitatis
407 2679 493 2705 virtus
509 2678 601 2705 Patris
622 2685 654 2704 ex
676 2675 756 2703 Patre
775 2679 815 2701 est
841 2682 887 2709 per
909 2672 952 2700 Fi-

164 2729 230 2755 ltuut
245 2725 409 2761 pri-cedrus.
429 2734 437 2750 ι

203 2861 340 2887 ’Τιηξὶινιιῖ
366 2870 400 2893 t\,
417 2859 443 2886 ‘2.

1003 2257 1078 2282 ἔστιν
1104 2256 1215 2291 ἰδιότης,
1230 2257 1261 2283 τὸ
1280 2257 1378 2292 γεννᾷν
1399 2257 1453 2292 ἄρα
1483 2257 1531 2284 καὶ
1560 2258 1642 2292 μόνον
1666 2256 1724 2283 ἐστὶ
1740 2256 1792 2283 τοῦ

1005 2303 1112 2338 Πατρδς
1130 2303 1241 2340 ἰδιότης.
1259 2305 1357 2336 Καλῶς
1374 2305 1422 2330 καὶ
1445 2304 1523 2340 παρὰ
1538 2304 1591 2330 τῶν
1606 2304 1655 2338 τῆς
1676 2303 1792 2339 Ἐκκλη-

1005 2350 1065 2381 σίας
1085 2349 1218 2384 οεολόγων
1232 2351 1264 2377 ὲκ
1285 2352 1365 2386 μόνου
1383 2351 1431 2377 τοῦ
1457 2350 1564 2385 Πατρός
1587 2349 1632 2376 τὸν
1647 2349 1712 2375 Υἰὸν
1727 2358 1792 2383 γεν-

1004 2397 1292 2431 νᾶσθαιοεολογοῦπι,
1313 2399 1343 2424 τὸ
1369 2398 1397 2424 δὲ
1422 2396 1535 2432 Πνεῦμα
1560 2397 1611 2423 οὐκ
1637 2396 1669 2422 ὲκ
1698 2395 1790 2430 μόνου,

1006 2443 1066 2470 ἀλλ’
1091 2445 1123 2470 ἐκ
1149 2444 1196 2471 τοῦ
1224 2444 1331 2479 Πατρδς
1359 2444 1394 2471 δι’
1424 2443 1501 2470 Υἰοῦ.
1518 2442 1567 2469 Διὰ
1589 2441 1668 2469 τοῦτο
1684 2441 1731 2469 καὶ
1748 2450 1790 2468 πι-

1006 2491 1139 2526 στεύομεν
1168 2492 1205 2523 ὡς
1232 2491 1246 2516 ὸ
1272 2491 1367 2526 Πατὴρ
1393 2492 1475 2526 γεννᾷ
1493 2490 1541 2517 καὶ
1563 2490 1721 2525 προϐάλλει,
1744 2488 1791 2516 καὶ

1008 2537 1113 2571 γεννῶν
1128 2537 1275 2572 προϐάλλει
1299 2537 1371 2564 κατὰ
1395 2537 1522 2572 διάφορον
1545 2537 1657 2572 τρόπον,
1683 2535 1714 2562 οὺ
1731 2535 1791 2562 κατ’

1005 2583 1089 2618 ἄλλην
1115 2583 1233 2618 ἰδιότητα
1260 2584 1354 2611 αὐτοῦ.
1373 2584 1423 2610 Διὰ
1446 2583 1525 2610 τοῦτο
1546 2583 1594 2609 καὶ
1605 2583 1649 2609 διὰ
1666 2581 1714 2609 τοῦ
1730 2581 1792 2608 Υἱοῦ

1006 2629 1116 2663 λέγεται
1133 2630 1305 2664 προϐάλλειν,
1322 2632 1369 2658 καὶ
1384 2630 1417 2657 δι’
1434 2629 1501 2657 Υἰοῦ
1513 2629 1686 2664 ἐκπορεὺειν,
1699 2630 1735 2660 ὡς
1748 2629 1792 2654 καὶ

1008 2676 1022 2702 ὁ
1045 2677 1223 2712 Δαμασκηνὸς
1241 2679 1269 2704 ὲν
1290 2678 1329 2713 τῷ
1351 2677 1425 2712 αὐτῷ
1447 2677 1588 2712 κεφαλαίῳ
1612 2677 1706 2712 φησιν’
1724 2685 1733 2702 t
1763 2676 1792 2702 Ἡ

1009 2723 1195 2759 ἑκφαντοριχὴ
1213 2723 1259 2750 τοῦ
1277 2724 1396 2759 κρυφίου
1407 2724 1456 2759 τῆς
1472 2723 1598 2758 θεότητος
1614 2723 1732 2754 δύναμις
1746 2721 1790 2748 τοῦ

1011 2768 1117 2804 Πατρδς
1139 2770 1172 2797 ἐκ
1199 2771 1304 2806 Πατρός
1324 2771 1381 2797 ἐστι
1410 2770 1443 2796 δι’
1461 2769 1528 2797 Υἱοῦ
1545 2768 1759 2804 ἐκπορευομένη.
1780 2777 1787 2793 ι
