1863 3057
185 137 236 169 Ξειί

718 135 888 168 GENNADI
898 135 908 164 Ι
937 133 991 165 ΟΡ.
1015 134 1112 165 ΡΛΊἭ
1121 137 1271 167 ΙΑΠΟΙΙίῈ

1804 127 1861 158 ΞῗιΞ

221 195 326 228 Agebat
358 194 573 221 f‘rotcstantium
599 201 711 222 causam
737 193 777 220 vir
793 192 923 221 disertus.
942 194 967 216 et
983 188 1006 216 Δ
1020 191 1214 235 startliationis.
1227 201 1320 221 vocem
1337 193 1475 227 exprimit.
1487 199 1547 226 qua:
1561 191 1586 217 in
1599 188 1861 223 metaphoric‘aut

186 240 280 267 multis
294 245 399 266 natura:
416 240 552 274 praesidiis
567 239 601 266 ad
613 239 736 266 suaviter
754 238 892 273 politeque
906 236 977 262 seri-

186 287 303 314 bendum
329 287 532 321 paratissimus,
549 285 596 314 sed
618 285 752 313 doctrinm
776 283 934 312 mediocris.
951 287 977 308 et

185 333 212 359 in
229 333 393 368 antiqttitate
408 332 610 364 ecclesiastica.
629 331 750 358 maxime
774 337 840 357 vero
861 329 887 355 itt
903 327 977 355 Grat-

185 379 234 404 eize
254 379 377 406 barbarae
404 378 509 412 litteris
520 377 682 412 peregrinus
697 384 779 411 supra
802 382 883 410 quam
901 373 976 401 credi

186 430 285 459 potest.
300 424 453 452 Accedebat
476 424 616 459 negantis,
644 431 704 458 qua:
726 423 784 450 luce
809 422 892 456 magis
918 427 979 454 pcr-

189 471 285 505 spicua
304 470 404 503 forent,
420 475 571 505 sancteque
590 469 625 497 de
652 469 733 496 rebus
751 473 798 495 aut
818 466 977 494 falsissimis

186 521 234 544 aut
250 517 421 544 inanissimis
437 516 600 543 aﬂirmantis
612 515 702 542 audax
716 514 838 549 quidem,
858 513 904 541 sed
921 520 979 538 tuo-

186 562 264 588 desta
284 567 311 589 et
330 561 436 596 placida
454 561 622 595 impudentia
635 580 642 592 .
658 567 718 594 quae
740 560 877 586 hominem
894 565 979 592 popu-

188 607 273 633 larem
300 607 387 641 magis
405 607 476 634 inter
495 613 560 633 suos
593 605 805 636 commendavit,
830 611 911 638 quam
930 602 979 629 do-

185 654 286 684 ctrina.
314 652 482 687 eloquentia,
509 653 634 679 sincerus
661 651 770 677 animus
794 650 920 676 meliores
945 656 978 676 ex

187 701 281 726 eadem
299 703 373 726 secta
390 699 541 733 theologos.
563 698 631 724 Cum
648 705 715 724 vero
732 697 776 723 ille
797 696 888 731 spisso
902 695 979 722 volu-

187 745 260 771 mine
278 749 363 771 totum
389 745 561 771 Albcrtinttm
590 743 764 778 explicuisset
781 762 787 772 .
809 746 835 769 et
855 749 924 768 nova
944 741 978 768 de

187 791 314 824 praesenti
332 790 516 817 Ecclesiarum
535 789 715 816 Orientalium:
735 789 884 823 prtescrtim
901 787 978 814 Grat-

188 844 282 862 carum
301 836 352 862 ﬁde
373 837 488 870 quaestio
506 836 702 862 institueretur
716 836 758 862 vix
783 839 796 861 a
818 834 976 861 Protestan-

189 881 262 908 tibus
277 881 407 913 delibata,
432 882 541 916 negavit
566 881 678 908 Graecos
702 881 815 907 credi-re
837 887 927 907 veram
952 880 977 906 in

192 928 366 955 Eucharistia
394 927 518 961 corporis
538 927 642 955 Christi
665 927 858 961 pra-sentiam:
882 926 904 953 si
931 926 978 960 qui

192 974 317 1000 fortassis
340 974 604 1006 ita’cxistimarent,
620 972 731 1000 Graecos
757 980 772 999 a
794 971 900 999 Latinis
917 977 981 998 eor-

191 1023 287 1053 ruptos
304 1027 364 1047 esse
382 1019 520 1052 asseruit;
542 1023 625 1054 atque
641 1019 679 1046 ita
695 1026 807 1046 causam
825 1018 927 1046 vicisse
941 1018 980 1045 si-

192 1065 218 1093 bi
237 1066 311 1093 visus
330 1070 381 1093 cst.
405 1066 565 1092 l’rovocavit
590 1065 623 1092 ad
653 1064 871 1099 patriarcharum
902 1064 980 1091 testi-

192 1112 306 1144 monia;
332 1112 480 1146 postulavit
502 1115 532 1139 ut
556 1116 617 1138 acta
641 1111 750 1146 publica
773 1111 977 1142 exhiberentur,

191 1163 222 1185 ιιι
246 1158 305 1185 ﬁdei
335 1158 524 1185 confessiones
541 1178 548 1190 .
573 1163 603 1184 ut
633 1156 799 1192 synodorum
818 1155 978 1186 sententizc.

192 1204 354 1231 existimans
385 1203 492 1231 scilicet
523 1203 580 1230 ﬁeri
605 1211 658 1229 non
687 1210 768 1237 posse
793 1206 823 1229 ut
858 1202 914 1228 ha-e
946 1209 979 1229 cx

191 1249 298 1277 Gra'cia
321 1249 499 1277 haberentur.
534 1248 676 1276 Venerunt
701 1254 790 1275 tamen
817 1247 861 1274 vix
886 1247 979 1282 elapso

191 1295 303 1322 biennio
330 1294 513 1322 instrumenta
540 1302 554 1320 a
579 1294 789 1326 Grmcorum,ct
814 1301 828 1320 a
847 1292 977 1328 Syrorum

191 1340 398 1370 Mclchitarum.
416 1339 603 1367 Jacobitarum
631 1345 658 1366 et
679 1340 904 1367 Nestorianornm
929 1340 979 1366 Ec-

192 1387 294 1418 clcsiis.
317 1392 343 1413 et
360 1392 420 1421 post
433 1394 520 1413 annos
538 1387 607 1412 duos
626 1390 654 1413 ct
670 1386 798 1420 deinceps
821 1391 874 1412 tam
896 1386 978 1412 multa

192 1433 244 1460 alia
261 1441 275 1459 a
293 1433 329 1460 cl.
347 1433 406 1459 viro
429 1432 529 1460 Carolo
553 1431 701 1460 Francisco
726 1432 817 1459 Olerio
841 1432 979 1460 Nointelio

191 1479 264 1513 regis
279 1478 312 1505 ad
330 1477 541 1506 Otltomanicam
563 1479 652 1505 aulam
669 1478 768 1513 legato,
785 1483 814 1505 ιιι
830 1479 886 1513 jam
906 1479 978 1505 desi-

191 1525 281 1552 tlcrari
301 1525 367 1552 nihil
386 1529 479 1560 posset
499 1525 539 1552 vel
562 1526 594 1552 ad
616 1525 756 1552 veritatem
774 1525 977 1557 stabiliendam.

192 1573 234 1599 vol
246 1574 278 1598 ad
293 1572 430 1599 hominem
444 1576 577 1606 perpetuo
591 1572 702 1599 silentio
714 1572 909 1599 damnandum.
923 1572 975 1600 Sed

192 1618 238 1652 qui
255 1618 428 1646 verecundia:
452 1618 519 1646 lines
537 1618 620 1645 semel
648 1619 825 1650 transilierat.
847 1627 909 1646 cum
928 1627 976 1646 tta-

193 1665 263 1691 viter
280 1664 424 1698 oportebat
439 1672 501 1692 esse
515 1665 709 1698 impudentem.
726 1664 763 1692 ita
781 1666 827 1701 qui
846 1665 871 1692 in
887 1666 978 1700 priva-

194 1712 229 1737 tis
241 1711 352 1746 judiciis
368 1715 423 1738 tam
439 1714 514 1738 certa
533 1715 656 1738 actorum
679 1711 730 1738 tidc
751 1711 896 1739 calumnia:
913 1719 978 1739 con-

195 1758 282 1784 victus
300 1757 438 1784 infamiam
455 1757 566 1784 tulisset
579 1777 586 1787 .
604 1757 755 1784 cavillando
772 1758 891 1785 obtinuit
906 1759 977 1793 apud

195 1813 258 1831 suos
276 1809 304 1831 ut.
321 1805 372 1831 sibi
390 1804 422 1832 de
440 1805 619 1831 Orientalium
641 1804 763 1831 doctrina
787 1810 882 1832 contra
903 1809 978 1832 acto-

194 1859 254 1878 rum
275 1851 353 1877 lidem
372 1851 539 1878 crederetur.
558 1850 651 1884 Neque
675 1855 734 1877 acta
756 1851 844 1878 solum
869 1856 896 1878 et
918 1859 979 1878 scu-

195 1899 286 1925 tcutia:
304 1896 460 1932 syttodalcs.
477 1897 523 1923 sed
539 1900 565 1923 ct
576 1897 638 1923 libri
652 1897 733 1924 etiatn
751 1897 846 1932 integri
860 1905 892 1923 ex
905 1897 979 1924 Grae-

196 1944 236 1970 cia
259 1943 335 1970 missi
364 1946 437 1973 sunt.
467 1941 568 1976 quibus
596 1946 655 1968 acta
680 1942 925 1973 continuarentur;
953 1948 980 1968 et

197 1999 266 2018 sunt!
279 1991 378 2017 multos
394 1989 426 2016 ad
442 1989 576 2016 saniorem
603 1993 720 2016 mentem
738 1994 888 2020 revocatos.
905 1994 932 2016 et
946 1989 979 2015 ad

197 2038 359 2064 catholicam
388 2035 499 2068 Matrem
524 2044 668 2067 reversos,
699 2043 792 2062 eorum
820 2037 981 2063 auctoritate

197 2094 250 2111 n'tu
274 2085 332 2111 sine
349 2084 442 2110 lattitia
460 2083 565 2117 experti
583 2091 692 2110 sumus.
712 2082 852 2117 Ejusmodi
871 2082 981 2110 fuerunt

198 2132 333 2164 Confessio
350 2130 495 2157 orthodoxa
511 2129 636 2157 Ecclesia:
649 2129 804 2161 Orientalis,
822 2129 888 2163 ipsis
901 2128 981 2156 Iiataa

198 2187 294 2206 \‘orutu
310 2178 381 2213 typis
397 2177 468 2204 edita
487 2177 512 2204 itt
528 2178 644 2210 gratiam
661 2176 841 2211 Panagiottis,
857 2177 980 2210 printarii

199 2224 359 2258 interpretis
374 2222 445 2257 apud
460 2222 612 2249 'l'nrearum
633 2222 842 2256 imperatorem;
859 2222 982 2256 Synadua

197 2269 422 2300 Bclhlchentitica,
443 2273 470 2294 et
482 2267 581 2294 Mclett'i
599 2266 685 2301 Syt't'gi
704 2266 775 2300 Opus
791 2266 915 2294 adversus
933 2268 983 2303 Cy-

199 2317 253 2344 rilli
267 2316 376 2342 Lucoris
392 2316 489 2349 falsam
507 2313 777 2348 ﬁrlcicxposilt‘oncut.
796 2322 877 2348 quato
893 2321 984 2342 tanto-

200 2371 263 2398 pcre
289 2364 483 2389 exosculantur
507 2360 584 2387 utulti
610 2359 810 2392 Protcslautcs,
834 2362 986 2388 reclaman-

199 2411 272 2436 tibus
291 2409 361 2443 apud
378 2416 425 2436 eos
441 2406 619 2435 doctissimis.

235 2457 308 2481 tuter
330 2454 381 2480 alia
394 2462 454 2488 qua:
467 2454 599 2480 adversus
617 2452 767 2479 inauditam
781 2452 894 2480 Lucaris
909 2454 986 2480 theo-

201 2501 298 2536 logiam
321 2500 475 2527 testimonia
498 2499 662 2533 produxerat
679 2499 804 2534 Syrigus,
822 2501 985 2527 occurrebat

202 2548 336 2575 tentrntia
359 2545 505 2576 Gennadii.
523 2545 578 2579 qui,
601 2545 688 2578 inquit
708 2545 761 2576 ille.
782 2545 890 2580 ﬂorebat
915 2547 986 2573 circa

203 2601 302 2621 annum
323 2593 403 2622 “.55.
422 2592 522 2626 primus
539 2595 714 2624 postcnptam
736 2591 826 2617 urbem
847 2592 986 2617 renuntia-

204 2647 244 2668 tus
265 2640 430 2674 patriarcha.
445 2638 492 2664 Illo
513 2644 579 2664 sane
601 2636 760 2664 testimonio
777 2637 819 2664 vix
837 2637 984 2671 quidquam

202 2687 229 2715 3n
243 2689 395 2714 litterarum
415 2683 598 2711 monumentis
613 2683 773 2717 expressius
786 2684 916 2710 occurrit.
930 2683 986 2710 Nec

203 2734 274 2761 enim
300 2732 365 2759 solre
385 2731 525 2758 sententiae
550 2729 682 2757 Gennadii
700 2729 905 2756 Catholicorum
926 2737 989 2757 sen-

206 2778 311 2809 tentiis,
332 2777 380 2804 sed
407 2777 490 2805 verba
514 2776 596 2803 etiam
619 2776 709 2803 verbis
725 2777 902 2807 conveniunt,
924 2776 987 2802 dum

207 2823 463 2851 transmutationem
482 2823 676 2850 elementorum
697 2823 724 2849 in
753 2830 854 2857 corpus
879 2825 905 2849 et
927 2830 990 2849 sau-

207 2868 316 2903 guincm
336 2867 438 2896 Christi
466 2876 513 2904 per
530 2868 746 2904 μετουπιώσιως,
783 2867 841 2896 sire
869 2868 989 2894 transtro

1030 240 1259 275 significationem
1284 241 1355 268 trahi
1373 248 1421 275 per
1441 238 1628 266 calumniOSns
1652 237 1861 267 interpret?”

1030 286 1118 314 tiones
1135 294 1188 313 non
1202 291 1300 321 potest.
1319 286 1347 313 Si
1364 286 1429 320 quid
1445 284 1570 312 fortassis
1588 290 1620 309 ex
1638 277 1861 308 bibliothecis

1030 333 1056 359 in
1074 333 1162 360 lucem
1177 333 1278 364 editur.
1293 333 1366 367 qttod
1384 332 1517 359 doctrina:
1530 329 1675 357 catholica-
1698 325 1861 354 videatut

1029 380 1210 410 contrarium.
1225 379 1279 406 duo
1289 387 1304 406 a
1325 379 1461 413 theologis
1477 375 1600 411 praestari
1615 374 1720 401 solent
1741 380 1752 398 :
1766 377 1861 398 scru-

1031 431 1123 453 tantur
1146 433 1242 460 nempe
1257 426 1378 457 codices,
1396 429 1425 452 ut
1448 424 1565 459 primunt
1585 422 1619 449 de
1632 421 1719 448 illius
1739 418 1804 453 qui
1830 417 1861 446 in

1030 473 1217 500 testimonium
1244 473 1402 503 adducitur.
1422 471 1586 498 auctoritate
1611 471 1733 496 constet
1748 487 1758 498 ,
1789 469 1859 490 tum

1030 518 1154 545 doctrina
1172 518 1334 552 explicatur.
1357 525 1445 551 neque
1460 517 1482 543 si
1504 523 1519 543 a
1540 514 1644 548 vulgari
1665 513 1694 539 in
1713 519 1787 544 qua
1809 509 1861 534 vi-

1029 565 1119 591 vimus
1140 564 1269 598 opinione
1285 564 1411 591 recedere
1425 564 1561 594 videatur.
1573 560 1665 588 statim
1687 561 1858 585 censetur

1029 610 1210 643 explodenda.
1224 610 1275 643 Qui
1290 611 1369 637 aliter
1386 609 1485 640 fecere.
1505 613 1533 635 ιιι
1550 608 1614 633 olim
1630 611 1766 633 avorum
1790 610 1859 628 mn-

1031 656 1116 690 ntoria
1137 656 1236 683 Petrus
1260 656 1417 687 .‘ilolinaeus.
1439 654 1485 689 qui
1512 658 1683 688 quaecunque
1713 649 1855 675 Patrum

1030 702 1143 736 scripta,
1167 703 1189 729 si
1210 710 1267 729 sua:
1292 707 1375 729 sectae
1399 701 1507 736 placitis
1527 699 1759 726 adversarentur
1774 715 1784 726 .
1823 698 1857 719 ut

1030 750 1122 782 spuria
1140 748 1290 782 rejiciebat.
1312 749 1329 774 ii
1356 747 1578 774 doctissimorum
1604 745 1676 770 inter
1698 749 1785 769 suos
1807 740 1855 765 vi-

1031 802 1125 820 rorum
1140 801 1283 821 censuram
1303 793 1406 828 experti
1423 797 1497 820 sunt.
1514 791 1547 818 At
1571 797 1659 817 novus
1676 788 1729 814 ille
1757 786 1854 812 thro-

1031 842 1108 876 lngus
1125 849 1213 875 neque
1237 840 1465 868 bibliothecarum
1483 838 1585 865 forulos
1605 839 1760 863 sinuatus
1787 836 1850 858 est.

1034 894 1121 921 neque
1138 887 1254 914 criticen
1277 887 1358 913 ullam
1373 885 1505 915 adhibuit,
1523 883 1570 911 sed
1585 887 1668 908 totam
1684 878 1848 906 Grmciam

1031 938 1163 964 veterem.
1177 941 1287 965 novam.
1300 936 1326 959 et
1338 938 1507 966 quaecunque
1529 929 1636 955 tandem
1652 928 1753 953 futura
1773 924 1848 953 erit,

1032 987 1086 1007 uno
1101 980 1152 1007 sibi
1176 979 1250 1006 visus
1265 983 1307 1006 est
1332 981 1494 1012 argumento
1513 973 1706 1010 prostravisse.
1730 970 1846 997 Aiebat

1031 1026 1136 1054 scilicet
1160 1033 1189 1052 se
1215 1025 1345 1058 probasse
1372 1027 1506 1058 quantum
1535 1022 1603 1049 satis
1623 1023 1693 1050 erat.
1717 1016 1846 1045 Graecis

1029 1072 1204 1107 praesentiam
1217 1071 1327 1102 realem.
1340 1071 1425 1097 multo
1443 1069 1533 1097 minus
1545 1067 1682 1095 transubst
1689 1063 1845 1092 antiatio-

1031 1127 1092 1146 nem
1112 1118 1222 1145 venisse
1242 1123 1376 1150 nusquam
1399 1115 1426 1141 in
1446 1119 1576 1142 mentem.
1592 1118 1689 1138 omnes
1714 1110 1758 1136 alr
1779 1107 1841 1134 ini-

1030 1165 1067 1193 tio
1092 1165 1271 1192 schismatttm
1289 1170 1348 1189 eam
1368 1161 1448 1188 fidem
1470 1159 1618 1189 habuisse.
1636 1164 1699 1191 qua:
1724 1153 1839 1190 Cyr-illi

1023 1210 1145 1237 .Lucaris
1164 1208 1345 1236 Confessionc
1361 1207 1549 1234 contineretur
1563 1212 1569 1230 :
1586 1203 1633 1238 qui
1649 1210 1716 1236 ergo
1744 1200 1841 1227 aliter

1029 1256 1174 1285 scntirettt.
1188 1261 1236 1281 eos
1247 1253 1451 1287 Λατινόφρονας
1464 1258 1536 1282 esse.
1552 1256 1606 1276 non
1627 1247 1743 1275 Graecos
1763 1245 1838 1280 lcgi<

1029 1301 1120 1331 timos.
1139 1300 1184 1327 sed
1197 1300 1277 1326 avita!
1290 1299 1363 1334 fidei.
1377 1303 1576 1330 sacraruntque
1588 1294 1742 1328 patriorum
1763 1299 1838 1325 pro-

1028 1347 1145 1377 ditores.
1164 1353 1282 1381 quorum
1301 1345 1372 1371 nulla
1393 1347 1467 1370 esset
1491 1343 1517 1368 in
1543 1339 1679 1375 ejusmodi
1706 1343 1836 1366 contro-

1028 1393 1127 1420 versiis
1146 1392 1308 1419 auctoritas.
1327 1389 1383 1417 Hoc
1402 1388 1579 1416 fundamento
1601 1385 1720 1413 salutixa
1748 1383 1836 1412 stetit

1028 1446 1078 1474 per
1106 1446 1194 1465 annos
1210 1437 1311 1464 multos
1341 1440 1396 1462 tota
1414 1433 1628 1462 Claudiauarum
1648 1431 1832 1465 argutiarum

1030 1485 1168 1512 machina.
1184 1483 1262 1510 Mitto
1284 1482 1337 1509 alia
1359 1480 1652 1518 cjusmodiuquorum
1676 1477 1718 1504 vel
1747 1477 1833 1511 ipsos

993 1527 1017 1559 ο
1033 1530 1219 1558 Protestantes
1237 1528 1347 1563 pudeat,
1366 1532 1393 1554 ιιι
1413 1527 1515 1553 ntultos
1534 1533 1599 1552 sane
1629 1524 1721 1551 audiri
1749 1523 1833 1549 viros

1029 1577 1115 1604 bonos
1129 1576 1174 1610 qui
1189 1574 1335 1602 Claudium
1349 1574 1438 1600 valere
1454 1572 1593 1607 juberent.
1610 1570 1681 1604 quod
1694 1576 1831 1597 commu-

1028 1631 1090 1651 ncm
1108 1629 1220 1649 causam
1246 1621 1272 1647 in
1299 1620 1367 1647 tales
1391 1619 1532 1651 angustias
1554 1617 1725 1646 deduxisset.
1748 1615 1831 1642 unde

1029 1668 1124 1704 pedem
1138 1667 1241 1695 referre
1253 1674 1307 1694 non
1324 1665 1432 1692 licebat.
1445 1664 1539 1698 Neque
1551 1663 1635 1694 enim.
1648 1662 1830 1697 inquiebant,

1028 1719 1126 1743 nostra
1154 1713 1237 1741 refert
1261 1712 1327 1747 quid
1357 1711 1444 1740 Gra'ci
1471 1715 1518 1738 aut
1540 1709 1639 1744 reliqui
1666 1708 1831 1736 Orientales

1028 1761 1153 1792 credant,
1169 1759 1234 1794 quid
1258 1759 1415 1793 vituperent
1437 1758 1464 1784 in
1489 1760 1582 1784 nostra
1605 1754 1741 1785 doctrina.
1763 1760 1830 1788 quae

1029 1814 1083 1834 non
1094 1806 1220 1833 humanis
1229 1805 1435 1839 peregrinarum
1448 1801 1629 1830 Ecclesiarum
1639 1799 1828 1830 testimoniis.

1030 1853 1076 1881 sed
1093 1853 1152 1880 solo
1167 1852 1212 1878 Dei
1230 1852 1316 1878 verbo
1332 1851 1439 1878 nititur.

1065 1898 1219 1925 Productus
1238 1899 1298 1923 erat
1318 1903 1348 1922 ex
1367 1895 1474 1922 Meletio
1488 1893 1584 1928 Syrigo
1597 1891 1780 1923 Gennadius;
1800 1894 1828 1917 et

1031 1951 1092 1971 cum
1113 1949 1241 1977 excerpta
1267 1950 1301 1969 ex
1324 1942 1417 1969 eoden
1434 1940 1589 1966 Iticltardus
1614 1938 1709 1965 Simon
1728 1936 1827 1971 publi—

1031 1994 1134 2021 cassct.
1146 1989 1265 2016 'l'bomas
1291 1988 1377 2015 Smith
1395 1987 1537 2019 theologus
1558 1983 1722 2011 Oxonieusis
1736 1990 1824 2018 Oplls-
1837 2000 1843 2007 .

1032 2036 1093 2063 cula
1112 2036 1166 2062 dno
1189 2034 1273 2062 edidit
1288 2033 1321 2060 de
1339 2032 1494 2059 Graecarum
1514 2028 1698 2056 Ecelesiarum
1726 2032 1816 2060 statu,

1032 2088 1058 2110 et
1079 2081 1253 2109 Misccllauea
1270 2078 1404 2113 qumdam,
1432 2077 1459 2102 in
1485 2075 1584 2109 quibus
1601 2074 1634 2101 de
1653 2073 1817 2100 Gra‘corum

1033 2129 1095 2160 fide,
1115 2128 1148 2154 de
1164 2126 1257 2162 Cyrilli
1275 2124 1387 2151 Lucoris
1409 2122 1590 2149 Coufessionc
1606 2125 1632 2148 et
1654 2121 1714 2155 ejus
1735 2121 1822 2147 histo-

1034 2176 1073 2202 ria
1091 2181 1195 2201 veteres
1212 2172 1314 2198 incidas
1331 2169 1493 2197 certissimis
1510 2168 1679 2203 argumentis
1695 2167 1820 2192 confuta-

1037 2227 1078 2248 tas
1094 2221 1190 2246 iterum
1207 2217 1360 2252 proposuit,
1376 2220 1458 2249 atque
1475 2215 1546 2241 inter
1558 2214 1609 2239 alia
1625 2213 1818 2239 divinationem

1036 2268 1166 2294 adversus
1191 2264 1377 2294 Gennadium.
1407 2262 1446 2289 vel
1473 2262 1562 2294 potius
1589 2260 1720 2286 adversus
1743 2258 1818 2285 Mele-

1036 2314 1103 2340 tium
1119 2311 1257 2347 Syrigum,
1272 2316 1352 2344 quem
1371 2307 1519 2342 supposita:
1537 2305 1679 2332 Geunadio
1698 2303 1818 2330 llontilise

1035 2360 1068 2387 de
1084 2357 1257 2386 Eucharistia
1283 2363 1361 2383 reum
1382 2354 1497 2389 peragit,
1523 2352 1606 2379 rutilis
1631 2350 1747 2380 indiciis.
1771 2349 1815 2376 sed

1037 2410 1141 2432 tantutu
1165 2403 1341 2438 conjecturis.
1366 2408 1426 2436 qua)
1443 2399 1542 2434 opinor
1564 2397 1649 2431 :cquis
1673 2395 1816 2423 lectoribus

1038 2450 1206 2477 inanissima).
1236 2448 1412 2475 videbuntur.
1450 2444 1535 2471 Docet
1568 2450 1678 2477 quoque
1704 2440 1813 2468 Gabricli

1038 2495 1233 2530 Philadelphia:
1254 2493 1433 2528 metropolita:
1448 2491 1547 2518 debere
1567 2489 1676 2516 Gratcos
1693 2487 1815 2514 recentio-

1038 2551 1081 2570 res
1106 2550 1198 2569 t'ocem
1216 2539 1433 2576 μετουτιώσεως,
1457 2544 1510 2572 qua
1529 2536 1562 2563 ab
1587 2535 1667 2561 annis
1685 2533 1812 2567 octoginta

1038 2589 1076 2616 uti
1101 2588 1201 2617 solent.
1222 2594 1254 2613 ex
1271 2593 1325 2620 qtto
1342 2583 1431 2611 infusa
1456 2582 1527 2616 apttd
1545 2588 1593 2608 eos
1616 2579 1736 2606 latinitas
1759 2577 1811 2608 fuit.

1038 2634 1110 2669 quod
1136 2632 1312 2660 falsissimum
1332 2637 1394 2658 esse
1414 2627 1534 2663 Epistola
1556 2625 1655 2652 Mcletii
1672 2625 1751 2659 l’igaz.
1770 2630 1812 2657 pa-

1039 2680 1166 2707 triarchae
1181 2676 1356 2705 Alexandrini
1370 2695 1377 2707 .
1394 2682 1475 2709 quam
1511 2672 1629 2701 edimus.
1647 2670 1692 2697 fiet
1709 2669 1811 2696 manife-

1039 2733 1126 2754 stum.
1153 2723 1245 2750 Virum
1266 2729 1325 2753 sua,
1343 2726 1371 2748 ιιι
1391 2720 1589 2749 existimamus,
1602 2715 1697 2750 religio
1720 2714 1810 2745 fefellit,

1041 2771 1119 2806 cujus
1139 2770 1266 2796 laborans
1284 2766 1463 2802 prmjudiciis,
1477 2761 1715 2796 (ionstautinopoli
1733 2759 1809 2787 indili-

1043 2823 1148 2852 gentem
1169 2815 1281 2842 omnino
1298 2821 1407 2848 operam
1433 2811 1542 2839 naravit
1558 2810 1584 2836 itt
1600 2817 1632 2836 eo
1646 2808 1717 2843 quod
1734 2814 1809 2835 suscc‘

1043 2869 1118 2893 DCt‘at
1138 2862 1245 2897 negotio
1260 2861 1431 2896 explicando,
1448 2863 1493 2886 aut
1518 2858 1633 2885 fateatur
1655 2861 1761 2882 necesse
1775 2858 1807 2880 est
