1863 3057
48 128 104 155 2δῖ

819 133 839 160 \'
848 133 904 161 l'l'A
911 155 917 162 .

1633 131 1686 162 ΞΜ

50 181 122 208 nihil
142 180 209 208 inde
233 181 364 209 retulisse.
376 183 447 217 quod
469 183 502 210 ad
526 191 616 211 causa:
634 184 779 219 deplorata:
794 194 884 220 Slth
901 188 957 218 rit;
985 195 1046 214 nam
1075 187 1123 213 soli
1150 187 1329 214 ecclesiastici
1353 186 1571 218 sttltseribebant,
1598 191 1625 212 et
1650 194 1684 213 ex

52 227 243 259 ratrociuium
269 229 427 262 pertineret.
444 228 539 256 Varios
562 231 633 257 enim
662 238 786 258 rumores
813 232 847 259 de

53 271 170 303 Lucari,
185 279 257 306 quos
276 273 403 301 Ecclesia!
415 274 728 310 Constantinopolitante
744 278 847 304 tabu'a-

52 319 93 344 ria
110 317 253 347 refellunt.
271 319 439 354 collectoque
455 328 485 347 ex
501 321 602 348 Atlatio
614 327 640 348 et
653 321 844 358 Caryophyllo.

53 363 76 389 si
91 371 124 389 ex
143 363 324 390 miscellaneo
339 364 385 391 illo
413 372 496 399 opere
512 367 675 400 dempseris,
692 368 848 402 quicunque

55 409 173 436 (ἔκιες-ἰῶ
190 410 355 437 recentioris
381 411 486 438 litteras
505 413 547 438 vel
570 413 738 446 primoribus
764 414 847 441 labris

55 454 227 488 degustarit.
245 455 314 482 nihil
340 464 450 488 novum,
470 458 537 484 nihil
562 463 637 486 trans
659 467 734 486 mare
753 466 847 487 natum

55 505 199 529 agnoscet.
219 500 309 527 Nemo
333 502 495 534 catholicus,
520 504 570 530 etsi
595 504 685 531 Allatii
700 524 706 536 ,
726 504 849 537 Arcudii,

58 545 251 580 Caryopltytli.
268 551 295 572 et
318 547 433 574 aliorum
452 548 520 575 bene
541 549 574 576 de
593 548 712 576 Ecclesia
739 550 849 578 merito-

60 598 118 615 rum
146 591 310 616 memoriam
338 600 399 618 cum
423 593 556 619 cttaritatc
581 595 797 628 complectatur.
822 596 849 622 in

60 643 155 662 eorutn
173 636 257 662 verba
282 637 429 671 jnrantlum
454 639 505 665 sibi
525 639 684 671 arbitratur,
709 645 756 666 aut
783 641 849 667 nihil

62 682 87 706 in
105 689 203 708 eorum
220 683 333 716 srriptis
347 684 496 710 desiderat.
513 683 570 710 lttto
584 685 628 719 qui
644 692 673 712 se
694 686 719 712 in
742 686 849 713 Grmcas

63 727 169 753 litteras
185 728 362 759 abdiderunt,
380 730 545 763 codicesque
560 730 636 763 ipsos
658 731 731 758 serio
748 736 850 758 tracta-

62 775 170 802 verunt,
190 772 351 799 desiderant
374 774 481 800 illorum
505 774 673 809 diligentiam
689 780 715 802 et
732 777 851 811 pruden-

64 817 139 848 tiam,
157 824 209 844 nec
232 826 296 844 raro
314 821 459 847 candorem
482 825 509 846 et
530 821 628 848 bonam
648 821 738 848 fidem.
755 821 850 849 Testes

64 869 101 889 lol
119 864 321 891 catholicorum
346 866 405 893 libri
423 867 488 893 editi
512 868 546 894 ab
573 868 652 895 annis
677 869 799 903 triginta,
824 869 850 895 in
869 861 888 888 Β

64 909 162 941 quibus
189 911 327 938 Arcudius
354 913 462 946 vapulat
481 916 609 947 tanquam
633 919 778 948 perpetuus
798 914 851 942 Ec-

65 955 154 981 clesiae
169 955 273 982 Grzecaa
289 956 488 990 calumniator;
514 959 613 986 Allatto
639 967 691 986 non
713 961 850 994 parcitur;

64 999 265 1035 (Zaryotiltyllus
280 1006 307 1027 et
319 1002 363 1028 alii
381 1001 623 1038 Hellenomastigcs
637 1013 707 1040 stupe
724 1006 854 1033 refellun-

66 1050 118 1070 tur.
144 1045 196 1077 Qui
223 1046 308 1078 igitur
342 1046 467 1082 Syrigutn
497 1052 624 1083 tanquam
656 1049 853 1084 ὑποϐολιμαῖον

65 1090 241 1125 scriptorem,
267 1091 440 1120 Gennadium
459 1099 488 1120 ut
502 1094 686 1131 Λατινόφρονα
707 1096 853 1123 traducere

66 1137 92 1163 in
106 1137 230 1164 animum
249 1138 394 1166 induxerat
407 1147 500 1173 suum,
518 1140 634 1168 debebat
648 1141 672 1169 is
689 1142 783 1176 procul
800 1143 851 1169 du-

69 1183 110 1209 bio
126 1190 180 1210 non
195 1183 341 1218 Attalium,
357 1192 411 1211 non
426 1184 587 1219 Arcadium,
607 1194 662 1214 non
674 1186 850 1215 Passerinum

69 1230 237 1261 exscribere.
253 1231 302 1258 sed
323 1231 432 1259 codices
443 1239 510 1259 mss.
524 1232 556 1259 ad
572 1240 642 1267 quos
660 1241 850 1267 provocamus,

69 1281 98 1301 ea
110 1274 303 1302 de’Gennadio
317 1275 430 1308 dictttri,
447 1284 508 1312 quze
520 1277 593 1305 nulla
609 1278 738 1312 deinceps
749 1278 854 1305 ratione

72 1321 160 1348 vocari
177 1321 287 1356 possint
304 1322 330 1348 in
351 1322 478 1350 dubium.
504 1324 557 1351 Sed
580 1324 656 1359 prius
679 1325 805 1352 videntur
826 1325 852 1351 in

72 1367 185 1394 medium
207 1367 366 1395 adducenda
385 1376 445 1403 qua:
471 1369 506 1396 ab
531 1370 691 1398 auctoribus
713 1371 853 1398 catholicis

73 1406 103 1440 de
118 1413 263 1441 Gennadio
278 1414 377 1448 scripta
392 1419 465 1446 sunt,
492 1415 593 1449 quibus
610 1423 687 1442 suam
714 1415 853 1443 Smitbeus

73 1459 283 1494 disputationem
317 1465 448 1495 tanquam
480 1460 646 1488 certissimis
667 1461 854 1489 fundamentis

74 1506 264 1540 superstruxit.

903 232 981 259 laicis
1008 237 1106 266 przeter
1134 232 1322 265 imperatorem
1342 236 1439 258 ‘nemo.
1460 231 1594 258 Reversus
1616 231 1686 258 Cou-

901 277 1107 311 stantinopolim
1129 276 1285 304 Gennadius
1302 284 1373 303 anno
1400 275 1477 305 M59.
1492 281 1549 310 post
1576 276 1686 302 absolu-

901 324 954 346 tam
974 321 1118 355 synodum,
1138 321 1164 346 in
1183 327 1278 354 magna
1298 321 1368 354 apud
1384 319 1514 347 Joannem
1534 320 1681 354 imperato-

900 374 957 393 rem
974 366 1238 400 Cttnstantinumque
1256 365 1364 392 fratrem
1384 371 1408 392 et
1423 372 1611 392 successorem
1640 365 1684 391 diu

885 412 1004 445 -gnitate
1028 412 1106 442 vixit,
1125 419 1212 445 usque
1228 411 1259 437 ad
1277 418 1378 437 annum
1407 411 1486 442 1455,
1502 410 1549 445 qui
1570 411 1684 445 imperio

902 458 1057 485 Grzrcorum
1093 457 1400 491 Constantinopolitano
1437 464 1583 491 supremus
1621 457 1682 484 fuit.

900 503 968 536 Quid
983 511 1045 530 vero
1058 503 1124 530 totis
1137 503 1180 530 his
1192 503 1272 530 annis
1288 503 1416 530 tredecim
1431 502 1571 530 Gennadio
1583 502 1684 529 factum

900 550 945 580 sit,
971 549 1101 575 divinavit
1125 549 1250 575 Allatitts.
1272 547 1369 582 Neque
1393 548 1466 574 enim
1489 555 1503 574 a
1521 547 1684 574 Grteeoullo

901 599 1011 621 auctore
1031 594 1125 620 didicit
1138 601 1197 620 eum
1213 594 1353 621 catholica:
1377 593 1449 625 fidei,
1468 600 1547 626 quam
1571 593 1686 619 Floren-

902 642 946 666 tia:
965 648 1025 667 cum
1050 639 1111 677 aliis
1134 639 1237 667 Grrcris
1262 640 1401 673 professus
1421 638 1519 669 fuerat,
1535 638 1685 665 observan-

902 686 1048 717 tissimum,
1073 684 1276 711 schistnastieos
1309 691 1375 710 voce
1406 688 1433 710 et
1446 683 1556 717 scriptis
1586 682 1686 709 conﬁr-

902 738 990 757 masse
1003 750 1009 760 .
1029 730 1179 764 praesertim
1202 738 1265 756 vero
1282 729 1402 756 Marcum
1425 729 1570 763 Ephesium
1596 729 1684 754 srltis-

902 776 981 804 matis
1002 777 1224 810 antesignanum.
1246 775 1396 809 Latinoque
1410 774 1512 801 nomini
1528 773 1683 801 infensissi-

903 830 987 849 mttm.
1000 822 1068 856 Quia
1090 827 1178 848 tamen
1197 829 1228 849 ex
1246 822 1329 848 variis
1351 821 1419 848 actis
1435 825 1462 848 et
1486 819 1682 852 monumentis,

903 876 1016 903 quorum
1033 875 1119 902 pauca
1140 867 1213 894 edita
1233 872 1307 897 sunt.
1326 867 1428 902 reliqua
1445 871 1589 894 servantur
1603 866 1629 892 in
1645 865 1685 891 bi-

905 914 1067 946 bliothecis,
1088 913 1247 948 intelligitur
1273 913 1367 940 eodem
1395 918 1518 947 tempore
1539 911 1683 946 quemdam

905 959 1050 993 Georgium
1062 959 1233 986 Seltolarium
1249 958 1340 986 Marco
1355 959 1472 992 Ephesio
1486 965 1591 985 summa
1607 957 1684 983 fami-

906 1005 1022 1032 liaritate
1033 1005 1219 1038 conjunctum,
1237 1005 1320 1031 multa
1334 1003 1465 1031 adversus
1493 1004 1603 1031 Latinos
1618 1004 1685 1030 scri-

906 1051 1002 1086 psisse.
1016 1050 1161 1078 Matthaeus
1177 1050 1384 1085 Caryophytlus,
1399 1055 1495 1077 eteum
1509 1054 1619 1077 secutus
1628 1049 1684 1076 Leo

904 1097 1033 1129 Allatius,
1046 1096 1114 1124 duos
1122 1095 1290 1127 Gennadios,
1302 1096 1371 1122 duos
1382 1095 1514 1129 Georgios
1527 1095 1684 1122 Srhotarios

905 1141 1076 1173 eﬂinxerunt,
1093 1140 1168 1167 illum
1188 1141 1233 1175 qui
1248 1140 1366 1167 concilio
1379 1140 1535 1167 Florentino
1549 1138 1682 1171 interfuit,

906 1188 1088 1219 catholicum;
1105 1187 1218 1213 alterum
1239 1186 1428 1214 schitnaticum
1448 1193 1510 1213 esse
1533 1185 1682 1220 jusserunt.

907 1233 955 1260 Hic
975 1232 1125 1260 monachus
1146 1232 1245 1264 factus,
1262 1231 1393 1259 Gennadii
1410 1239 1507 1258 nomen
1522 1230 1602 1258 simul
1622 1238 1682 1256 cum

908 1279 999 1305 habitu
1025 1277 1163 1312 religionis
1186 1277 1306 1312 accepit;
1322 1277 1368 1304 ille
1388 1285 1418 1304 ex
1438 1277 1507 1303 laico
1531 1277 1618 1303 factus
1640 1283 1686 1309 pa-

907 1323 1025 1352 triarcha
1053 1328 1114 1358 post
1142 1329 1247 1358 captam
1276 1323 1382 1356 urbem,
1403 1322 1559 1350 Gennadius
1578 1330 1705 1356 quoque-

907 1378 977 1398 noro
993 1371 1103 1398 nomine
1118 1371 1271 1406 appellatus
1287 1370 1347 1401 fuit,
1366 1370 1410 1404 qui
1427 1373 1489 1404 post
1504 1377 1591 1396 annos
1607 1371 1686 1403 quiu-

906 1424 968 1451 que,
983 1416 1113 1451 depositis
1130 1416 1223 1443 infulis
1238 1415 1478 1451 patriarchalibus,
1504 1415 1530 1441 in
1549 1421 1686 1441 monaste-

907 1463 977 1491 rium
1003 1471 1031 1491 se
1056 1463 1168 1497 recepit,
1183 1466 1265 1497 atque
1291 1469 1363 1489 anno
1392 1462 1505 1489 circiter
1529 1461 1597 1488 M60
1614 1461 1684 1488 diem

907 1517 987 1536 suum
1002 1509 1080 1536 obiit.
1092 1508 1150 1535 lmo
1164 1508 1245 1535 alium
1255 1507 1399 1542 quemdam
1413 1507 1557 1542 Georgium
1573 1506 1686 1534 Schola-

105 1552 326 1588 Gennadius,qui
337 1554 440 1588 primus
448 1553 623 1581 ttovaomaz
632 1553 787 1589 patriarcha
795 1557 854 1588 post
867 1539 890 1571 α
908 1555 975 1581 rium
988 1554 1138 1582 Cortesium
1152 1554 1290 1582 etStitisse
1301 1553 1458 1588 suspicatur
1469 1539 1593 1584 Allatius,
1605 1560 1685 1586 quem

77 1598 178 1632 imperii
200 1597 358 1626 Graecorum
370 1600 516 1627 Orientalis
531 1599 666 1627 excidium
684 1600 854 1627 renuntiatus

77 1649 123 1677 rst,
147 1649 212 1672 ante
238 1649 394 1679 susceptam
421 1645 578 1678 dignitatem
596 1644 703 1679 Georgii
719 1644 853 1671 Scholarii

76 1699 169 1718 nomen
204 1691 311 1719 habuit.
340 1692 379 1718 lta
412 1696 548 1719 testantur
576 1696 702 1718 auctores
729 1691 855 1718 Historia:

35 1749 39 1752 ι
77 1738 384 1772 Constantinopolitanae
400 1738 469 1771 apud
489 1737 616 1764 Crusium
633 1738 660 1764 in
675 1736 855 1764 Turco-Grze-

77 1784 113 1810 cia
129 1794 135 1811 :
154 1792 165 1809 «
183 1784 333 1818 Elegerunt
346 1803 353 1815 ,
378 1783 477 1817 inquit,
498 1783 690 1818 philosophum
714 1783 853 1809 domintttn

77 1829 231 1864 Georgium,
248 1828 336 1855 virum
353 1833 478 1856 sanctum
491 1832 518 1855 et
536 1827 750 1863 pium,judicem
769 1828 855 1862 impe-

77 1876 167 1902 ratorii
187 1875 297 1910 jttdieii,
314 1879 341 1902 et
356 1875 515 1901 electionem
529 1875 589 1908 ejus
613 1874 690 1908 juxta
712 1877 858 1900 consuetu-

79 1923 162 1949 dinem
191 1922 436 1949 acclatttationibus
458 1921 680 1955 comprobantes,
705 1921 857 1947 constitue-

81 1972 141 1994 tuut
170 1967 368 2002 patriarcltam,
394 1966 562 2000 appellantes
589 1972 650 1992 eum
674 1963 855 1991 Gennadium.

80 2014 163 2047 llunc,
176 2019 206 2042 ut
218 2015 315 2042 scribit
325 2013 458 2044 Malaxus.
473 2012 593 2039 Joannes
601 2012 779 2047 Paleeologus.
794 2018 856 2038 cum

80 2060 103 2087 in
117 2060 263 2087 Frattciam
281 2066 328 2086 seu
346 2058 449 2085 italiam
461 2057 691 2092 proﬁcisceretur,
704 2057 750 2084 ubi
769 2057 858 2083 habita

79 2110 116 2131 est
130 2110 228 2131 octava
244 2104 376 2138 synodus,
394 2111 486 2130 secum
508 2102 586 2129 duxit
602 2106 729 2136 tanquam
753 2102 859 2135 sapien-

80 2153 225 2179 tissimum.
252 2160 262 2176 ι
288 2151 314 2178 ln
340 2150 414 2176 Actis
437 2149 539 2176 Grmeis
568 2147 730 2175 Florentium
751 2148 858 2182 synodi,

80 2205 144 2225 sess.
163 2196 209 2229 ‘25,
235 2195 342 2229 Georgii
357 2194 491 2222 Scltolarii
517 2194 598 2221 verba
618 2193 651 2220 ad
669 2194 857 2227 imperatorem

80 2243 243 2272 referuntur,
261 2248 275 2266 a
290 2247 344 2275 quo
357 2244 466 2274 rogatus
480 2239 642 2266 sententiam
659 2239 692 2265 de
713 2238 858 2266 sancienda

82 2297 136 2316 cum
158 2287 268 2314 Latinis
287 2286 453 2318 concordia,
476 2285 617 2319 respondit
642 2292 672 2311 se
698 2284 753 2319 jam
779 2284 860 2311 editis

82 2334 248 2362 orationibus
268 2332 429 2366 exposuisse
444 2333 512 2365 ‘qua:
528 2331 580 2358 sibi
605 2337 681 2357 mens
705 2334 787 2361 esset,
805 2336 861 2354 atu-

84 2380 157 2414 ptecti
173 2378 303 2405 Romana:
314 2377 441 2404 Ecclesiae
455 2376 607 2403 doctrinam
623 2376 654 2401 de
673 2374 805 2409 capitibus
818 2373 860 2400 in.

83 2432 119 2453 tcr
142 2431 288 2458 utramque
314 2423 464 2450 Ecclesiam
490 2421 688 2453 controversis,
714 2428 773 2454 quae
798 2427 860 2446 mox

84 2471 200 2505 synodali
215 2469 373 2497 definitione
389 2469 525 2503 explicata
545 2471 619 2494 sunt.
637 2467 735 2493 Earum
752 2473 861 2500 quoque

83 2518 231 2545 orationum
252 2516 353 2543 tnentio
380 2516 408 2542 fit
434 2515 461 2542 in
479 2513 612 2549 Apologia
628 2512 737 2547 Josephi
759 2512 862 2539 Metho-

85 2565 167 2591 tteusis
181 2571 188 2595 ;
208 2567 235 2589 ct
252 2569 349 2596 magna
366 2561 437 2589 inter
451 2561 575 2588 eruditos
589 2559 704 2594 qtta~stio
725 2564 778 2589 est,
796 2566 859 2584 num

85 2610 112 2636 de
126 2610 157 2636 iis
171 2616 242 2644 quas
256 2608 388 2635 habemus
399 2606 493 2634 Grteee
508 2609 535 2633 ct
546 2604 641 2632 Latine
655 2604 681 2631 in
699 2604 860 2630 Bibliothera

87 2655 200 2686 Patrum,
216 2657 243 2682 et
259 2655 286 2680 in
303 2652 481 2680 conciliorutn
498 2650 716 2679 Collectionibus
729 2670 735 2681 .
760 2648 861 2675 intuiti.

86 2702 161 2735 genda
186 2701 244 2728 sint
263 2699 420 2726 Grazcorum
446 2698 576 2725 Actorum
592 2696 683 2723 verba.
712 2695 775 2722 Erat
797 2698 861 2721 quc

85 2747 208 2783 Georgius
223 2745 384 2773 Scholarius
401 2746 474 2772 tuter
489 2744 586 2777 laicos,
596 2742 735 2778 judexque
756 2741 858 2775 prima-

90 2794 138 2822 rius
149 2793 219 2821 ωιτν
248 2792 448 2826 imperatoria;
469 2795 551 2825 atque
577 2789 644 2816 adeo
664 2787 730 2814 nihil
749 2787 858 2818 tnirtqu,

86 2842 147 2875 quod
161 2841 189 2869 in
209 2839 368 2868 definitione
385 2838 514 2874 synodica
533 2834 679 2864 scribendo
694 2842 746 2861 non
764 2833 858 2860 atlt‘uc‘

906 1605 1042 1627 auctorem
1068 1600 1204 1627 existimat
1229 1600 1399 1627 diversorum
1424 1599 1554 1626 adversus
1575 1599 1686 1626 Latinos

905 1653 1034 1680 operum;
1054 1649 1134 1680 atque
1170 1645 1206 1672 ita
1224 1649 1290 1675 tres,
1306 1645 1437 1679 Georgios
1469 1644 1625 1671 Scholarios
1659 1649 1687 1672 et

906 1692 1061 1720 Gennadius
1077 1696 1213 1723 recenset,
1230 1692 1288 1721 sed.
1310 1696 1339 1718 ut
1356 1692 1427 1719 infra
1444 1692 1592 1724 videbitur,
1611 1692 1688 1726 plane

905 1736 1062 1764 infeliciter.
1090 1737 1165 1765 llanc
1189 1741 1279 1764 tamen
1307 1737 1366 1771 ejus
1392 1737 1577 1771 conjecturam
1601 1736 1687 1764 secuti

905 1787 968 1811 sunt
985 1790 1080 1810 omnes
1102 1783 1187 1811 ferme
1216 1783 1356 1817 theologi,
1380 1783 1466 1810 donec
1491 1783 1523 1810 lt.
1539 1782 1633 1809 Sitnon
1647 1782 1688 1808 vir

906 1829 1080 1856 doctissimus
1094 1828 1187 1856 docuit
1206 1828 1368 1855 certissimis
1389 1828 1558 1862 argumentis
1572 1828 1687 1855 'unicum

907 1873 992 1901 fuisse
1003 1873 1184 1901 Gennadium.
1199 1872 1266 1906 Quia
1282 1877 1372 1900 tamen
1390 1873 1447 1900 haec
1467 1871 1544 1907 quasi
1566 1872 1592 1898 in
1616 1880 1688 1906 mp-

908 1922 983 1956 έργῳ
999 1920 1033 1948 ab
1051 1928 1083 1947 eo
1104 1920 1204 1954 scripta
1218 1924 1291 1951 sunt,
1313 1927 1374 1946 curn
1389 1918 1509 1946 brevitas
1524 1918 1614 1953 operis
1633 1926 1686 1944 non

908 1969 1046 2000 pateretur
1066 1970 1094 1992 ttt
1115 1970 1198 1992 totam
1214 1972 1245 1992 ex
1262 1965 1383 2000 antiquis
1416 1964 1600 1991 monumentis
1614 1971 1688 1998 qua:-

909 2012 1026 2038 slionem
1055 2010 1221 2046 explicaret,
1239 2014 1361 2044 superest
1382 2014 1412 2037 ut
1438 2013 1568 2041 quantum
1597 2009 1689 2036 licebit

909 2057 1002 2092 paucis
1022 2065 1080 2085 eam
1095 2056 1278 2091 expediamus.

946 2102 1100 2130 Gennadius
1126 2109 1192 2128 sane
1220 2101 1264 2135 qui
1285 2100 1392 2136 Georgii
1420 2099 1555 2128 Sebolarii
1584 2107 1683 2126 nomen

911 2150 1015 2181 habuit,
1047 2149 1133 2183 patria
1167 2152 1197 2174 ut
1226 2148 1334 2174 videtur
1361 2145 1688 2180 Constantinopolitauus.

876 2210 896 2237 ι)
912 2193 1047 2225 doctrina,
1073 2193 1227 2227 eloquentia
1255 2191 1366 2226 ctjnris
1393 2191 1486 2225 peritia
1518 2198 1640 2222 magnam
1657 2191 1690 2216 ab

913 2239 1025 2266 incttnte
1041 2243 1120 2266 actate
1145 2237 1243 2264 famam
1276 2237 1344 2271 apud
1372 2243 1436 2263 suos
1462 2240 1635 2265 consecutus.
1663 2236 1688 2262 in

916 2285 984 2311 aula)
999 2282 1178 2317 imperatoria
1194 2281 1346 2308 ministerio
1364 2280 1425 2310 fuit.
1453 2284 1595 2313 antequam
1610 2278 1678 2306 Juan

913 2338 961 2357 ttes
974 2329 1141 2363 Palaeologus
1174 2327 1200 2354 in
1224 2327 1327 2353 Italiam
1360 2325 1588 2361 proficisceretur.
1615 2324 1692 2350 Tum;

911 2384 976 2403 vero
995 2375 1096 2409 judicis
1126 2373 1247 2409 primarii
1277 2380 1377 2399 munus
1409 2371 1571 2403 sustinebat,
1586 2370 1692 2405 Κριτὴς

911 2424 962 2453 τῆς
990 2419 1136 2455 βασιλικῆς
1153 2419 1282 2454 κρίσεως,
1314 2422 1343 2444 ιιι
1370 2424 1422 2444 non
1453 2417 1539 2443 solutn
1571 2415 1691 2441 llistoria

911 2467 1020 2502 politica
1047 2470 1074 2493 et
1098 2464 1281 2492 ecclesiastica
1305 2462 1375 2497 apud
1394 2461 1592 2493 Crusiutn,sed
1625 2460 1691 2486 varii
1727 2466 1732 2472 '

911 2515 992 2542 etiam
1016 2512 1212 2548 opusculorum
1241 2509 1312 2536 tituli
1343 2513 1488 2536 testantur.
1515 2507 1691 2542 Negotiorum

912 2559 970 2591 ipse
982 2558 1133 2586 molestiam
1144 2556 1321 2589 conqueritur
1334 2554 1365 2580 ad
1384 2553 1553 2587 Pbilelpltum
1570 2553 1692 2580 scribens

913 2603 954 2629 bis
971 2602 1061 2628 verbis
1075 2609 1080 2626 :
1105 2599 1174 2626 Ἀλλ’
1192 2599 1244 2625 ὐπὺ
1259 2598 1313 2624 τῶν
1324 2598 1351 2623 ὲν
1369 2597 1408 2631 τῷ
1424 2597 1546 2629 δικάζειν
1569 2596 1692 2631 θηρύϐων

911 2648 964 2674 οὐδ’
997 2647 1125 2673 ἀναπνεῖν
1156 2645 1247 2680 σχεδὸν
1279 2642 1516 2678 συγχωρούμενος,
1546 2645 1593 2669 καὶ
1615 2643 1690 2670 ἄκων

911 2692 1092 2728 ἐξαμαρτάνω
1115 2700 1141 2717 τι
1159 2693 1227 2725 πρὸς
1238 2691 1302 2721 τοὺς
1333 2689 1438 2723 φίλους.
1464 2687 1516 2714 Sed
1527 2689 1690 2722 judirt'orum

912 2739 1026 2766 tumultu
1061 2744 1208 2771 oppressus.
1238 2737 1281 2762 ria:
1308 2735 1439 2768 respirare
1465 2738 1493 2760 ut
1518 2734 1689 2762 portendatur.

910 2786 990 2812 etiam
1006 2784 1101 2810 int-itus
1123 2782 1313 2815 nmtttt‘ltilcrga
1336 2780 1434 2806 amicos
1451 2779 1583 2813 delinquo.
1612 2779 1689 2811 Quod

911 2833 991 2859 etiam
1009 2832 1034 2856 in
1047 2830 1106 2857 altis
1123 2828 1287 2864 quibusdam
1314 2826 1347 2852 ad
1377 2825 1480 2852 amicos
1513 2825 1645 2859 epistolis,
1663 2828 1688 2849 ct
