1863 3057
142 113 195 141 ³159

696 111 716 138 C
725 109 882 139 ENNADH
906 107 958 137 (ΣΡ.
982 107 1237 137 PATBIARCll/E

1722 98 1807 133 260

142 167 249 193 circiter
263 171 382 200 tempore
401 166 505 193 Marcus
523 165 672 200 Ephesius,
685 166 765 200 p.mlo
778 170 841 191 ante
855 171 927 191 mor-
942 167 963 192 Λ
979 164 1093 198 recepit.
1115 163 1232 198 Scripsit
1263 162 1344 190 simul
1371 161 1576 189 valedicturiam
1605 159 1804 187 Orationem

143 217 196 238 tom
226 211 338 239 Joannis
354 211 509 245 Palxologi.
539 211 676 246 Georgius
704 211 846 238 morientis
876 217 923 236 su-

144 265 251 291 premas
272 264 350 284 voces
377 257 494 291 excepit,
520 261 547 284 ct
572 257 599 283 in
622 258 682 291 ejus
699 257 780 283 verba
802 256 902 290 jnravit
916 275 923 287 ,

143 301 197 329 Deo
208 307 234 329 et
249 302 353 337 angelis
370 302 398 329 in
415 302 603 330 testimonium
632 303 781 333 advocatis,
803 306 925 328 servatu-

143 355 204 375 \um
232 356 262 375 se
291 355 407 375 veterem
434 349 526 379 tidem,
552 353 579 374 et
623 353 716 375 contra
741 347 924 375 Florentinam

146 395 272 420 unionem
288 399 419 428 perpetuo
430 401 461 420 ex
477 393 558 420 amici
574 397 601 420 ct
614 393 790 427 praeceptoris
807 393 848 420 sui
862 400 925 419 son-

146 440 233 465 tcntia
247 443 442 473 pugnaturum.
456 437 518 464 Hrcc
531 438 587 472 ipse
603 437 698 465 scribit
713 438 739 464 in
757 437 880 472 Epistula
892 436 926 463 ad

146 483 464 517 Constantinopolitanos
506 488 633 518 tanquam
665 483 829 510 notissima:
854 490 927 509 mor-

147 535 222 556 tumn
235 536 300 555 vero
319 529 443 555 oratione
461 529 591 560 laudavit,
608 537 669 563 qua:
686 534 776 556 exstat
793 529 818 554 in
844 529 927 555 variis

147 575 297 602 codicibus.
314 575 426 601 Exstant
442 582 549 608 quoque
566 575 591 600 in
608 575 750 601 codicibus
777 573 868 608 Regiis
882 582 927 600 cx-

149 626 232 646 trcma
247 619 327 646 Μιτυί
343 619 452 653 Ephesii
467 620 590 646 morituri
605 619 638 645 ad
652 619 824 646 Scltolarium
836 621 927 651 verba,

149 667 248 700 quibus
263 666 313 700 ipsi
329 665 430 692 Gra'cae
447 664 573 692 Ecclesia:
588 671 614 692 et
632 665 691 699 ejus
710 665 869 699 dearmatum
881 665 927 691 dc-

150 712 303 738 fcltsiotlctn
324 711 518 738 commendat:
538 711 671 738 Scholarii
695 719 803 745 quoque
818 718 930 745 respon-

149 759 200 789 sio,
215 764 275 791 quae
290 756 353 783 huic
369 756 496 790 Epistolas
508 757 587 790 plane
604 761 786 783 consentanea
806 760 857 782 est.

185 802 280 829 Joauni
297 801 447 834 l’ulmologo
470 800 813 828 succcssitConstautmus
831 800 928 832 lrater,

153 849 347 882 imperatorum
369 846 735 880 Constantinopolitanorum
763 850 931 879 postremus,

151 899 267 920 exeunte
288 900 360 919 anno
382 892 448 919 Jcsu
467 891 568 920 Christi
593 892 673 918 Hi8.
689 891 767 925 Apud
784 898 864 926 quem
878 896 934 918 sta-

153 939 200 965 tim
215 937 374 964 Scholarius
391 941 536 964 accusatus
557 940 609 967 est,
627 936 707 971 quasi
727 936 934 967 ecclesiasticis,

153 985 223 1018 apud
240 991 308 1017 quos
333 983 479 1018 plurimum
502 986 620 1017 poterat,
644 985 748 1010 auctor.
758 981 855 1010 luisset
871 990 935 1016 pro-

153 1030 337 1058 crastinandaa
369 1029 556 1057 coronationis
582 1036 643 1063 quae
664 1028 853 1056 ecclesiastico
879 1030 934 1056 ritu

154 1084 216 1103 cum
236 1076 320 1103 variis
340 1076 466 1111 precibus
483 1075 616 1102 celebrari
637 1074 753 1103 solebat.
776 1074 869 1110 Neque
885 1083 933 1103 ne-

154 1121 233 1157 gabat
248 1122 327 1155 plane
339 1120 476 1155 Georgius
493 1121 654 1148 Scliolarius
666 1120 846 1148 dilferendam
863 1129 934 1154 esse,

154 1167 241 1194 donec
263 1166 393 1194 ECclesiae
419 1170 446 1194 ct
468 1166 625 1200 reipublicae
655 1167 859 1199 consuleretur;
888 1168 935 1194 sed

155 1221 209 1240 non
223 1213 278 1240 alio
295 1213 319 1239 id
340 1213 429 1240 aiebat
450 1212 550 1240 fecisse
580 1212 684 1245 animo,
710 1220 792 1247 quant
815 1213 933 1240 utlabc-

156 1258 284 1285 iactatam
309 1257 442 1292 majorum
470 1257 551 1286 (idem
569 1258 779 1286 restauraudam
805 1263 934 1290 curaret,

155 1308 211 1332 tam
224 1303 284 1332 ﬁdei
297 1312 376 1339 quam
389 1304 549 1338 imperatori
569 1306 729 1336 consulens,
747 1303 782 1330 ab
796 1303 934 1330 hominum

157 1357 221 1378 vero
235 1349 403 1377 nefariorum
423 1349 545 1376 consiliis
558 1348 744 1376 alienissimus
756 1367 764 1381 ,
777 1347 876 1382 quippe
889 1347 935 1382 qui

158 1403 255 1423 novum
272 1395 466 1429 imperatorem
499 1394 630 1429 singulari
649 1401 743 1421 amore
772 1393 938 1427 complecte-

157 1447 245 1474 retur,
260 1445 288 1467 ct
305 1441 339 1467 ab
353 1448 386 1467 eo
411 1441 437 1467 in
455 1440 555 1467 melius
576 1448 619 1467 res
648 1447 713 1466 suas
737 1444 935 1467 couunutatum

158 1486 192 1512 iri
207 1490 340 1520 speraret,
358 1486 437 1519 cujus
454 1485 542 1520 gratia
565 1485 726 1516 adversam,
754 1489 784 1510 ut
813 1484 937 1511 sciebant

158 1539 265 1565 omnes,
281 1531 419 1559 fortunam
436 1531 530 1559 luisset
545 1537 684 1566 expertus.
700 1530 769 1557 Cum
786 1537 852 1557 vero
864 1529 937 1557 Con-

159 1577 296 1603 stantinus
315 1577 501 1603 innuinentem
521 1576 584 1608 sibi,
600 1581 626 1602 et
641 1583 701 1610 qua:
715 1580 775 1610 post
790 1582 877 1602 annos
893 1575 936 1602 vix

159 1623 280 1656 quinque
291 1627 438 1649 consecuta
455 1626 508 1653 est,
524 1621 628 1649 cladem
641 1625 776 1653 metuens,
793 1621 893 1647 auxilia
904 1620 939 1648 ab

160 1667 234 1694 ltalis
249 1667 408 1702 postularet,
431 1674 492 1702 qua:
505 1666 635 1694 Nicotaus
653 1668 682 1700 ν,
700 1667 820 1701 pomifex
839 1666 938 1694 Roma-

159 1720 222 1744 nus,
241 1713 386 1739 nonaliter
403 1713 600 1747 pollicebatur,
617 1720 698 1748 quam
717 1713 740 1739 si
752 1713 937 1740 Florentinam

160 1760 288 1785 unionem
318 1758 503 1790 continuaret,
528 1763 555 1786 et
584 1759 615 1785 ad
645 1756 704 1786 eam
721 1759 938 1792 auqdcctendam

159 1805 269 1832 Graecos
281 1804 429 1839 prtescrtim
443 1805 647 1832 ecclesiasticos
661 1809 687 1832 et
704 1804 853 1832 monachos
866 1812 940 1832 com-

159 1851 281 1885 pelleret,
295 1850 385 1877 missa:
404 1853 467 1877 sunt
485 1857 500 1876 a
516 1849 645 1884 pontilice
666 1849 815 1884 legationes
836 1850 939 1885 aliquot

158 1896 445 1931 Constantinopolim;
470 1895 557 1930 prima
582 1896 691 1922 videtur
717 1895 801 1923 fuisse
817 1897 938 1932 episcopi

158 1942 294 1974 Cortonce,
314 1942 359 1976 qui
382 1938 443 1968 cum
469 1941 570 1968 Gra-cis
584 1941 718 1977 theologis
735 1942 834 1977 sacpius
844 1943 937 1978 dispu-

160 1988 237 2019 tavit,
250 1988 328 2014 annis
341 1987 450 2014 circiter
481 1992 599 2021 quatuor
616 1992 679 2014 ante
705 1993 811 2022 captam
831 1989 938 2016 urbem.

159 2032 316 2059 Grmcorum
337 2037 429 2067 partes
457 2035 585 2060 tuebatur
607 2034 741 2069 Georgius
766 2034 937 2068 Scholarius,

138 2107 141 2109 _
159 2079 204 2112 qui
219 2078 416 2113 disputationes
438 2080 542 2113 scripto
558 2081 718 2114 complexus
735 2083 787 2112 εςι,
801 2086 827 2108 et
852 2082 938 2108 variis

159 2124 301 2158 opusculis
324 2123 438 2151 Latinos
467 2125 630 2151 rcfcllendos
654 2125 786 2160 suscepit.
819 2125 939 2152 Meminit

160 2170 216 2204 ipse
232 2171 259 2196 in
285 2169 404 2203 Epistula
425 2169 458 2196 ad
485 2170 807 2205 Ct)llSlﬂlllinOpOiii-illlos
836 2172 907 2205 scrip

1024 2184 1060 2203 tos
1087 2175 1121 2202 ab
1150 2183 1180 2201 ea
1206 2173 1291 2201 fuisse
1322 2173 1504 2200 alienissimos
1531 2182 1538 2200 :

157 2214 370 2244 ‘29'Nmembris
393 2222 463 2242 anno
483 2216 561 2249 1452,
585 2217 611 2242 in
631 2225 683 2251 qua
697 2218 795 2244 scribit
812 2225 940 2252 persevc-

159 2269 219 2288 rare
235 2268 264 2288 se
282 2261 309 2287 in
326 2269 357 2288 ea
371 2261 495 2288 doctrina
514 2270 595 2296 quam
618 2268 781 2297 exposuerat
800 2263 826 2289 in
846 2263 940 2297 dispu-

160 2305 278 2332 tionibus
307 2306 407 2333 habitis
423 2307 557 2334 adversus
577 2307 701 2335 Cortouae
717 2309 876 2342 episcopum
902 2309 936 2335 ad

158 2352 418 2384 demonstrationem,
455 2353 555 2387 inquit,
587 2353 645 2387 ejus
672 2361 729 2387 quis
745 2353 815 2386 apud
839 2361 885 2380 nos
901 2359 939 2380 est

157 2398 289 2430 raritatis,
305 2403 329 2424 et
360 2398 450 2425 multis
471 2400 603 2433 variisque
625 2399 743 2433 operibus
766 2406 824 2432 qua:
841 2400 938 2432 scripta

157 2452 203 2478 pro
212 2445 298 2479 putria
309 2443 360 2477 ﬁde
372 2444 458 2471 diuino
474 2453 589 2476 nrunere,
602 2449 628 2470 ut
646 2445 723 2469 etiam
738 2444 765 2470 in
777 2445 940 2479 confessione

158 2490 218 2524 ﬁdei
231 2497 295 2519 sum.
309 2490 346 2516 vel
370 2492 457 2525 potius
475 2489 611 2516 cnt‘ltolicw
629 2488 765 2521 Ειειινεὶιε,
778 2498 857 2524 quam
877 2498 939 2518 ante

158 2545 240 2564 anno:
255 2542 307 2563 tres
322 2537 484 2564 elaboratam
500 2535 699 2569 publicaverat.

193 2584 232 2611 Eo
246 2584 355 2611 circiter
369 2590 490 2617 tempore
505 2581 638 2616 Georgius
654 2583 689 2609 ob
708 2583 818 2610 unionis
833 2583 937 2617 odium,

159 2637 213 2663 quo
228 2630 318 2656 omnia
335 2627 508 2662 imperatoris
520 2628 636 2654 consilia
655 2629 830 2656 vehementer
844 2630 939 2655 turba-

161 2677 217 2707 bat,
227 2675 290 2707 sibi,
304 2681 331 2701 ut
344 2673 459 2704 videtur,
474 2680 599 2700 tnctuctts
612 2674 710 2700 sacculo
725 2674 900 2705 renuntiavit,
912 2679 939 2700 cl

160 2724 186 2749 in
212 2723 406 2749 monaswrium
428 2720 633 2747 I’anlocramris
662 2721 720 2747 urbi
741 2722 894 2755 proximum
910 2730 940 2750 sc

197 2813 237 2847 ι’)
257 2811 303 2838 Ed.
318 2819 385 2845 τις..
402 2818 426 2845 p.
445 2810 502 2845 142,

977 210 1010 236 ad
1026 210 1246 241 Constantinum,
1261 216 1321 244 qua:
1340 213 1429 235 exstat
1449 208 1479 235 in
1492 207 1588 234 codice
1599 205 1694 239 Regio,
1716 210 1802 237 qua

979 263 1030 282 non
1055 255 1143 283 solum
1164 255 1371 282 criminationes
1398 253 1622 281 adversariorum
1650 254 1805 278 conatur

978 301 1095 332 diluere,
1125 301 1171 328 sed
1197 308 1269 334 saepe
1296 300 1323 327 in
1353 299 1411 327 suis
1438 298 1565 326 laudibus
1584 297 1699 328 nimius,
1733 301 1803 321 res

979 353 1069 382 gestas
1084 354 1146 381 pro,
1162 347 1297 381 majorum
1322 346 1455 380 religione
1475 343 1587 374 tuenda,
1605 345 1778 374 susceptos
1794 353 1802 358 ο

979 402 1031 427 que
1046 390 1152 420 labores
1167 393 1194 420 in
1210 393 1309 434 ccelum
1326 393 1406 424 tollit,
1423 392 1459 418 ita
1476 395 1505 417 ut
1519 389 1649 416 vanitatis
1660 391 1688 413 et
1702 392 1799 421 pro-

981 439 1082 470 tervitc,
1096 439 1122 465 in
1143 446 1194 472 qua
1206 432 1352 465 accusatus
1364 441 1416 467 est,
1430 437 1510 470 culpa
1525 442 1578 461 non
1591 438 1681 460 vacet;
1695 432 1715 458 C
1725 437 1798 457 um

981 484 1052 510 hanc
1066 485 1216 511 orationem
1233 484 1377 514 scriberet,
1406 482 1495 509 adhuc
1519 480 1607 507 laicus
1622 479 1649 505 in
1673 484 1801 504 inena-

981 531 1067 557 sterio
1094 528 1299 556 Pantocratoris
1323 527 1470 559 residebat,
1498 526 1572 553 unde
1601 524 1727 558 migrans
1754 521 1796 548 in

981 576 1146 608 Card'aucti,
1171 575 1224 602 illic
1248 574 1357 601 schema
1381 573 1438 600 sive
1469 572 1589 598 habitum
1608 567 1794 602 religiosunt

982 623 1094 656 accepit.
1111 622 1147 648 lta
1160 621 1239 648 ὼεει
1254 628 1304 646 nos
1322 619 1402 653 hujus
1415 617 1549 646 orationis
1571 615 1719 649 inscriptio
1746 614 1787 639 in

984 667 1066 702 Regio
1077 667 1181 694 codice.
1192 665 1306 693 Videtur
1320 670 1410 692 autem
1425 663 1505 691 simul
1515 661 1656 695 accepisse
1667 666 1793 686 nomen

983 711 1116 739 Gcnnadii
1141 711 1217 745 juxta
1245 710 1384 744 vulgarem
1400 708 1472 743 apud
1488 707 1601 734 Grtccos
1616 708 1768 732 consuetu
1779 716 1791 722 ο

984 759 1085 790 dinem,
1100 763 1129 785 ut
1155 758 1200 791 qui
1219 756 1319 783 Innndo
1339 763 1388 790 per
1403 755 1467 782 vita:
1488 751 1647 780 monastica:
1663 749 1793 785 proles—

986 805 1090 831 sionem
1109 801 1305 833 renuntiarent,
1322 801 1404 827 etiam
1419 806 1519 826 nomen
1530 797 1674 831 antiquum
1690 795 1787 829 quasi

987 859 1034 886 per
1049 851 1160 876 alteram
1176 848 1348 875 nativitatem
1362 851 1518 873 mutarent:
1534 853 1595 871 mox
1608 844 1684 871 enim
1697 843 1787 870 Gen-

988 897 1084 925 nadius
1100 895 1190 923 vocari
1208 894 1300 929 coepit,
1318 899 1398 928 atque
1410 892 1478 919 adeo
1490 895 1637 925 antequam
1652 889 1790 923 patriar—

987 945 1039 971 cha
1056 943 1254 976 designaretur,
1267 944 1362 968 contra
1382 947 1463 972 quam
1479 946 1512 965 ex
1531 937 1636 963 Malaxo
1651 935 1787 962 Historia

987 989 1106 1023 politica,
1125 993 1151 1014 ct
1163 986 1327 1022 quibusdam
1343 985 1405 1012 aliis
1415 983 1576 1011 auctoribus
1590 980 1685 1009 docuit
1696 980 1785 1007 Alla-

989 1035 1052 1061 tius.
1073 1034 1133 1066 Quo
1154 1033 1214 1060 solo
1231 1035 1402 1067 argumento,
1419 1029 1471 1057 etsi
1496 1028 1598 1056 nullius
1625 1026 1783 1062 ponderis,

989 1086 1073 1108 totam
1094 1080 1128 1107 de
1152 1080 1259 1106 duobus
1284 1078 1433 1106 Gennadlis
1447 1076 1658 1110 disputationem
1674 1081 1785 1108 super-

989 1125 1101 1154 struxit.
1119 1124 1197 1152 Unde
1226 1125 1307 1151 etiam
1334 1122 1468 1149 refellitur
1496 1121 1581 1148 altera
1601 1121 1658 1155 ejus
1686 1119 1786 1146 histo—

989 1172 1045 1198 rica
1060 1170 1215 1198 observatio
1229 1169 1299 1196 circa
1310 1167 1443 1195 Geunadii
1457 1166 1654 1200 professionem
1675 1171 1784 1191 mona—

989 1216 1097 1246 sticam,
1126 1222 1207 1249 quam
1235 1213 1360 1240 abdicata
1385 1211 1563 1246 patriarchali
1578 1209 1724 1244 dignitate.
1746 1213 1784 1236 et

988 1260 1177 1296 quinquennio
1190 1264 1249 1294 post
1264 1262 1372 1292 captam
1391 1257 1486 1284 urbem
1505 1255 1604 1283 factam
1617 1255 1780 1285 existimat.

989 1313 1051 1334 cum
1079 1304 1214 1332 novennio
1244 1302 1410 1338 plusminus
1433 1299 1630 1329 abdicationem
1652 1307 1781 1335 princes»

989 1352 1066 1380 serit.
1081 1349 1136 1377 Nec
1151 1349 1224 1376 enim
1242 1347 1339 1375 Mataxi
1355 1353 1382 1375 et
1397 1346 1532 1374 Theodori
1543 1346 1705 1381 Zygomalaa,
1725 1346 1780 1380 qui

988 1397 1133 1425 Historiam
1144 1395 1281 1430 politicam
1296 1393 1482 1425 concinnavit,
1500 1397 1576 1419 tanta
1590 1397 1631 1419 est
1650 1392 1777 1418 aut-tori-

991 1448 1043 1474 tas,
1059 1446 1089 1469 ut
1106 1447 1248 1468 auctorum
1275 1440 1419 1476 aequalium
1436 1437 1593 1466 testimonia
1612 1437 1776 1464 labefactet.

991 1488 1058 1516 Nam
1074 1487 1186 1515 Michael
1213 1487 1300 1514 Ducas
1317 1490 1378 1513 ante
1402 1489 1510 1519 captant
1523 1485 1616 1512 urbem
1635 1483 1778 1510 Gennadii

990 1533 1113 1562 monachi
1131 1533 1239 1560 nomine
1255 1532 1378 1566 designat
1398 1539 1459 1558 eum
1475 1529 1522 1565 qui
1546 1534 1626 1557 antea
1637 1529 1780 1565 Georgius

989 1579 1150 1607 Scholarius
1166 1577 1321 1605 dicebatur.

1024 1625 1091 1652 Cum
1106 1623 1265 1651 Gennadius
1282 1622 1384 1650 szeculo
1398 1621 1584 1653 valedixisset,
1599 1621 1674 1648 misit
1687 1621 1777 1655 impe-

990 1675 1064 1698 rator
1076 1671 1109 1697 ad
1137 1669 1278 1696 Nicolaum
1302 1676 1399 1704 papam
1421 1667 1578 1695 Briennium
1599 1668 1776 1694 Lconlarctu.

989 1717 1109 1746 Isidorus
1124 1716 1269 1744 cardinalis
1284 1715 1391 1742 ltussia:
1413 1714 1492 1748 paulo
1518 1718 1607 1748 posta
1625 1714 1735 1741 Nicolao
1752 1712 1773 1740 ν

991 1765 1095 1799 legatus
1106 1761 1373 1796 Constantinopolim
1392 1761 1465 1787 venit
1485 1767 1556 1788 anno
1576 1760 1656 1790 1452..
1673 1765 1701 1786 ιιι
1719 1759 1776 1786 Du-

989 1818 1036 1838 cas
1052 1810 1078 1836 in
1096 1809 1213 1836 llistoria
1233 1807 1373 1842 docet(lj,
1390 1815 1443 1841 quo
1466 1814 1547 1838 nemo
1565 1806 1661 1834 melius
1686 1806 1776 1833 cci-Ie-

989 1855 1116 1884 siastims
1145 1861 1189 1880 res
1216 1853 1290 1881 illius
1313 1853 1444 1887 temporis
1475 1854 1582 1880 videtur
1607 1852 1774 1887 explicasse.

990 1902 1015 1930 ls
1029 1903 1110 1935 igitur
1125 1903 1240 1936 legatum
1252 1899 1509 1934 Constantinopolin
1522 1898 1662 1933 appuliSse
1677 1897 1776 1925 scribit

990 1955 1082 1974 mcnsc
1094 1946 1246 1978 Novembri,
1262 1953 1332 1972 anno
1347 1946 1495 1972 secundum
1515 1944 1622 1971 Graecos
1631 1943 1711 1974 G9Gl,
1728 1943 1775 1977 qui

989 1998 1047 2020 erat
1061 1992 1162 2020 Christi
1176 1992 1255 2024 H52;
1272 1992 1371 2019 habitis
1383 1991 1416 2017 de
1431 1990 1612 2017 Ecclesiarum
1622 1990 1772 2015 concordia

990 2039 1175 2070 sermonibus,
1192 2039 1383 2071 imperatorem
1401 2041 1426 2063 et
1440 2036 1574 2069 quosdam
1602 2034 1772 2061 ecclesiasti-

990 2093 1037 2112 cos
1054 2084 1229 2112 consensisse
1245 2088 1273 2109 ut
1300 2082 1364 2108 unio
1391 2081 1547 2108 Florentino
1571 2080 1773 2111 observaretur.

991 2130 1240 2157 ecclesiasticorum
1264 2132 1291 2154 ct
1311 2127 1507 2154 monachorum
1527 2127 1619 2161 plures
1639 2131 1665 2153 et
1678 2127 1775 2160 praeci-

1569 2171 1750 2199 Niliilomintu
1764 2193 1772 2204 ,
1796 2191 1807 2205 ς

990 2220 1089 2254 inquit,
1106 2219 1150 2254 qui
1163 2218 1291 2245 llenotico
1304 2217 1481 2252 obtemperare
1498 2219 1653 2245 videbantur
1673 2218 1772 2250 clerici,
1790 2232 1800 2241 .

990 2266 1138 2293 sacerdotes
1151 2269 1175 2292 et
1194 2265 1319 2297 diaconi,
1344 2265 1488 2298 imperatur
1502 2269 1526 2291 et
1543 2268 1649 2291 senatus
1667 2264 1695 2290 in
1715 2265 1773 2290 Mu-

990 2320 1068 2346 gunm
1082 2310 1226 2337 Ecclesium
1243 2315 1426 2343 conuenerunt,
1449 2315 1475 2336 ut
1494 2310 1665 2337 concordibus
1677 2310 1776 2346 animis

990 2362 1014 2383 et
1033 2357 1116 2383 uniti;
1136 2357 1252 2383 divinam
1275 2357 1410 2390 liturgium
1428 2356 1599 2388 celebrarent,
1623 2356 1774 2390 sinceraque

992 2408 1076 2430 mente
1089 2408 1146 2430 uota
1160 2403 1212 2430 Deo
1225 2404 1371 2430 redderent.
1388 2402 1454 2430 Tum
1473 2403 1552 2430 etiam
1563 2403 1726 2429 scltismatici
1739 2405 1772 2428 ad

991 2448 1191 2476 Pamocratoris
1224 2450 1414 2476 monasterium
1449 2453 1579 2481 currunt,
1608 2447 1770 2475 Gennadium

992 2500 1069 2522 antea
1084 2494 1223 2529 Georgium
1241 2495 1409 2521 Srltularinm
1422 2495 1530 2525 adeunt,
1542 2494 1731 2528 consiliumque
1741 2495 1771 2520 ab

991 2549 1021 2567 eo
1036 2541 1164 2574 quomodo
1189 2548 1215 2567 se
1235 2548 1323 2575 gerere
1348 2539 1459 2566 debeant
1480 2543 1582 2573 petunt.
1603 2537 1632 2565 Is
1644 2537 1772 2564 inclusum

993 2595 1020 2613 se
1037 2587 1103 2613 cella
1134 2587 1257 2619 tenebat;
1276 2591 1385 2620 accepta
1400 2594 1459 2621 ergo
1484 2588 1586 2616 charta,
1619 2584 1772 2611 sententiam

992 2641 1069 2661 suam
1087 2632 1275 2667 consiliumque
1299 2640 1417 2668 rogatus,
1438 2633 1534 2665 scripto
1548 2631 1659 2665 aperuit,
1671 2637 1721 2663 quo
1737 2636 1773 2655 ta-

993 2678 1277 2705 l'mwontinebantur:
1296 2677 1384 2703 Miseri
1419 2676 1529 2708 liormri,
1569 2682 1650 2709 quare
1670 2674 1773 2700 uberru-

996 2724 1039 2754 tis,
1056 2729 1122 2755 ωδ,
1140 2731 1198 2757 qtta'
1214 2723 1284 2757 apud
1313 2723 1413 2750 Ducam
1439 2723 1575 2757 leguntur.
1598 2720 1660 2746 lltrc
1677 2723 1700 2745 et
1722 2718 1772 2745 alio
