1863 3057
66 116 118 147 265

836 112 935 143 VITA.

1640 112 1692 145 268

66 171 149 198 multa
167 170 254 196 omnia
271 168 453 203 impleverant.
467 167 512 202 qui
527 167 610 194 etiam
624 174 691 193 nunc
710 167 852 202 plusquam
869 169 892 196 Α
906 166 1037 202 Apologia
1052 167 1154 202 scripta
1165 171 1216 200 est,
1233 166 1279 194 sed
1293 166 1424 194 continua
1437 166 1571 198 oratione,
1586 167 1692 200 qualem

68 226 130 252 opus
156 221 215 243 erat
246 219 418 250 prtetezentes
441 213 656 242 Christianorum
675 213 856 244 calamitates,

68 264 231 290 occasionem
247 261 370 296 explendi
388 260 630 294 concupiscentiam
648 260 729 289 nacti.
744 258 858 293 infamia

68 310 169 344 quidem
190 316 296 335 sacrum
315 307 518 338 otimordinem,
536 305 666 332 scandala
679 309 859 339 spectatorum

68 357 184 386 animos,
203 355 276 381 omni
286 353 355 380 malo
369 357 454 379 totum
466 352 552 378 orbem
562 352 726 386 repleverunt
739 371 745 377 .
758 349 860 376 Deinde

69 402 200 436 ludiﬁcare
219 408 300 435 cogor
313 420 320 432 ,
339 399 437 434 templa
455 406 544 425 eversa
563 407 579 424 a
592 397 774 433 fundamentis
789 396 860 423 exci-

70 454 141 479 tare,
156 451 182 474 et
201 446 352 474 necessaria
368 444 505 479 providere
517 445 588 476 istis,
604 445 707 470 utinam
725 443 860 470 Christia-

71 495 108 521 nis
119 514 125 524 .
139 494 186 529 qui
203 493 318 528 singulis
334 492 360 518 in
374 492 439 519 locis
453 491 562 526 reperti.
578 498 630 525 qua
643 490 747 516 ratione
767 497 861 515 secun-

70 541 130 567 dum
145 541 230 574 legem
246 539 365 573 patriam
382 539 508 569 viverent.
526 537 661 570 Deumque
676 536 797 562 colerent
811 543 861 562 non

71 588 223 614 curabant.
255 586 355 612 Deinde
393 590 485 612 coacta
507 588 546 611 cst
574 584 689 618 synodus
716 581 862 608 multorum

70 635 254 667 episcoporum
278 640 310 660 ea:
333 631 442 665 Europa
456 636 480 658 et
493 630 559 657 Asia
572 629 760 667 conﬂuentium
774 647 781 660 ,
795 636 861 663 quo-

72 689 127 707 rum
142 665 281 714 sit/fragiis
295 687 342 714 ego
357 679 472 713 primunt
483 678 621 710 diaconus,
636 665 734 703 deinde
753 674 863 710 presby-

74 736 122 759 ter,
144 727 241 753 deinde
258 727 394 759 episcopus
410 730 432 752 et
450 723 602 759 patriarcha
619 723 780 750 cortitituor.

107 774 173 806 Quae
194 775 222 799 in
245 771 424 807 patriarchali
442 777 556 797 munere
569 769 736 796 constitutus
754 768 863 796 Genna—

74 821 134 848 dius
168 818 304 853 gesserit,
332 818 379 845 vix
404 815 514 844 aliunde
543 815 686 855 habemus,
718 822 799 848 quam
828 822 860 841 ex

75 865 193 893 Historia
224 863 415 892 ecclesiastica
448 862 681 891 Graeco-Barbara
714 861 762 897 (Ι).
789 860 858 888 Cum

75 910 169 937 Tui-ca:
191 909 300 937 Sancta
314 908 425 943 Sophia;
441 907 574 942 templum
597 911 624 934 et
643 906 859 940 patriarclteium

75 959 270 991 occupassent,
293 955 352 990 ipse
373 954 407 981 ad
434 953 485 981 SS.
504 953 700 987 Apostolorum
720 957 858 980 monaste-

76 1004 141 1030 rium
163 1010 194 1030 se
223 1001 347 1036 recepit,
363 1005 470 1027 vastum
487 1003 514 1026 et
529 999 585 1033 jam
602 998 753 1026 solitudine
771 998 862 1026 horri-

75 1049 147 1079 dum,
164 1047 239 1074 unde
253 1047 348 1074 eodem
366 1051 414 1073 aut
429 1046 554 1080 sequenti
570 1052 644 1072 anno
660 1045 741 1079 fugit,
758 1045 863 1073 veritus

77 1101 108 1121 ne
132 1093 218 1120 ca'dis
242 1093 403 1119 commissas
419 1099 480 1126 erga
497 1091 629 1122 'l‘urcatn,
647 1091 726 1125 cujus
743 1090 863 1118 cadaver

77 1140 143 1166 intra
171 1144 270 1164 mures
297 1140 439 1171 repertutn
464 1141 534 1167 erat.
559 1143 648 1171 preme
664 1144 678 1163 ιι
695 1136 862 1163 Christianis

75 1185 260 1218 exigerentur.
277 1182 391 1209 Videtur
413 1189 496 1216 porro
512 1180 672 1208 Gennadius
688 1180 756 1208 urbe
771 1179 863 1214 profu-

77 1229 155 1264 gisse,
175 1235 240 1256 nam
262 1231 319 1255 tres
343 1227 437 1262 βιαίας
461 1227 584 1259 ἀνόδους,
603 1226 661 1254 sive
689 1226 822 1253 violentos
836 1225 864 1252 in

79 1275 170 1302 urbem
194 1281 340 1308 regressus
363 1278 564 1300 commemorat
579 1272 608 1300 in
626 1272 730 1307 aliquot
745 1278 864 1306 opuscu-

79 1323 163 1348 lorum
175 1320 265 1348 titulis
273 1319 352 1355 juxta
362 1319 589 1351 antiquissimum
599 1317 714 1353 Regium
726 1317 861 1346 codicem.

79 1366 128 1394 'fcr
145 1370 239 1394 autem
269 1365 338 1393 urbe
362 1364 482 1393 excessit
497 1384 505 1396 .
529 1364 613 1392 semel
642 1370 703 1391 cum
724 1363 810 1391 hostis
825 1363 864 1390 ir-

80 1417 226 1448 rumpcrct,
244 1413 344 1440 iterum
372 1414 435 1446 post
462 1411 564 1439 easdem
593 1418 654 1446 qua:
679 1410 752 1437 intra
769 1417 863 1437 muros

79 1458 126 1487 SS.
139 1459 337 1494 Apostolorum
352 1461 460 1493 patrata
475 1461 516 1484 est
529 1465 538 1490 ;
554 1457 664 1484 tandem
683 1456 807 1491 deposito
818 1463 864 1491 pa-

911 220 1003 240 (λοι-³η]
1028 213 1138 240 sultauo
1161 212 1319 240 Gennadius
1336 211 1442 245 habuit,
1455 217 1601 246 antequam
1620 219 1697 239 com-

911 258 1079 293 pcndiariam
1107 259 1179 285 illaut
1215 258 1378 286 Christianae
1405 259 1466 287 lidci
1495 259 1694 294 expositionem

911 304 1015 338 scripto
1039 305 1281 339 complecteretur.
1311 306 1391 333 Edita
1415 310 1457 333 est
1483 313 1591 339 qucque
1606 306 1696 332 oratio

911 349 971 384 ipsa
994 351 1148 382 tuultoties.
1175 356 1230 378 Iuttt
1261 351 1390 384 seorsitn,
1413 351 1515 378 tumin
1534 351 1697 379 Bibliotheca

912 395 1036 424 Patrum.

948 441 1034 470 Paulo
1053 449 1196 479 postquam
1212 444 1282 471 hanc
1298 444 1451 472 orationem
1469 445 1612 472 habuisset
1627 445 1700 473 Geu-

913 488 1023 520 nadius,
1047 489 1227 524 patriarcbali
1253 497 1282 517 se
1308 490 1443 525 dignitate
1468 491 1700 525 abdicavit,a|gre

912 533 1023 561 obtenta
1039 541 1052 560 a
1068 535 1180 562 sullatto
1193 535 1270 562 venia
1288 543 1368 566 :mox
1386 537 1530 570 epistolam
1547 545 1593 564 seu
1611 537 1700 570 potius

912 580 1047 615 prolixam
1078 581 1239 608 Orationem
1281 582 1482 616 apologeticam
1519 583 1631 617 scripsit
1664 583 1699 608 ad

912 633 1002 652 omnes
1013 626 1104 660 ﬁdeles
1115 627 1141 655 in
1152 626 1260 654 Christo
1270 628 1344 658 Jesa.
1361 629 1417 660 τοῖς
1433 629 1574 663 πανταχοῦ
1590 631 1699 660 πιστοῖς

913 672 942 697 ὲν
967 673 1077 707 Χριστῷ
1113 674 1213 709 Ἰησοῦ.
1247 664 1347 702 Narrat
1375 675 1512 710 quomodo
1548 681 1611 710 post
1633 683 1702 710 prae-

914 717 1014 744 dictam
1034 720 1134 754 saepius
1153 720 1229 748 urbis
1244 726 1270 747 et
1285 721 1372 748 totius
1382 721 1490 755 imperii
1505 722 1609 748 cladem
1627 730 1703 749 com~

915 763 1152 800 minatiouetnquc
1184 765 1283 792 divinat
1320 766 1447 793 vindicta:
1478 767 1513 794 ob
1541 771 1699 802 susceptum

914 809 1096 837 Latinismum
1110 831 1117 843 ,
1132 815 1213 847 capta
1231 812 1298 839 urbe
1316 812 1343 838 in
1361 812 1482 840 hostium
1499 821 1597 841 manus
1616 821 1698 840 vene.

913 857 960 889 rit,
976 862 1003 884 et
1022 865 1054 884 ex
1081 858 1145 893 fuga
1169 863 1317 892 retractus,
1351 860 1507 895 patriarcha
1524 861 1697 888 renuntiatus

913 902 1004 936 fuerit.
1032 904 1096 932 licet
1123 905 1246 933 invitus:
1274 906 1317 933 cui
1345 907 1454 934 laudent
1471 907 1589 939 muneri,
1605 909 1697 935 statim

914 954 995 984 atque
1010 957 1059 984 per
1073 951 1214 978 sultanum
1232 952 1322 985 licuit,
1336 953 1550 980 renuntiandqu
1562 956 1700 986 statuerit,

914 999 971 1021 tum
985 995 1050 1029 quia
1067 995 1216 1024 destitutus
1231 1001 1306 1024 esset
1323 1005 1420 1024 eorum
1437 999 1557 1030 auxilio.
1575 1000 1621 1034 qui
1636 1007 1703 1026 oue-

914 1039 953 1067 ris
970 1044 1075 1075 partem
1103 1043 1256 1070 secundum
1277 1043 1486 1072 ecclesiasticas
1515 1045 1589 1080 leges
1614 1046 1702 1073 susti-

914 1094 982 1114 nere
999 1087 1163 1121 debuerant,
1180 1093 1238 1116 lllm
1254 1089 1288 1116 ob
1305 1091 1446 1125 impenso:
1461 1091 1578 1119 inaniter
1593 1092 1701 1119 labores

914 1133 941 1160 iu
973 1133 1130 1162 attfcreudis
1154 1135 1293 1164 scandalis
1318 1140 1346 1164 et
1365 1138 1562 1172 componendis
1578 1139 1702 1166 simulta-

916 1179 1000 1207 tibus.
1014 1179 1111 1208 Varias
1127 1182 1210 1209 etiam
1225 1183 1397 1211 calamitates
1416 1183 1509 1217 refert.
1528 1191 1596 1219 quas
1610 1185 1644 1212 ab
1662 1185 1704 1212 in-
1735 1197 1744 1203 ι

915 1225 985 1253 vidis
1010 1225 1109 1254 fuisset
1128 1235 1275 1262 perpessus
1292 1247 1300 1261 .
1331 1229 1377 1264 qui
1406 1230 1622 1264 patriarcltatum
1647 1239 1704 1259 non

916 1270 1033 1298 obscure
1049 1272 1214 1304 ambientes.
1230 1273 1314 1301 multa
1327 1274 1377 1310 ipsi
1389 1275 1496 1310 negotia
1512 1275 1703 1306 iacessabant:

916 1317 1056 1352 signiﬁcat
1075 1320 1184 1347 tandem
1201 1327 1231 1348 se
1254 1321 1383 1355 dignitati
1400 1323 1575 1356 renuntiare,
1600 1328 1630 1351 ut
1646 1324 1703 1358 jam

916 1363 968 1391 sibi
990 1364 1042 1392 soli
1069 1369 1158 1399 vacet,
1185 1366 1433 1403 pmnitentiamque
1456 1368 1486 1396 in
1518 1370 1665 1405 tranquilla
1676 1375 1705 1399 et

916 1411 1041 1439 solitaria
1066 1412 1120 1439 vita
1146 1412 1180 1441 de
1207 1414 1329 1447 peccatis
1352 1414 1410 1443 suis
1430 1420 1502 1450 agat.
1518 1416 1582 1444 Haec
1599 1421 1641 1445 est
1661 1417 1706 1445 illa

916 1458 1082 1493 παραίτησις
1094 1478 1101 1491 ,
1121 1466 1202 1493 quam
1219 1459 1246 1486 in
1259 1460 1352 1488 codice
1367 1461 1709 1496 Ecclesim‘Constautino-

79 1506 215 1532 triarcbali
242 1512 357 1532 munere
375 1511 439 1531 cum
454 1511 484 1531 se
499 1503 603 1538 recepit
617 1503 645 1529 lu
662 1503 862 1529 monasterium
880 1508 902 1540 ρ
921 1505 1047 1539 politauae
1073 1504 1237 1538 descriptam
1271 1505 1358 1533 fuisse
1390 1507 1531 1535 memoriae
1559 1514 1586 1535 et
1610 1514 1707 1536 aucto-

80 1551 218 1579 Prodromi
232 1551 266 1578 ad
287 1549 454 1578 lenmceum
471 1553 601 1580 montem,
619 1548 691 1576 unde
707 1548 866 1583 compulsus

80 1603 118 1626 est
133 1600 159 1625 in
175 1598 270 1625 urbem
295 1597 404 1628 redire,
421 1599 448 1623 et
464 1601 529 1623 tunc
553 1595 659 1630 aliquas
678 1594 810 1622 Homilias
831 1596 864 1622 ad

81 1645 208 1678 populuut
232 1643 337 1671 habuit.
360 1642 430 1669 Hinc
452 1642 625 1670 emendanda
646 1648 708 1675 qua:
722 1645 785 1667 ante
798 1648 866 1675 pau-

80 1698 124 1717 cos
157 1697 246 1717 annos
282 1689 384 1724 prodiit.
415 1687 532 1722 Philippi
559 1686 651 1722 Cyprii
674 1686 866 1713 Patriarcltalis

81 1735 208 1769 Historia,
229 1736 277 1771 qui
301 1735 395 1763 statim
420 1734 591 1769 patriarchas
616 1732 866 1767 Constantinopoli-

82 1787 156 1810 tantts
179 1783 212 1809 ad
235 1781 462 1809 Patuutacaristat
486 1780 628 1808 habitasse
655 1778 752 1806 scribit
767 1783 865 1806 contra

82 1829 274 1856 historicorqu
301 1828 426 1855 omnium
449 1826 541 1859 iidem,
555 1831 623 1853 utet
637 1826 723 1852 inulta
736 1825 787 1852 alia
807 1833 866 1860 qum

82 1877 150 1902 hunc
166 1879 308 1902 auctorem
331 1874 391 1901 sive
413 1874 504 1908 potius
517 1872 771 1900 consarcinatorem
794 1879 865 1907 saepe

82 1921 272 1948 balluciuatunt
287 1927 347 1948 esse
362 1919 563 1946 demonstrant.

113 1968 181 1994 Cum
203 1975 237 1994 ex
262 1966 324 2002 fuga
347 1966 488 1998 rediisset,
506 1964 555 1993 sed
570 1972 625 1999 quo
641 1971 714 1991 anno
730 1964 864 1997 nescitur,

82 2013 174 2041 habuit
197 2012 359 2040 Gennadius
387 2010 542 2038 orationem
567 2010 624 2037 sive
647 2009 863 2044 disputationem

82 2060 151 2087 illam
164 2059 298 2087 celebrent
309 2077 317 2089 ,
341 2064 401 2092 qua:
419 2056 522 2089 Graece.
538 2055 645 2088 Latine,
661 2055 717 2082 imo
732 2060 758 2082 et
772 2053 866 2082 Tutci-

81 2114 119 2138 cc.
136 2106 185 2134 sed
194 2105 297 2133 Griecis
309 2104 406 2132 litteris
417 2103 489 2130 edita
503 2102 624 2137 estmth
637 2101 688 2135 τῆς
705 2101 791 2136 μόνης
804 2100 864 2127 ὀδοῦ

82 2155 146 2187 πρὸς
157 2152 210 2186 τὴν
227 2151 365 2185 σωτηρίαν
391 2149 555 2184 ἀνθρώπων.
572 2147 753 2176 Occasionem
769 2151 867 2174 narrat

919 1549 1008 1578 ritatis
1035 1557 1118 1578 causa
1143 1551 1223 1579 docet
1254 1551 1377 1580 Historia
1406 1553 1604 1586 ecclesiastica,
1633 1555 1707 1590 apud

919 1595 1045 1623 Crusium
1061 1597 1111 1631 (3).

955 1642 1014 1669 Mox
1042 1643 1144 1678 recepit
1171 1651 1201 1671 se
1224 1645 1379 1672 Gennadius
1403 1645 1430 1673 in
1454 1647 1649 1674 monasterium
1676 1647 1706 1674 S.

918 1688 1032 1716 Joannis
1055 1689 1184 1724 Baptistae
1208 1690 1236 1717 in
1257 1696 1348 1718 ntoute
1369 1691 1511 1720 Menmceo
1539 1701 1622 1728 prope
1641 1693 1708 1720 Ser-

921 1742 964 1762 ras
982 1734 1021 1761 νυ]
1038 1735 1167 1767 Pberras.
1191 1740 1220 1763 ut
1243 1736 1374 1764 scribitur
1394 1738 1421 1764 in
1443 1738 1503 1765 cod.
1526 1737 1619 1774 Regio,
1644 1748 1706 1766 cum

920 1787 1006 1807 annos
1022 1780 1142 1815 quinque
1155 1785 1182 1808 et
1198 1789 1303 1809 menses
1319 1782 1424 1817 aliquot
1434 1783 1563 1811 Ecclesiae
1574 1784 1708 1812 Constan-

920 1826 1106 1860 tinopolitanae
1122 1826 1285 1862 praefuisset,
1301 1835 1382 1863 atque
1398 1829 1434 1856 ita
1448 1829 1508 1865 ejus
1522 1830 1660 1859 abdicatio
1675 1833 1708 1859 ad

920 1878 1021 1897 annum
1042 1871 1110 1899 1459
1142 1871 1269 1899 refertur.
1287 1871 1400 1900 Videtur
1422 1878 1510 1902 tamen
1544 1875 1624 1903 aliter
1650 1881 1708 1903 sta-

921 1917 1071 1951 tuendum;
1093 1926 1155 1945 nam
1169 1918 1265 1946 titulus
1281 1918 1420 1947 Orationis
1431 1928 1511 1955 quant
1527 1921 1621 1949 habuit
1636 1922 1709 1950 Grn-

921 1962 1019 1990 nadius
1037 1964 1063 1991 iu
1085 1963 1179 1992 funere
1197 1964 1332 1993 Theodori
1349 1964 1491 2001 Sophiani.
1512 1966 1554 1994 sui
1571 1974 1605 1994 ex
1624 1967 1708 1996 fratre

921 2009 1037 2044 nepotis,
1057 2010 1136 2037 docet
1153 2010 1367 2044 pronuntiatatn'
1381 2005 1467 2040 fuisse
1482 2012 1517 2040 ‘28
1536 2012 1707 2048 Septembris

920 2061 994 2082 anno
1013 2054 1093 2088 6965,
1110 2056 1261 2083 secundum
1279 2057 1400 2090 Graecus,
1414 2057 1466 2086 hoc
1481 2062 1524 2086 est
1541 2066 1614 2086 anno
1625 2059 1707 2087 Chri-

921 2100 955 2128 sti
976 2100 1043 2127 MS'I
1064 2109 1080 2128 a
1099 2101 1241 2130 Genuadio
1266 2103 1409 2131 monacho.
1432 2103 1467 2130 At
1489 2103 1569 2139 vulgo
1591 2112 1646 2132 non
1669 2107 1706 2133 ita

920 2146 1072 2181 appellatur
1099 2148 1126 2174 in
1151 2147 1236 2176 titulis
1261 2155 1356 2176 eorum
1378 2149 1573 2183 opusculorum
1596 2158 1656 2185 qua:
1681 2152 1708 2178 in

83 2197 200 2226 llistoria
223 2196 456 2224 Greco-Barbara
471 2195 526 2230 (Ξ).
542 2193 580 2220 Eo
609 2198 735 2228 tempore,
762 2193 860 2228 inquit,
879 2189 901 2217 ι)
916 2193 1102 2228 patriarcltatu
1129 2194 1246 2229 scripsit.
1272 2194 1338 2228 Qua:
1349 2194 1505 2229 conjectura
1529 2196 1709 2224 continuatur

81 2243 146 2270 idern
161 2241 286 2270 sultanus
299 2242 405 2272 ipsemet
427 2240 535 2266 intrauit
553 2239 773 2274 patriarclteiunt,
788 2246 865 2265 cunt-

82 2295 128 2321 que
143 2287 170 2313 in
182 2285 286 2319 templo
298 2284 518 2312 Pantmacaritlar
549 2285 676 2316 uertisset,
691 2284 720 2310 in
736 2284 863 2311 sacellum

82 2334 213 2366 ingressus
231 2336 283 2363 est,
298 2330 342 2357 ubi
359 2330 436 2357 hodie
457 2331 606 2356 armarium
625 2337 710 2356 rerum
727 2337 868 2356 sacrarunt

81 2384 167 2412 est,“
194 2386 254 2404 cum
268 2377 421 2411 patriarcha
441 2376 579 2404 Gennadio
603 2376 712 2404 libenter
735 2384 868 2403 sermones

83 2426 209 2452 Contulit.
231 2423 304 2451 Tum:
326 2425 396 2451 omni
413 2429 482 2451 metu
500 2424 597 2458 posito,
611 2425 761 2450 uniuersam
776 2423 800 2450 ei
816 2431 867 2458 pa-

83 2473 199 2498 triarcha
214 2471 349 2498 ceritatem
364 2471 426 2504 ﬁdei
442 2469 601 2497 Christiana:
616 2470 731 2504 aperuit,
746 2470 868 2505 scripsit-

83 2527 127 2552 que
146 2527 194 2553 pro
222 2525 331 2544 numera
355 2518 530 2552 qurcstionum
544 2518 602 2551 ejus
621 2517 710 2550 capita
726 2516 868 2551 uiginti....

84 2575 138 2600 qua
155 2571 179 2593 et
209 2565 282 2592 dedit
295 2565 411 2592 tultauo.
431 2563 623 2599 Subjiciuntur
638 2569 728 2590 autem
744 2563 800 2590 lucc
819 2571 865 2590 ca-

86 2614 167 2646 pitula
191 2614 254 2639 loco
274 2613 368 2644 citato,
388 2619 450 2638 eum
483 2610 602 2637 Turcica
635 2610 867 2645 interprrtatioue

83 2659 221 2686 Acutuatis
235 2659 294 2685 sive
311 2658 450 2684 Achtuetis
473 2657 613 2684 Berrhuatc
633 2656 765 2691 prtcl’ecti.
788 2657 822 2683 At
840 2656 866 2683 itt

85 2712 174 2733 nostro
193 2704 288 2731 codice
309 2711 363 2731 non
389 2710 438 2738 per
459 2704 574 2738 quaesita
598 2709 625 2731 ct
655 2710 789 2738 respousa
807 2704 866 2730 lucc

116 2806 152 2838 (i)
168 2806 302 2840 'I‘nrcogr.
322 2806 339 2832 I.
358 2813 388 2833 tt.

118 2841 237 2875 (itlbitl.
262 2849 321 2876 pag.
347 2842 404 2869 W9.

207 2891 340 2918 lAftttIL.
358 2891 414 2918 I'tt.
433 2886 522 2917 CLX.

406 2813 431 2841 p.
452 2805 512 2833 108.

921 2238 1007 2266 altera
1025 2239 1093 2266 satis
1110 2239 1262 2267 verisimili.
1280 2239 1346 2267 Nam
1365 2240 1393 2267 itt
1408 2241 1578 2268 monasterio
1593 2241 1708 2270 Joannis

922 2285 980 2312 sive
994 2285 1147 2319 Prodronti.
1167 2286 1252 2313 tnulta
1264 2286 1423 2314 Gennadius
1435 2287 1573 2315 elaborate
1586 2288 1708 2323 scripsit,

922 2338 983 2366 qua:
998 2331 1021 2358 si
1037 2332 1186 2359 secundum
1200 2332 1327 2360 Pauviuii
1343 2337 1368 2360 et
1380 2331 1546 2360 Geuebrardi
1558 2333 1709 2361 chronolo-

923 2377 1006 2412 giam,
1027 2377 1095 2405 obiit
1114 2384 1186 2405 anno
1206 2377 1286 2411 1460,
1309 2378 1390 2406 unius
1411 2378 1474 2405 anni
1496 2378 1641 2406 intervallo
1664 2380 1708 2407 vix

923 2427 1030 2457 poterat.
1045 2423 1198 2451 absolvere.
1218 2423 1297 2451 Tales
1322 2429 1386 2451 sunt
1419 2429 1550 2452 tractatus
1585 2425 1623 2452 De
1652 2425 1709 2452 Ea;-

919 2469 1039 2496 sistentia
1049 2474 1073 2496 et
1084 2473 1181 2496 natura
1191 2470 1353 2502 animarum,
1366 2470 1398 2497 de
1410 2469 1578 2507 Purgatorio,
1588 2471 1620 2498 de
1634 2471 1709 2499 Prat-

920 2513 1105 2547 destiuatione,
1121 2515 1153 2541 ad
1170 2514 1318 2550 Josephum
1335 2515 1606 2544 Theswlouiccuscut
1625 2525 1633 2549 ;
1649 2522 1706 2544 tres

920 2563 965 2589 alii
977 2562 1009 2589 de
1019 2561 1261 2601 Prmdestinationo
1273 2562 1428 2595 Sermones,
1441 2562 1567 2598 Epistula:
1579 2562 1612 2589 ad
1623 2563 1710 2590 'l'ltco~

921 2608 1018 2636 dorum
1042 2608 1178 2636 Brennum
1199 2608 1256 2636 sive
1273 2608 1442 2641 Brieunium,
1468 2613 1495 2636 cl.
1513 2609 1564 2636 alia
1585 2617 1636 2636 nec
1645 2617 1712 2643 pau-

922 2663 953 2682 ca
970 2663 1020 2682 nec
1032 2659 1255 2689 cxtemporauea.
1266 2654 1344 2683 Unde
1354 2661 1415 2680 cum
1426 2661 1507 2681 nemo
1519 2656 1571 2682 huc
1582 2662 1665 2690 usque
1674 2662 1709 2681 ex

921 2701 1005 2730 certis
1016 2701 1116 2729 Ετιεαε
1127 2701 1254 2730 Historia:
1265 2701 1450 2730 monumentis
1460 2709 1562 2729 annum
1573 2700 1708 2728 chuadii

958 2804 995 2839 (δ)
1014 2804 1078 2831 Ibid.
1096 2812 1156 2839 pag.
1176 2804 1235 2832 120.

1494 2889 1513 2918 9
