1863 3057
170 131 227 163 267

706 133 899 164 GENNADII
922 131 976 163 Cl".
999 132 1259 164 PATiilARCH/E

1791 135 1852 166 263

170 198 327 225 supremum
347 191 542 226 designaverit,
559 191 581 219 si
604 191 666 226 quis
684 199 746 219 eum
763 192 834 219 uitra
859 198 962 218 annum
981 191 999 218 Α
1015 190 1086 223 quod
1121 190 1204 218 refert
1227 191 1383 218 Graecorum
1416 195 1540 219 actorum
1562 193 1692 227 scriptor
1709 200 1726 220 .:
1751 192 1850 226 cujus

158 238 182 263 μί
194 238 242 264 ι(ἲο
255 238 338 264 vitam
355 238 518 273 produxisse
530 243 644 271 statuat,
659 247 713 266 non
725 239 844 266 inaniter
856 238 962 265 videbi-

166 290 216 312 tur
243 284 401 319 conjectari.
432 284 499 311 Nam
527 284 554 312 in
583 285 667 321 Regio
693 285 754 313 cod.
785 284 902 312 llomilia
930 285 964 311 de

152 339 156 343 ι
171 331 288 358 transitu
310 331 340 357 Β.
357 330 450 358 Mariae
468 330 583 365 virginis
611 331 715 366 scripta
731 331 964 366 Constantinopo-

166 377 188 403 ‘Ii
206 377 306 403 dicitur
318 377 344 403 in
360 377 528 404 monasterio
554 377 786 410 Pammacaristaa,
805 384 866 404 cum
882 377 964 404 tertio

171 424 196 449 in
216 424 311 449 urbem
329 423 420 450 redire
438 428 551 451 coactus
573 423 672 451 fuisset
687 431 760 451 anno
772 424 823 458 06',
842 424 893 451 hoc
908 427 964 455 est,

171 473 202 495 ut
223 476 303 496 nemo
322 473 375 495 neu
402 469 539 505 intelligit,
562 470 643 502 6972,
666 471 818 498 secundum
841 469 964 498 Graecam

170 514 389 549 ctu-onologiam.
414 515 459 549 qui
482 523 571 542 annus
598 516 748 551 respondet
769 523 842 543 anno
865 516 965 544 Christi

172 559 252 589 1464,
297 560 374 592 cujus
407 565 498 588 certus
526 562 668 589 character
697 566 741 589 est
768 562 883 590 indictio
921 561 963 594 12.

164 614 253 640 quam
290 607 452 633 huic-anno
490 607 651 641 adiunctam
684 608 766 635 habet
786 607 880 636 Canon
917 615 967 635 an-

174 660 269 678 norum
285 660 469 688 expansorum
495 653 529 681 ab
545 653 643 682 Aliatio
666 654 768 687 editus,
785 655 811 681 in
827 662 909 690 opere
931 655 968 681 De

167 700 310 726 dominicis
325 705 356 728 *ει
381 700 586 728 hebdomadibus
613 701 766 729 Graecorum
791 700 969 737 (i).Scripsit

171 747 253 772 etiam
271 747 436 781 opusculum
450 747 521 782 Περὶ
533 747 584 782 τῆς
611 747 722 783 πρώτης
746 747 795 774 τοῦ
821 748 888 774 Θεοῦ
917 748 967 775 λα-

174 793 269 826 τρείας
286 812 292 824 ,
319 797 382 827 post
408 792 562 820 abdicatam
588 793 750 828 dignitatem
777 795 804 820 in
829 793 968 821 Menmceo

174 843 267 865 monte
286 844 312 866 et
322 839 490 867 monasterio
506 839 648 866 Prodromi
661 839 812 866 ammuntli
826 839 906 871 6966,
918 839 966 874 qui

175 889 217 911 est
240 884 303 912 Jcstt
317 884 420 912 Christi
448 885 526 913 1458.
543 885 637 920 Itaque
656 884 712 920 jam
732 885 765 915 ab
788 893 861 913 anno
884 885 964 918 H58,

175 934 223 957 aut
241 930 318 964 H57,
339 931 362 958 si
379 939 443 958 vera
466 936 508 958 est
523 931 669 966 inscriptio
688 931 827 959 Orationis
842 932 869 958 in
887 931 966 958 fune-

175 984 205 1003 re
230 976 376 1011 Sophtani,
401 976 558 1004 Gennadius
584 977 735 1004 monachus
752 978 966 1014 vocabatuget

175 1024 332 1058 patriarcha
348 1031 409 1051 esse
435 1024 568 1056 desierat.
589 1032 665 1056 cum,
679 1024 702 1052 si
716 1024 823 1051 Malaxo
835 1028 861 1050 et
879 1023 966 1051 [listo-

175 1070 224 1096 rire
243 1070 367 1096 barbam
384 1069 450 1097 fides
467 1070 664 1103 habenda-est,
679 1078 732 1097 non
748 1075 812 1097 ante
828 1070 967 1104 “Sapri-

176 1120 264 1142 vatant
285 1115 368 1142 vitam
382 1116 526 1150 repetiisse
552 1116 688 1144 videatur.
711 1116 780 1143 Tum
802 1116 884 1145 etiam
912 1123 965 1142 non

175 1152 251 1189 recte
270 1161 363 1188 statim
376 1168 438 1189 eum
455 1161 559 1189 obiisse
578 1161 716 1194 scribttnt,
740 1169 803 1188 cum
827 1168 915 1188 annos
936 1164 966 1188 ut

177 1209 320 1235 minimum
342 1211 465 1243 quatuor
490 1208 683 1243 supervixerit.
708 1206 797 1242 Atque
820 1207 878 1234 haec
902 1210 967 1234 sunt

175 1264 238 1291 qum
255 1256 288 1283 de
304 1255 438 1283 Gennadii
457 1255 512 1283 vita
542 1259 569 1282 et
588 1255 669 1282 rebus
688 1254 770 1290 gestis
787 1254 814 1280 in
835 1258 910 1280 tanta
926 1253 967 1280 hi-

174 1304 268 1331 storiae
293 1301 461 1336 recentiorisj
476 1301 594 1336 caligine
617 1301 767 1328 observare
785 1300 933 1335 potuimus.

211 1348 293 1375 Multa
310 1347 420 1383 scripsit
440 1347 598 1375 Gennadius
619 1349 718 1381 praeter
741 1354 771 1373 ea
800 1354 860 1381 qua:
882 1346 966 1373 variis

175 1395 243 1422 locis
269 1393 372 1421 titulum
394 1392 466 1420 edita
491 1395 566 1420 sunt.
589 1390 655 1418 Nam
681 1398 853 1426 quascunque
875 1391 964 1418 tribus

175 1441 233 1468 suis
243 1439 367 1475 Georgiis
380 1439 437 1466 sive
448 1438 599 1466 Gennadiis
612 1437 728 1465 Attat-ius
741 1437 878 1468 attribuit,
891 1437 966 1465 hunc

175 1492 300 1515 nostrum
318 1490 458 1513 auctorem
475 1485 591 1518 habent;
613 1484 659 1511 sed
684 1484 762 1519 piura
777 1484 859 1518 longe
879 1483 907 1510 in
922 1483 963 1510 bi-

1015 235 1119 262 idcirco
1137 236 1203 263 fides
1225 237 1355 264 vacillare
1381 245 1434 264 non
1461 238 1555 266 debet.
1575 238 1737 274 Sylvester
1763 239 1851 265 enim

1016 281 1165 317 Syropuhts
1177 283 1221 319 .(2)
1238 283 1382 312 Latinismi
1400 291 1454 312 non
1472 290 1629 319 suspectus.
1644 284 1756 312 refert
1786 283 1854 311 for-

1017 328 1116 355 mulam
1133 329 1286 357 concordiae
1301 330 1375 357 circa
1390 331 1571 365 quaestionem
1583 331 1617 358 de
1627 331 1852 366 processimus

1017 372 1135 408 Spiritus
1151 375 1252 408 sancti,
1271 383 1331 410 quae
1343 383 1358 403 a
1375 376 1492 412 Georgio
1508 376 1653 405 Scbolario
1667 378 1851 412 composi-

1018 424 1054 450 ta.
1079 427 1170 447 coram
1192 421 1358 456 imperatore
1369 427 1397 449 et
1408 422 1746 459 Graecorum-praecipuis
1768 425 1850 450 let-ta

1017 465 1109 494 fuerit.
1122 467 1282 496 Orationum
1300 477 1360 504 quae
1379 477 1442 497 cum
1457 470 1553 498 iisdem
1569 471 1637 498 actis
1659 471 1848 498 circumfe-

1017 517 1124 545 runtur,
1138 514 1211 541 nulla
1228 515 1255 542 in
1273 515 1375 543 nostris
1389 516 1533 544 codicibus
1547 517 1682 544 memoria
1699 522 1770 549 est.
1794 524 1846 543 ne-

1017 568 1071 595 que
1095 561 1201 588 illarum
1227 562 1352 589 meminit
1374 562 1513 598 Sylvester
1534 563 1708 598 Syropulus,
1735 567 1771 590 et
1792 571 1847 590 eas

1018 605 1135 641 Georgio
1152 607 1296 636 Scholario
1311 607 1456 636 Matthaeus
1469 609 1672 645 Garyophyllus
1687 609 1846 644 ahdjutli-

1018 656 1072 680 cat.
1088 652 1146 679 Etsi
1169 654 1241 680 enim
1257 662 1310 681 non
1327 654 1505 688 indiligentia:
1519 655 1609 683 solum
1624 656 1765 686 nomine,
1789 656 1844 681 sed

1019 703 1151 732 perpetuo
1180 698 1313 727 adversus
1340 699 1453 728 Latinos
1494 700 1558 728 odio
1585 701 1843 735 susptctissimus

1020 743 1171 780 Syropulus
1184 753 1244 773 esse
1258 746 1366 778 debeat.
1383 754 1463 775 nemo
1481 752 1571 774 tamen
1585 748 1688 775 Graeca:
1726 755 1843 773 recen-

1019 791 1098 817 tioris
1125 790 1245 819 historiae
1267 792 1307 820 vel
1329 793 1505 821 mediocriter
1527 794 1641 828 peritus,
1662 793 1840 828 cujusdam

1020 835 1108 863 critici
1120 839 1314 872 pra'postet‘um
1324 839 1457 873 judicium
1471 847 1526 874 quo
1544 840 1647 867 homini
1661 839 1757 866 fidem
1771 847 1841 865 mn-

1019 890 1079 909 nem
1095 883 1243 918 abjutlicat,
1255 884 1424 918 sequendum
1434 885 1612 913 existimabit.
1631 885 1684 913 Sed
1715 886 1838 913 Allatio

1019 929 1109 963 potius
1142 929 1245 963 credet,
1265 931 1311 965 qui
1326 930 1494 967 Sylvestrum
1518 933 1641 968 agnoscit
1668 938 1836 960 auctorem

1019 982 1101 1002 unum
1118 983 1151 1002 ex
1168 977 1279 1003 asseclis
1298 977 1468 1011 patriarchas,
1483 986 1538 1005 non
1553 986 1615 1006 eutn
1634 983 1732 1007 tamen
1757 987 1834 1013 qua-

1018 1020 1071 1047 lettt
1086 1028 1101 1048 e
1117 1023 1231 1050 cerebro
1245 1031 1295 1051 suo
1310 1023 1413 1050 eﬂinxit
1427 1025 1589 1052 temerarius
1605 1026 1752 1060 interpres
1775 1026 1834 1059 t5).

1018 1065 1137 1101 linguam
1164 1072 1189 1094 ct
1208 1073 1319 1096 mentem
1336 1070 1430 1104 synodi
1455 1069 1618 1104 Graecorum,
1629 1071 1760 1103 doctum,
1772 1072 1832 1098 ele-

1018 1117 1135 1147 gantem,
1156 1114 1273 1148 antiquis
1294 1113 1402 1142 Graecia
1422 1116 1567 1144 luminibus
1582 1118 1830 1151 lcomparandmn.

1020 1165 1081 1185 cum
1097 1161 1218 1194 pessime
1234 1160 1336 1188 scribat
1351 1166 1379 1189 et
1398 1162 1596 1190 sentibarbare.
1613 1164 1647 1191 At
1663 1163 1710 1191 ille
1726 1163 1829 1191 Gecr-

1019 1205 1091 1240 gium
1118 1205 1291 1233 Scholarium
1320 1206 1349 1234 in
1372 1208 1479 1243 synodo
1500 1216 1563 1237 cum
1581 1209 1673 1237 Marco
1691 1210 1828 1245 Ephesio

1019 1251 1145 1278 unionem
1160 1251 1337 1287 impugnasse
1349 1261 1405 1280 non
1420 1254 1513 1288 refert,
1526 1259 1608 1290 atque
1623 1255 1660 1282 ita
1676 1255 1824 1283 Actorum

1017 1295 1175 1325 Graecorum
1188 1297 1268 1325 fidem
1280 1306 1335 1326 non
1351 1299 1504 1335 impugnat,
1518 1308 1580 1328 cutn
1592 1309 1625 1329 eo
1639 1306 1735 1329 tamen
1753 1301 1824 1328 Flo-

1018 1343 1104 1370 rentia
1121 1351 1150 1371 se
1164 1343 1337 1378 proripuisse
1350 1348 1468 1373 testatur
1479 1351 1588 1381 peracta
1607 1348 1724 1382 synodo.
1747 1347 1824 1374 Nul-

1017 1389 1060 1417 lus
1077 1389 1182 1418 interea
1199 1391 1319 1418 occurrit
1331 1391 1388 1419 sive
1403 1393 1474 1427 apud
1485 1392 1596 1421 Graecoe
1611 1399 1744 1421 auctores
1757 1395 1821 1421 εόν-

1019 1441 1059 1463 tos
1077 1437 1134 1464 sive
1149 1438 1354 1473 manuscriptos
1370 1439 1452 1473 alter,
1464 1447 1547 1474 quem
1565 1440 1774 1476 Caryophyllns
1790 1446 1820 1467 et

1017 1483 1131 1510 Allatius
1155 1483 1309 1519 designant,
1324 1485 1456 1521 Georgius
1475 1485 1644 1520 Sebolarius,
1664 1489 1713 1522 qui
1733 1489 1818 1516 Con-

176 1534 319 1561 I-Iiothecis
332 1533 510 1564 delitescunt,
530 1537 647 1564 quorum
667 1529 787 1557 indicem
804 1529 850 1565 qtti
867 1529 963 1556 leviter
979 1537 1003 1569 ο
1018 1530 1194 1563 stantiuopoli
1218 1531 1388 1564 substiterit,
1410 1539 1472 1559 cum
1495 1531 1616 1561 Joannes
1635 1534 1818 1571 Palaeologus

177 1579 344 1616 inspexerit,
359 1578 453 1606 mirari
469 1577 573 1604 desinet
588 1576 676 1603 virum
700 1575 888 1603 doctissimum
916 1583 965 1610 pa-

176 1635 234 1654 rllm
250 1629 404 1654 accuratam
416 1624 441 1651 in
454 1623 487 1650 iis
504 1621 678 1650 recensendis
694 1621 806 1649 ctiticen
822 1620 965 1648 exercuis-

174 1682 213 1701 sn.
232 1673 281 1700 Vix
302 1672 375 1699 enim
400 1673 526 1705 quartam
547 1675 641 1695 eorum
668 1672 773 1702 partem
797 1666 912 1698 viderat,
936 1670 963 1692 et

173 1720 335 1754 plerumque
353 1716 450 1743 alienis
475 1714 575 1742 oculis.
590 1713 684 1748 Neque
707 1718 798 1741 tamen
817 1712 867 1740 etsi
884 1713 962 1747 plura

172 1773 198 1793 ct
220 1766 337 1793 certiora
353 1763 539 1797 ilesignamus,
552 1760 644 1788 omnia
656 1759 789 1788 Gennailii
808 1766 890 1794 opera
903 1758 962 1786 exi-

173 1806 534 1843 stimabimusexplicuisse.
554 1807 656 1841 Sparsa
685 1806 819 1842 siquidem
839 1809 866 1833 et
881 1804 963 1839 disje—

172 1861 214 1883 ctzt
228 1856 290 1882 hinc
301 1855 365 1881 inde
375 1853 476 1881 scrinia
491 1859 505 1879 a
519 1852 653 1879 studiosis
671 1855 734 1887 post
754 1852 828 1879 illitis
843 1854 958 1877 mortem

172 1905 285 1931 collecta
310 1905 383 1933 sunt,
409 1903 490 1934 atque
514 1898 550 1926 ita
573 1906 624 1925 non
651 1899 749 1925 mirunt
773 1901 815 1924 est
837 1895 960 1931 quaedam

173 1948 356 1976 intercidisse.
373 1945 497 1972 Homilim
519 1949 581 1972 ante
602 1945 817 1980 patriarchatum
841 1935 960 1975 scriptas,

172 1992 407 2027 Constantinopoli
427 1995 542 2026 reperta:
560 1995 625 2019 suttt
647 1994 708 2026 post
727 1993 833 2024 captam
852 1988 959 2020 urbem,

173 2041 294 2075 qua-dam
313 2038 517 2065 Thessalonica:
531 2043 557 2065 et
570 2037 706 2072 Cullipoli,
726 2039 754 2062 nt
767 2035 823 2061 alia
835 2034 959 2069 ejusdem

172 2088 283 2120 scripta,
306 2092 364 2120 qua:
380 2085 508 2119 deinceps
528 2083 756 2113 receuscbuntur,
778 2081 846 2107 adeo
865 2085 893 2107 Ill
909 2081 960 2107 mi-

173 2142 225 2159 r:-r.
242 2140 321 2158 nemo
339 2131 400 2166 jure
426 2136 507 2165 queat
536 2130 608 2165 quod
634 2127 764 2156 nonnttlla
784 2126 916 2160 perierint
933 2126 958 2154 in

174 2182 246 2203 tanta
263 2175 415 2210 reipubliezc
433 2180 459 2203 et
478 2175 606 2203 Ecclesire
622 2173 723 2200 Grrccae
738 2172 904 2200 calamitate.

1017 1581 1043 1602 ct
1068 1575 1204 1610 Iosephus
1226 1577 1392 1611 patriarcha.
1413 1578 1492 1606 simul
1518 1587 1580 1606 cum
1605 1579 1708 1608 Graecis
1732 1583 1817 1613 aliis,

1018 1621 1148 1649 Ferrarius
1161 1627 1189 1650 et
1201 1621 1346 1651 Florentia:
1361 1625 1456 1651 ultioni
1466 1625 1620 1653 sanciendae
1634 1633 1749 1661 cperant
1764 1628 1817 1655 da-

1018 1673 1089 1696 rent.

1051 1714 1142 1742 Marco
1170 1716 1288 1751 Ephesio
1314 1718 1442 1747 utebatur
1471 1719 1683 1749 familiarissime
1710 1727 1815 1750 noster

1016 1760 1148 1796 Georgius
1167 1771 1174 1795 ;
1194 1763 1262 1791 duos
1275 1769 1366 1792 autem
1386 1765 1509 1800 ejusdem
1526 1768 1646 1795 neminis
1659 1773 1686 1796 et
1702 1776 1814 1802 cogno-

1016 1808 1098 1835 minis
1111 1809 1206 1837 eodent
1220 1814 1352 1845 tempore,
1367 1819 1476 1840 summa
1489 1813 1632 1848 doctrinae,
1649 1816 1809 1850 praesertim

1016 1862 1080 1882 vero
1104 1856 1284 1891 philosophiae
1299 1857 1445 1886 Platonicae
1455 1866 1484 1887 et
1504 1859 1696 1893 Aristoteliam,
1725 1862 1812 1889 laude

1015 1901 1150 1934 ﬂoruisse,
1167 1902 1262 1930 iisdem
1279 1905 1377 1932 amicis
1392 1913 1471 1938 usos,
1486 1913 1550 1933 eum
1567 1907 1640 1934 circa
1661 1907 1810 1942 religionis

1015 1949 1152 1982 negotium
1168 1950 1405 1978 vehementissime
1413 1951 1587 1985 dissiderent,
1598 1952 1624 1979 id
1634 1953 1743 1987 quidem
1759 1955 1810 1981 tie-

1016 1993 1038 2020 ri
1060 1994 1102 2021 vix
1119 1995 1239 2029 potuisse
1260 2003 1340 2024 nemo
1361 2004 1415 2024 non
1432 1998 1516 2025 videt.
1526 1997 1561 2024 At
1573 2005 1605 2025 ex
1620 1998 1702 2025 meris
1710 2001 1808 2035 conje-

1015 2039 1101 2067 cturis
1115 2040 1150 2066 ita
1167 2045 1300 2073 statuere,
1317 2045 1346 2068 ut
1364 2041 1565 2076 Garyophyllus
1577 2047 1605 2069 et
1618 2042 1734 2070 Allatius
1764 2045 1807 2072 fe-

1014 2091 1121 2118 cerunt,
1135 2088 1196 2115 sine
1213 2088 1275 2115 ullis
1285 2093 1428 2114 auctorum
1448 2087 1626 2120 teatimoniia,
1644 2090 1760 2117 confusa
1779 2095 1805 2117 et

1015 2133 1128 2169 insuper
1171 2134 1262 2161 ltabita
1303 2139 1455 2167 temporum
1502 2135 1619 2169 ratione,
1653 2135 1803 2164 absurdum

1015 2188 1128 2214 prorsus
1159 2184 1201 2207 est
1231 2183 1258 2206 et
1281 2180 1457 2208 excusatione
1492 2186 1577 2208 caret.
1602 2181 1695 2217 Neque
1716 2183 1800 2214 enim,

208 2224 244 2249 tit
265 2223 297 2249 iis
317 2230 377 2256 quae
393 2229 473 2257 supra
496 2220 619 2256 exposita
634 2224 706 2250 snnt.
723 2218 898 2247 manifestum
917 2223 959 2247 est
974 2220 999 2249 D
1014 2230 1042 2253 ut
1068 2228 1104 2252 ita
1137 2225 1209 2259 apud
1251 2233 1279 2252 sc
1310 2225 1457 2260 haberent,
1494 2229 1657 2263 exterisque
1684 2229 1801 2256 suadere

171 2270 315 2300 ϐπηινβίιιιιι
330 2268 499 2296 Scholariunt
512 2265 661 2299 Philelpho,
673 2263 835 2298 Lipomano,
848 2265 961 2293 Anthro-

173 2317 214 2342 sio
235 2314 435 2341 Camaldulensi
458 2312 562 2340 Latinis
586 2309 745 2337 hominibus
768 2312 964 2347 conjunctissi-

173 2370 256 2393 luunt,
274 2360 376 2387 Cnet-is
390 2368 454 2387 vero
473 2358 550 2385 Luem
561 2354 681 2389 Notarae,
695 2355 841 2385 Theodoro
859 2359 961 2392 Despo-

173 2413 216 2438 ιω,
245 2411 271 2433 et
295 2407 366 2438 aliis,
388 2405 510 2433 eumdem
540 2402 642 2437 judicis
665 2403 788 2438 primarii
809 2412 910 2431 munus
934 2405 958 2430 in

173 2454 234 2480 aula
250 2452 362 2480 Joannis
378 2448 518 2482 Palaeologi
543 2448 719 2483 sustinuisse,
741 2448 908 2477 Florentiam
933 2450 958 2476 itt

170 2499 291 2531 ejusdem
305 2495 476 2532 imperatoris
489 2494 621 2521 comitatu
637 2495 744 2522 venisse
759 2494 850 2522 animo
872 2502 963 2529 prom—

172 2551 217 2579 μω
233 2550 259 2572 et
282 2544 366 2571 alacri
389 2542 420 2568 ad
446 2540 647 2575 procurandam
665 2541 807 2575 utriusque
830 2540 960 2567 Ecclesia

171 2592 359 2621 concordiam,
382 2589 418 2615 ita
439 2591 530 2615 tamen
554 2592 583 2614 ut
598 2587 632 2614 ab
657 2587 847 2622 episcoporum
865 2590 892 2613 et
913 2595 961 2621 pa—

169 2639 297 2666 tt'iarcltm
311 2639 377 2662 nutu
393 2633 534 2669 penderet,
553 2642 613 2662 cum
638 2633 725 2660 laiCus
743 2633 813 2659 inter
830 2639 878 2659 eos
893 2640 956 2660 sen-

168 2684 280 2710 tentiam
295 2682 385 2708 dicere
401 2687 452 2706 non
469 2686 572 2715 posset.
589 2680 628 2707 Eo
639 2678 767 2706 fortassis
779 2678 871 2705 animo
886 2679 956 2714 apud

167 2730 362 2764 irruperatorem
379 2727 508 2761 exposuit
529 2725 594 2761 quid
610 2724 660 2752 sibi
679 2725 750 2752 factu
768 2725 900 2760 optimum
917 2726 954 2753 vi-

167 2777 287 2805 (lt'l‘t‘llll‘.
303 2778 329 2800 et
341 2774 485 2800 consilium
500 2773 533 2800 de
548 2770 738 2806 amplectenda
756 2771 855 2799 unione
869 2772 954 2802 dedit.

202 2832 240 2865 (Ι)
256 2831 291 2858 De
312 2840 449 2864 consensu,
463 2839 488 2865 p.
505 2830 581 2857 L522.

202 2868 240 2900 t2»
257 2867 324 2894 Hist.
348 2876 362 2895 c
383 2870 455 2894 HCtlli
473 2867 544 2893 Flor.
566 2875 593 2901 p.
621 2865 684 2893 265.

1015 2276 1192 2302 conarentur,
1213 2269 1264 2296 aiia
1281 2277 1365 2298 causa
1381 2272 1443 2302 fuit.
1459 2280 1542 2306 quam
1564 2273 1637 2307 quod
1652 2272 1797 2308 Georgium

1014 2315 1199 2347 Scholarium,
1216 2317 1262 2349 qui
1280 2316 1441 2344 Florentino
1456 2317 1574 2344 concilio
1588 2325 1650 2345 cum
1668 2326 1798 2354 purpura-

1013 2361 1047 2388 tis
1060 2360 1128 2387 aula:
1144 2359 1456 2396 Constantinopolitanze
1471 2364 1610 2395 interfuit,
1627 2372 1659 2391 ex
1696 2372 1796 2391 suaso—

1013 2407 1052 2433 ria
1069 2406 1191 2435 orationc
1207 2415 1259 2442 qua
1272 2407 1405 2436 Joannem
1419 2409 1600 2445 Pala-ologum
1619 2411 1743 2438 hortatus
1757 2416 1795 2437 est

1012 2453 1045 2479 ad
1073 2453 1214 2484 unionem,
1230 2453 1378 2482 Catholicis
1406 2455 1592 2490 adiunxerint,
1609 2463 1689 2490 quem
1722 2455 1794 2483 dein-

1012 2506 1075 2532 crps
1092 2498 1357 2535 Constantinopolim
1383 2508 1524 2528 reversum
1555 2510 1608 2529 nou
1636 2508 1792 2536 agitoseont.

1012 2542 1089 2570 Tunc
1106 2545 1179 2571 enim
1197 2546 1334 2575 contraria
1351 2553 1465 2580 prorsus
1477 2548 1597 2574 sensisse
1612 2547 1699 2578 illum,
1717 2549 1793 2575 certis

1012 2591 1181 2624 argumentis
1198 2599 1229 2618 ex
1243 2591 1357 2618 historia
1375 2592 1486 2619 illorum
1507 2597 1662 2627 temporum
1679 2598 1791 2625 constat,

1013 2636 1130 2664 maxime
1147 2645 1210 2664 vero
1225 2638 1335 2672 scriptis
1351 2639 1377 2665 itt
1393 2638 1505 2666 Latinos
1521 2639 1723 2670 acerbissimis,
1738 2647 1790 2673 quae

1012 2688 1065 2710 tant
1077 2684 1228 2717 singulares
1245 2683 1353 2719 Georgii
1368 2685 1501 2712 Scholarii
1514 2686 1636 2713 auctoris
1652 2690 1731 2714 notas
1745 2694 1790 2720 pne

1011 2738 1040 2757 se
1052 2730 1154 2762 ferunt,
1173 2736 1201 2758 ut
1214 2731 1360 2766 benignam
1371 2732 1473 2759 nullam
1487 2732 1738 2767 interpretationem
1750 2737 1790 2760 aut

1011 2775 1086 2802 falsa:
1104 2776 1292 2811 inscriptioﬂis
1320 2777 1531 2804 accusationem
1561 2778 1718 2805 admittant.
1742 2778 1788 2806 lloc

1009 2875 1017 2897 ι
1048 2835 1086 2869 (5)
1106 2834 1170 2861 Rob.
1185 2836 1373 2870 tireygthonus
1391 2836 1416 2863 in
1430 2836 1537 2864 Praefat.
1554 2837 1586 2863 πει
1599 2836 1785 2872 δγῐορυΙὶΗίεε

1021 2879 1116 2897 ονιίιηι.

1021 2879 1116 2897 ονιίιίιι.
