1863 3057
170 116 231 151 ίΞἿ

708 119 899 150 GENNADH
920 120 973 150 (ΣΡ.
990 121 1252 153 PATRIAHCILE

1769 128 1845 160 ΞΤΞ

183 178 329 207 Florentiae
356 175 439 205 simul
455 179 559 206 essent.
586 175 639 204 Sed
660 176 808 212 Ephesium
824 176 976 204 verisimile
989 181 1013 211 Α
1026 179 1132 208 cicndae
1146 181 1284 209 sententia
1305 181 1395 210 luisse
1425 182 1606 216 existimavit,
1633 191 1688 212 non
1718 185 1843 212 mirum

179 232 222 254 est
252 233 307 261 quo
333 225 395 260 plus
416 224 531 252 haberet
551 223 681 259 ponderis
696 223 757 258 ejus
781 223 871 252 oratio
884 243 893 256 .
914 231 974 252 eam

179 274 281 308 scripto
297 271 548 306 comprehendisse.
565 270 639 299 Sane
657 274 713 299 tam
737 270 882 306 perspicue
894 277 988 306 syuo-r

183 320 250 346 dnui
276 318 464 346 Florentinain
486 317 625 352 designat,
651 321 682 345 ut
702 317 821 345 Allatius
839 316 910 352 ipse,
926 317 974 352 qui

185 365 272 393 nodos
287 364 423 400 ejusmodi
442 364 543 399 sacpius
558 363 717 392 rescindere
735 371 819 399 quam
837 363 976 398 explicare

176 412 261 444 solet,
279 419 377 447 aquam
395 410 447 438 sibi
465 411 568 439 merere
591 417 646 438 non
680 410 837 443 diﬂiteatur,
861 411 908 438 sed
930 418 975 437 re-

181 458 270 486 currit
286 458 318 484 ad
335 465 417 485 suum
433 457 510 484 illum
528 456 702 485 Scholarium
726 457 784 485 sive
799 456 972 484 Gennadium

178 506 398 536 schismaticum,
415 504 448 532 ad
460 511 542 539 quem
550 504 641 532 datam
659 504 821 536 arbitramur,
841 503 915 531 nulla
927 511 971 530 ra-

180 555 256 580 tione
269 552 368 584 Iulius,
381 559 462 587 quam
476 551 549 586 quod
563 551 586 578 si
603 551 636 578 ad
649 549 824 578 Scholarium
840 550 888 585 qui
908 558 971 577 cum

180 600 348 634 imperatore
361 598 395 626 ad
409 598 558 626 concilium
571 597 661 630 venit,
678 596 780 631 scripta
792 597 839 628 sit,
853 596 974 624 concidit

181 652 236 674 tota
250 646 368 673 duorum
388 644 601 672 Gennadiorum’
611 643 718 670 labiila.
734 643 768 670 At
783 651 846 670 cum
862 642 968 678 liquido

179 696 312 728 appareat
323 698 377 718 non
388 689 472 717 alium
489 690 541 717 hoc
556 689 617 717 loco
627 688 777 724 designari,
788 695 871 724 quam
884 689 971 716 virum

179 738 380 770 doctissimum,
398 736 607 772 philosophum,
628 736 658 763 in
677 735 849 771 amplissima
881 735 973 770 digni—

179 789 235 814 tate
255 784 451 816 constitutum,
467 783 516 819 qui
529 782 564 810 ad
580 782 759 812 concordiam
770 782 892 817 reliquos
908 782 973 814 hor-

179 835 253 859 tatus
269 831 364 864 fuerit,
379 830 453 866 quod
469 830 503 858 de
517 837 568 858 suo
583 829 726 858 Gennadio
740 828 924 858 scliisiiiatico
937 835 971 855 ne

178 879 338 915 suspicatur
355 878 466 914 quidem
488 877 608 905 Allatius
619 896 627 910 ,
654 876 712 904 htec
728 876 755 904 in
770 876 876 904 larvam
896 875 970 903 illam

178 926 277 954 cadere
300 933 355 953 non
377 928 504 961 possunt,
526 923 701 952 Gennadium
719 931 819 958 nempe
840 923 971 955 alterum,

178 974 225 1008 qui
245 973 381 1000 obscurus
406 972 434 999 iii
456 971 537 1003 cella,
554 971 614 999 solo
637 970 665 998 in
685 970 801 998 Latinos
817 969 882 1005 odio
897 976 974 996 com-

181 1020 328 1048 mendatus
340 1039 348 1052 ,
363 1024 427 1046 ante
442 1021 550 1053 captam
567 1017 666 1044 urbem
683 1016 756 1044 diem
769 1023 852 1045 suum
867 1014 973 1043 obiisse

177 1067 289 1095 dicitur.

212 1113 313 1141 Verum
325 1112 376 1139 etsi
390 1111 488 1139 Schola
494 1110 552 1139 rius
564 1109 756 1138 Florentinam
767 1109 899 1138 unionem
912 1116 975 1137 ora~

177 1161 253 1188 tione
281 1158 531 1191 laudaverit,non
561 1160 655 1184 tamen
686 1163 747 1184 eam
766 1155 974 1190 subscriptione

177 1207 308 1238 ﬁrmavit,
326 1213 389 1233 cum
407 1204 471 1232 laici
489 1211 546 1231 non
568 1202 801 1238 subscripserint.
817 1203 908 1237 Atque
932 1202 971 1230 ita

179 1254 247 1281 nihil
262 1251 462 1289 propemodum
474 1250 565 1280 egisse
584 1249 638 1278 sibi
657 1249 733 1277 visus
748 1252 802 1283 est,
815 1248 896 1284 quasi
908 1256 973 1276 ora-

177 1301 247 1328 toris
267 1299 361 1335 potius
375 1305 455 1325 more
470 1296 636 1325 sententiam
662 1295 782 1324 dixisset
808 1295 972 1330 imperatori

183 1346 394 1382 perincundam,
407 1343 624 1378 Graecorumque
635 1341 743 1370 aﬂlictis
751 1342 834 1370 rebus
849 1348 973 1369 commo-

178 1393 336 1421 dissimam.
356 1392 449 1427 Atque
467 1391 505 1418 ita
533 1388 811 1424 Constantinopolim
828 1395 972 1422 reversus,

179 1440 272 1468 Marco
286 1438 408 1474 Ephesio
426 1436 624 1465 reconciliatus
648 1439 702 1468 est,
718 1440 746 1463 et
763 1442 779 1463 ti
793 1434 904 1463 Latinis
915 1433 972 1461 Ile-

179 1487 336 1521 noticisque
352 1485 537 1518 abalienatus,
561 1483 635 1511 unde
654 1483 684 1510 in
697 1481 812 1510 Joannis
837 1481 971 1509 Palaiole-

179 1534 205 1569 gi
224 1533 402 1560 oﬂ‘eusionein
421 1531 552 1564 incurrit,
568 1530 642 1565 quod
667 1523 813 1557 ‘liabemus
844 1536 879 1556 ex
909 1528 971 1563 ejus
985 1537 1007 1566 ε

179 1577 358 1615 Apologetica
373 1577 406 1605 ad
422 1575 639 1604 Constantinum
651 1574 856 1609 oratione,qute
867 1573 970 1601 Allatio

180 1633 323 1661 nunquam
339 1625 398 1652 visa
416 1628 469 1651 est.
484 1622 567 1651 Nulla
593 1626 651 1650 toto
669 1621 816 1649 intervallo
836 1619 971 1654 temporis

179 1672 252 1707 quod
270 1670 342 1698 inter
359 1669 527 1698 Florentius:
547 1667 648 1704 synodi
678 1666 771 1698 liuent,
798 1669 826 1693 et
852 1663 970 1692 Joannis

180 1717 326 1752 Palaeologi
342 1717 449 1745 obitum
464 1714 622 1745 intercessit
636 1713 753 1742 alterius
775 1711 897 1747 Georgii,
913 1711 972 1739 sive

180 1764 313 1794 Gennadii
326 1764 429 1792 mentio
447 1769 498 1796 est,
515 1763 563 1791 sed
577 1766 685 1789 tantum
699 1760 783 1795 hujus
815 1759 908 1786 nostri
922 1759 970 1794 qui

179 1810 408 1846 coniunctissime
422 1817 486 1838 cuin
500 1816 534 1837 eo
550 1808 628 1841 vixit.
644 1807 693 1843 qui
706 1814 773 1836 suos
783 1807 808 1835 ei
838 1813 888 1841 pro
909 1805 972 1834 Ari-

179 1859 277 1887 stotele
293 1861 391 1886 contra
412 1856 569 1885 Gemistum
582 1855 669 1883 libros
700 1854 812 1886 dicavit,
842 1852 890 1887 qui
915 1859 972 1880 uio-

178 1903 261 1931 rienti
273 1902 374 1936 adluit,
390 1906 418 1930 et
439 1902 496 1929 Deo
511 1906 581 1929 teste
597 1900 692 1928 multis
712 1899 899 1934 praesentibus
916 1898 970 1927 Ec.

178 1950 270 1978 clesiae
292 1957 349 1977 sua:
363 1948 497 1976 adversus
525 1946 638 1974 Latinos
667 1945 856 1974 defensionem
882 1945 909 1973 in
942 1953 972 1974 se

179 1996 302 2031 recepit,
321 1995 424 2030 quique
444 1998 483 2021 tot
503 1993 590 2020 libros
602 1992 688 2020 edidit
703 1992 805 2027 quibus
818 1993 884 2020 uitio
906 1992 971 2020 Flo-

179 2044 276 2071 rentia:
291 2043 364 2070 facta
382 2041 596 2074 convelleretur,
625 2040 673 2075 qui
689 2039 801 2068 Crassos
830 2040 970 2068 antistites

178 2090 270 2118 adhuc
297 2089 386 2117 laicus
405 2096 420 2116 a
449 2088 608 2116 coronando
627 2085 810 2115 Constantino
823 2087 971 2120 deterruit,

176 2141 205 2164 et
225 2136 334 2164 tandem
351 2135 379 2163 in
397 2134 595 2163 monasterium
621 2141 652 2162 se
671 2133 778 2168 recepit
803 2134 886 2169 paulo
902 2137 968 2161 ante

177 2190 285 2219 captam
305 2182 413 2211 urbem.
428 2181 495 2214 Quae
512 2181 606 2208 omnia
626 2188 660 2208 ex
676 2179 734 2208 sola
748 2179 783 2207 ad
807 2178 969 2208 Constanti-

988 860 1009 887 Β

1028 226 1052 255 si
1075 235 1155 261 quem
1173 227 1271 255 Latino
1287 229 1392 255 nomini
1406 229 1626 258 iiifensissimum
1638 238 1703 258 esse
1722 238 1843 265 negare

1027 281 1082 301 non
1098 278 1215 307 poterat.
1233 275 1317 302 alium
1333 275 1418 303 fuisse
1440 276 1618 304 existimavit.
1634 277 1714 305 Alius
1724 285 1844 312 nempe

1027 320 1117 348 factus
1134 325 1177 349 est
1193 321 1258 349 dum
1276 322 1392 357 mutavit
1407 323 1586 356 sententiam,
1602 329 1643 351 tot
1654 324 1844 352 Gracorum

1026 366 1182 395 antistitum
1213 369 1351 403 exemplo,
1378 369 1426 403 qni
1454 369 1551 397 unioni
1585 370 1843 406 subscripserunt,

1026 412 1099 445 quod
1114 412 1276 441 Scliolarius
1295 422 1348 441 non
1366 414 1480 442 fecerat.
1495 415 1556 448 Quo
1571 423 1642 443 vero
1664 419 1741 443 circa
1758 415 1843 442 Flo—

1026 459 1164 486 rentinain
1181 460 1320 495 synodum
1336 461 1430 488 animo
1444 460 1541 494 fuerit,
1578 469 1660 489 nemo
1670 461 1729 496 jam
1757 470 1841 489 corn

1022 505 1138 539 jecturis
1149 507 1260 540 assequi
1280 506 1433 534 divinando
1462 507 1555 540 debet,
1572 507 1619 536 sed
1637 508 1699 542 ejus
1715 509 1841 535 oralio—

1025 551 1108 579 nibus
1123 552 1249 580 credere.
1262 552 1404 588 Praecipua
1422 558 1464 581 est
1487 554 1670 582 valedictoria
1684 555 1718 581 ad
1735 553 1837 582 “Con-

1026 598 1193 629 stantinum.
1208 599 1236 625 in
1256 606 1311 633 qua
1328 606 1383 626 non
1400 600 1483 627 aliam
1499 600 1620 629 inimicis
1636 602 1697 629 suis
1715 601 1840 628 calum—

1023 644 1119 672 niandi
1136 651 1249 672 causam
1265 645 1352 674 fuisse
1368 650 1499 677 testatur.
1515 655 1597 682 quam
1609 647 1682 683 quod
1698 648 1814 675 iniiova
1825 663 1840 668 -

1025 689 1094 717 tioni
1110 697 1157 724 per
1175 691 1366 720 deﬁnitionem
1381 692 1542 728 synodalem
1565 693 1645 722 facta:
1654 694 1722 721 totis
1752 694 1841 721 viri-

1024 735 1077 763 bus
1096 736 1256 764 obsisteret.
1275 737 1349 765 Idem
1375 738 1493 773 probant
1511 740 1586 767 varia
1597 739 1841 768 adversusLati-

1024 790 1075 810 nos
1092 787 1121 810 et
1135 782 1362 818 Latinophronas
1376 785 1492 820 scripta,
1508 785 1717 820 disputationes
1753 794 1837 814 cum

1024 829 1152 856 Coi-tome
1169 829 1314 864 episcopo,
1332 834 1361 858 et
1377 831 1430 858 alia
1448 839 1510 866 qua:
1524 831 1566 859 vel
1582 839 1669 867 supra
1690 833 1839 869 designa-

1020 879 1052 902 ‘ta
1064 880 1141 908 sunt,
1151 876 1194 903 vel
1206 876 1233 903 in
1247 876 1352 904 Notitia
1366 878 1428 913 ejus
1441 885 1555 913 operum
1575 879 1809 914 designabuntur
1826 889 1836 906 :

1025 926 1081 949 tum
1097 929 1158 957 quae
1173 922 1224 950 sub
1246 922 1345 951 lsidori
1360 924 1510 953 cardinalis
1542 925 1704 958 adventum,
1732 932 1762 954 et
1801 927 1836 954 in

1025 969 1083 1004 ipsa
1096 969 1240 997 obsidione
1255 969 1380 1005 scripsit,
1396 970 1507 998 tandem
1533 970 1630 998 Oratio
1646 972 1738 1000 codici
1757 972 1831 999 Ma-

1024 1022 1086 1051 gnae
1100 1015 1228 1043 Ecclesiae
1244 1017 1360 1049 inserta,
1377 1024 1439 1044 cum
1451 1018 1637 1053 patriarchale
1653 1026 1757 1047 muniis
1777 1019 1836 1047 ile-

1025 1062 1127 1097 posuit.
1145 1062 1255 1090 Prioros
1270 1063 1344 1090 enim
1359 1063 1554 1091 demonstrant
1566 1073 1630 1092 eum
1645 1065 1700 1100 _qui
1714 1065 1835 1100 iudicis

1024 1109 1149 1143 primarii
1163 1108 1298 1144 dignitate
1315 1113 1444 1142 ornatus,
1471 1109 1640 1138 Florentiam
1657 1111 1684 1138 in
1699 1110 1836 1147 impera-

1025 1155 1096 1183 toris
1108 1155 1242 1183 comitatu
1274 1156 1418 1190 prolectus
1432 1161 1485 1188 est,
1516 1157 1605 1192 ipsum
1619 1164 1682 1185 esse
1698 1157 1745 1192 qui
1763 1162 1834 1186 tan-

1026 1206 1067 1229 tas
1085 1205 1183 1229 contra
1202 1201 1314 1229 Latinos
1331 1207 1359 1230 et
1372 1200 1560 1230 Florentinam
1571 1203 1703 1231 unionem
1719 1205 1831 1233 turbas

1024 1248 1179 1276 excitavit:
1200 1248 1371 1283 posteriores
1399 1249 1527 1277 eumdem
1554 1251 1742 1284 patriarcham
1765 1252 1833 1286 pri-

1025 1302 1099 1322 mum
1113 1295 1344 1330 designatum,ex
1362 1302 1416 1330 quo
1426 1295 1683 1331 Constantinopolis
1700 1297 1729 1325 in
1745 1298 1832 1326 Tur-

1023 1348 1119 1368 carum
1132 1344 1296 1376 potestatem
1310 1342 1505 1374 venit,omnes
1517 1342 1589 1371 inter
1597 1350 1627 1371 se
1638 1344 1831 1372 consentiunt

1024 1391 1051 1415 et
1068 1387 1156 1414 lucem
1172 1387 1266 1414 altera:
1285 1387 1379 1415 alteris
1392 1387 1574 1421 fmiierantur,
1601 1393 1635 1416 ἰιι
1668 1388 1831 1417 insititiuin

1020 1433 1102 1461 illum
1117 1433 1193 1461 nullo
1208 1441 1297 1469 neque
1317 1434 1380 1462 loco
1398 1441 1487 1470 neque
1511 1439 1637 1470 tempore
1656 1436 1829 1464 consistere

1024 1480 1175 1515 patiantur.

1058 1526 1156 1560 Opera:
1173 1527 1292 1562 pretium
1318 1530 1361 1555 est
1377 1527 1465 1563 ipsius
1492 1527 1631 1557 ‘Gennadii
1659 1528 1693 1557 de
1725 1531 1830 1566 seipse

1023 1573 1171 1601 scribentis
1184 1573 1268 1601 verba
1285 1573 1393 1612 referre
1419 1581 1453 1603 ex
1494 1574 1597 1603 inedita
1626 1575 1752 1611 Epistola
1784 1578 1826 1605 ad

1025 1619 1101 1648 cives
1116 1627 1183 1648 suos
1197 1620 1404 1649 ecclesiasticos
1426 1625 1454 1649 et
1467 1622 1626 1656 saeculares,
1639 1623 1742 1658 scripta
1773 1632 1830 1652 sex

1023 1669 1088 1694 ante
1103 1671 1212 1702 captain
1246 1667 1347 1695 urbem
1378 1667 1534 1697 mensibus.
1563 1668 1710 1705 Postquam
1740 1670 1832 1699 initio

1023 1717 1138 1747 questus
1156 1717 1198 1741 est
1221 1713 1276 1748 peti
1293 1721 1323 1741 se
1345 1713 1431 1742 variis
1455 1714 1630 1743 inimicorum
1656 1716 1829 1750 calumniis,

1023 1758 1153 1786 intentari
1179 1759 1268 1787 minas
1285 1759 1369 1786 :Non
1391 1759 1460 1793 alia,
1491 1761 1592 1796 inquit,
1626 1763 1733 1790 ratione
1769 1765 1830 1792 nisi

1022 1805 1091 1842 quod
1107 1805 1230 1834 nolumus
1251 1806 1375 1841 separari
1388 1814 1405 1834 α
1417 1807 1510 1841 patria
1525 1809 1681 1843 traditione,
1691 1813 1716 1837 et
1733 1811 1827 1838 simul

1022 1854 1156 1888 cumipsis
1174 1854 1340 1888 impudentes
1357 1859 1453 1882 contra
1471 1855 1556 1883 Deum
1589 1864 1656 1884 esse.
1692 1856 1758 1884 Nisi
1771 1858 1830 1886 de-

1024 1900 1111 1928 sidero
1129 1909 1219 1936 paceni
1237 1899 1434 1936 Ecclesiarum,
1457 1906 1482 1929 et
1492 1903 1661 1929 concordiam
1682 1902 1828 1931 Christia-

1023 1956 1118 1974 norum
1145 1947 1274 1980 omnium,
1293 1947 1338 1975 sed
1358 1955 1457 1982 veram,
1489 1948 1668 1982 spiritualem.
1693 1951 1827 1977 ecclesia-

1022 1994 1129 2025 sticam,
1141 1993 1245 2028 justam
1265 1999 1290 2022 et
1310 1995 1467 2027 salutarem,
1484 1995 1541 2022 vita
1553 2003 1611 2021 mea
1631 2003 1696 2029 pace
1712 2003 1826 2025 careat.

1024 2040 1061 2067 De
1075 2041 1161 2075 primo
1175 2046 1261 2067 autem
1275 2041 1372 2075 capite,
1388 2048 1480 2074 nempe
1494 2040 1564 2076 quad
1578 2040 1734 2076 religionem
1752 2046 1825 2072 atri-

1023 2087 1110 2119 nabat,
1123 2087 1182 2113 dico
1190 2091 1214 2114 et
1225 2091 1304 2113 testor
1312 2086 1381 2121 quod
1389 2086 1457 2113 hanc
1464 2094 1510 2122 ego
1519 2092 1638 2114 sanctam
1649 2093 1760 2115 matrem
1768 2090 1826 2118 Ec-

1022 2135 1131 2162 clesium
1140 2142 1199 2161 cum
1210 2133 1273 2160 aliis
1283 2133 1368 2161 tribus
1376 2134 1554 2162 sanctissimis
1564 2134 1726 2168 patriorchis
1737 2135 1825 2164 habui

1022 2189 1122 2216 semper
1134 2184 1159 2208 et
1175 2180 1256 2207 habeo
1275 2185 1402 2215 tanquam
1417 2185 1507 2207 verum
1519 2179 1633 2208 Matrem
1648 2181 1823 2210 orthodoxa-

177 2238 242 2258 niim
260 2228 375 2265 epistola
393 2232 450 2256 tam
463 2227 611 2262 perspicue
640 2226 878 2259 demonstrantur,
895 2230 925 2254 ut
941 2226 968 2254 in
989 2220 1010 2248 ο
1026 2235 1083 2254 rum
1109 2225 1337 2266 Christianorum,
1353 2226 1381 2253 in
1402 2227 1545 2260 qua,sicul
1561 2227 1639 2254 initio
1648 2228 1822 2262 praedicatio-

176 2275 326 2303 ohscurum
342 2273 456 2301 alterum
473 2271 647 2300 Gennadium
668 2272 770 2301 cadere
787 2278 964 2307 nequaquam

177 2319 295 2354 possint,
315 2325 395 2353 quem
409 2315 579 2345 Florentium
614 2317 709 2350 ivisse,
722 2317 821 2345 unioni
851 2316 967 2349 lavisse.

177 2363 518 2401 philosophum.judicem
543 2363 707 2399 primarium
720 2363 830 2392 Notarae
859 2363 970 2391 amicis-

177 2415 278 2441 simum
295 2412 434 2447 (l),ltalis
459 2412 549 2440 doctis
577 2412 851 2448 conjunctissiinum,
884 2410 969 2438 Marci

177 2459 288 2495 Ephesii
303 2458 472 2494 discipulum
496 2463 523 2486 et
548 2459 789 2495 pernecessarium
808 2457 906 2490 fuisse,
922 2465 969 2486 ne~

177 2514 222 2534 mo
236 2512 356 2539 unquam
375 2506 429 2533 ullo
442 2506 541 2533 idoneo
559 2506 720 2534 testimonio
734 2505 849 2540 probare
865 2507 970 2538 potest,

177 2553 263 2579 multo
279 2552 371 2579 minus
387 2551 413 2578 id
425 2553 498 2587 quod
508 2552 626 2580 Allatius
642 2551 804 2586 palmarium
821 2558 970 2585 argumen-

176 2604 232 2626 tiiui
250 2598 343 2630 habet,
358 2598 532 2626 Scholariuiu
547 2605 602 2625 non
619 2598 671 2625 nisi
696 2600 848 2632 postquam
879 2596 972 2632 digni-

177 2650 259 2672 tatem
284 2646 450 2680 ahdicasset,
488 2645 674 2673 monasticam
706 2643 790 2671 vitam
811 2643 966 2679 professum

176 2700 248 2720 0559.

210 2739 280 2772 Quia
297 2746 362 2767 vero
378 2739 454 2766 illum
473 2738 500 2764 in
519 2736 643 2765 eamdem
676 2744 794 2772 semper,
809 2745 890 2772 quam
908 2736 970 2763 Flo-

176 2787 272 2814 rentiae
291 2786 507 2821 signiﬁcaverat,
527 2784 682 2812 concordiis
702 2792 765 2812 cum
785 2783 889 2811 Latinis
909 2792 973 2812 san—

1023 2274 1063 2301 nis
1084 2272 1251 2308 evangelicw,
1262 2272 1344 2308 juxta
1352 2272 1461 2300 Domini
1472 2273 1672 2308 prmdictionem
1683 2274 1747 2308 ﬁdei
1757 2284 1820 2310 pro-

1023 2318 1099 2346 batio
1108 2319 1258 2353 efﬁcaciter
1270 2320 1421 2355 perﬁcitur,
1435 2327 1466 2347 ea:
1479 2321 1599 2348 omnibus
1615 2322 1762 2356 apostasia.-
1777 2323 1820 2350 iu-

1023 2366 1156 2394 cursibus.
1167 2365 1266 2394 Omnia
1282 2368 1363 2395 etiam
1377 2367 1457 2402 hujus
1474 2366 1602 2395 Ecclesia
1614 2367 1743 2403 dogmata
1759 2379 1819 2396 am-

1023 2413 1124 2446 plector
1142 2418 1267 2448 umquam
1280 2413 1381 2446 divina,
1403 2414 1543 2441 verissima
1554 2420 1580 2442 et
1592 2415 1738 2448 salutaria,
1753 2425 1818 2451 quo-

1024 2467 1082 2486 runt
1095 2468 1178 2486 miunt
1192 2464 1243 2492 est,
1258 2460 1328 2495 quod
1352 2459 1471 2495 Spiritus
1499 2466 1610 2489 sanctus
1644 2469 1676 2488 ea:
1703 2461 1757 2490 Deo
1792 2469 1816 2490 et

1024 2507 1107 2533 Patre
1122 2507 1239 2542 procedit
1259 2507 1311 2534 sive
1328 2506 1463 2541 subsistit,
1487 2507 1712 2542 quemadmodum
1737 2509 1815 2536 habe-

1024 2558 1067 2579 tur
1081 2553 1108 2579 in
1128 2551 1254 2588 Symbolo
1293 2553 1412 2580 omnium
1442 2553 1606 2588 generalium
1631 2554 1803 2581 conciliorum

1024 2599 1117 2635 Neque
1132 2600 1202 2626 enim
1216 2607 1248 2627 ea:
1265 2598 1346 2627 Patre
1355 2605 1379 2628 et
1398 2599 1482 2633 Filio,
1501 2605 1531 2627 ut
1557 2600 1719 2628 Latinorum
1737 2600 1814 2636 Sym-

1024 2647 1112 2673 bolum
1127 2647 1204 2680 dicit,
1220 2651 1245 2673 et
1265 2645 1423 2674 Florentino
1444 2647 1561 2683 synodus
1574 2647 1708 2675 inauditis
1731 2649 1813 2683 expli-

1025 2692 1174 2720 cationibus
1192 2694 1309 2727 exponit.
1327 2694 1478 2729 Amplector
1494 2695 1595 2728 factum
1622 2699 1715 2722 contra
1749 2694 1813 2722 Bcc-

1026 2747 1085 2766 cum
1101 2739 1326 2774 Lntiiiopliroiiem
1342 2746 1464 2768 sanctam
1487 2745 1511 2768 el
1533 2749 1657 2777 magnam
1668 2743 1809 2776 synodum,

1027 2791 1051 2812 et
1068 2794 1125 2813 eam
1142 2786 1256 2821 ﬁrmiter
1267 2787 1336 2814 inter
1353 2788 1527 2816 terunieiiiras
1556 2789 1742 2816 collocandum
1755 2797 1812 2816 cen-

208 2886 243 2919 (ι)
261 2886 274 2910 δ’
281 2885 320 2911 ide
335 2885 396 2910 infra
409 2885 528 2912 Gennadii
546 2889 570 2911 cl
587 2885 682 2913 Notarx
693 2886 821 2917 ammbaras
834 2887 951 2919 epistolas
972 2886 1040 2912 Eoir.
