1863 3057
28 156 69 188 273
793 155 814 184 V

1593 147 1650 177 ΞΠ

26 205 70 246 seu,
81 213 141 249 quia
171 211 338 240 schismatici
364 211 485 239 absentia
505 210 673 238 tecumcnicte
702 209 803 245 synodo
819 213 840 242 Α
856 209 907 237 Sed
922 209 1072 243 spiritualis
1084 208 1162 242 paria
1181 207 1347 234 sentientium
1363 205 1522 236 communio,
1540 210 1564 232 et
1584 213 1647 238 pcr-

25 260 167 295 qualitatent
185 267 239 285 non
256 258 354 292 aufert.
378 257 508 292 Ejusdem
546 255 689 283 terribilem
702 259 806 282 senten-

27 307 79 333 tiam
92 311 151 331 eum
178 303 317 331 sententiis
342 307 366 330 et
400 301 635 329 anathematismis
667 304 807 327 trementer

26 351 137 385 suscipio,
156 355 287 384 tanquam
299 357 406 376 sacram
422 353 447 375 et
484 349 603 375 divinam
633 347 806 379 sententiam,

26 406 74 432 qua
89 398 121 424 de
135 396 297 424 Latinorum
328 395 507 431 dogmatibus,
525 399 549 421 et
569 394 601 421 de
621 393 701 427 Papae
733 401 807 420 com-

27 443 206 471 memoratione
219 442 403 470 convenientia
417 441 523 469 decreta
534 441 671 472 statuerit,
687 438 808 466 Persisto

27 492 47 518 in
54 499 81 518 ea
95 489 277 525 promissione
292 497 344 523 qua
358 496 399 515 me
428 486 562 514 obstrinxi
573 487 649 513 beato
677 484 808 519 Ephesino

26 538 146 572 episcopo,
162 544 222 563 cum
241 535 275 563 ad
289 535 370 563 Deum
383 535 548 569 migraturus
560 536 730 564 esset,coram
743 531 808 565 Deo,

28 583 117 616 angelis
129 585 155 609 et
170 580 335 613 hominibus,
353 585 377 607 et
405 578 633 613 disputationibus
647 585 713 612 quas
729 577 809 604 habui

28 630 140 655 adversus
167 627 318 662 episcopum
349 625 474 654 Cornota,’
500 625 535 652 ad
555 624 810 664 demonstrationem

29 675 134 702 irritatis
151 682 233 709 quam
245 672 413 707 proﬁtemur,
427 677 455 698 ut
465 672 546 699 etiam
560 671 671 698 diversis
686 669 809 710 operibus

28 730 77 754 qua'
91 729 139 755 pro
154 721 245 755 patria
257 720 320 755 ﬁde,
330 719 419 746 divino
446 727 555 746 munere
575 717 707 753 publicavi
725 725 733 744 :
746 725 811 743 con-

29 767 131 801 fessione
151 774 254 802 quoque
265 765 326 800 fidei
342 773 415 798 meos,
435 765 474 792 vel
497 765 586 799 potius
604 763 745 791 catholica
760 761 811 789 Ee-

29 813 116 845 clesite,
137 820 219 847 quam
238 816 300 838 ante
326 811 463 838 biennium
486 815 615 837 accurate
644 809 810 837 elaboratam

28 859 139 893 evulgari
157 867 165 885 :
186 857 425 892 subscriptionibus
436 857 517 884 etiam
531 864 597 891 quas
615 863 675 882 cum
688 854 812 882 ecclesia-

31 906 94 932 sticis
109 905 186 937 viris,
201 904 295 931 eadem
311 903 449 931 nobiscum
463 903 637 930 sentientibus
654 902 752 935 scripto
765 901 810 936 [ir-

31 952 151 978 mat-imus
165 950 250 986 legati
278 954 401 984 tempore,
414 954 439 977 et
459 949 553 976 deinde
574 953 632 983 post
654 947 811 982 legationem

30 997 121 1023 domini
137 996 262 1029 Brennii,
275 996 352 1030 cujus
363 995 494 1030 particeps
507 994 581 1022 nullo
598 994 675 1021 ntodo
687 993 738 1029 fui,
754 1001 812 1019 cum

29 1052 151 1079 nusquam
166 1043 249 1078 Papa:
264 1041 538 1069 commemorationem
546 1040 678 1073 suscipere
697 1039 811 1067 statuis-

29 1098 120 1122 semus,
138 1088 259 1124 quandiu
273 1088 345 1115 circa
368 1087 501 1122 prq'cipua
513 1087 575 1121 ﬁdei
589 1087 718 1121 dogmata
732 1085 812 1112 divisi

29 1141 49 1162 et
62 1135 197 1162 discordes
214 1142 330 1162 essemus
343 1135 374 1160 ab
390 1142 423 1160 eo
450 1133 533 1160 secuti
558 1133 693 1168 prwdicltv
719 1131 813 1167 synodi

29 1182 218 1216 deﬁnitionem,
242 1184 349 1215 patrum
391 1182 543 1205 nostrorum
574 1178 815 1213 magistrorutnque

29 1229 150 1255 omnium.

61 1275 132 1302 Idem
151 1275 179 1301 in
194 1273 313 1310 epistola
333 1273 365 1300 ad
383 1272 551 1309 Sylvestrutn
582 1278 710 1306 magnum
719 1269 815 1298 eccle-

30 1321 175 1353 siarcbam.
190 1325 218 1348 et
240 1320 273 1347 ad
288 1319 459 1354 Agallianum
484 1318 735 1354 chartophylacem,
752 1316 816 1344 reli-

30 1375 148 1402 quosque
164 1366 371 1394 ecclesiasticos
385 1366 488 1400 scripta
502 1372 565 1393 cum
580 1364 706 1399 Liturgia
724 1363 815 1398 publi-

30 1422 57 1441 re
72 1415 259 1442 celebraretur
271 1416 333 1447 post
358 1416 517 1439 renovntam
538 1411 670 1438 unionem
686 1417 749 1437 cum
765 1410 817 1437 lsi-

31 1459 94 1485 duro
107 1457 251 1485 cardinale
265 1456 370 1484 [tussiat
391 1455 480 1491 legato
496 1455 657 1491 apostolico,
670 1459 815 1490 postquam

30 1504 171 1531 excusavit
193 1511 222 1531 se
237 1502 310 1538 quod
330 1505 446 1530 vocatus
461 1502 502 1530 ire
515 1502 547 1529 ad
562 1501 696 1537 synodum
710 1501 817 1528 renuis-

30 1555 78 1577 sr-t.
99 1550 137 1577 Ad
151 1549 216 1584 quid
236 1557 317 1584 porro
328 1548 383 1576 hac
411 1549 518 1584 synaxis
533 1548 623 1574 habita
637 1548 700 1575 est?
717 1546 817 1581 Nempe

31 1597 87 1628 quia
107 1603 137 1622 es:
147 1604 200 1630 quo
215 1596 278 1622 unio
298 1603 345 1630 per
363 1593 486 1629 populum
504 1593 579 1629 facta
608 1597 647 1620 est
661 1592 741 1628 (vah!
757 1600 818 1619 nam

33 1642 124 1668 auisio
140 1646 179 1669 est
195 1651 211 1668 a
226 1641 303 1675 Deo),
328 1641 567 1668 ecclesiasticarum
585 1648 738 1667 consensum
753 1639 820 1666 obtia

34 1695 90 1715 nere
121 1688 251 1723 gestiunt.
281 1686 429 1721 Relinquite
455 1695 495 1714 me
522 1687 615 1724 horum
643 1686 819 1721 inexpertum,

35 1742 88 1760 mea
95 1743 116 1760 ru
126 1734 195 1761 enim
208 1734 241 1760 de
252 1734 301 1760 hoc
313 1735 416 1768 negotio
427 1733 585 1760 sententiam
600 1732 697 1760 millies
728 1732 816 1758 domi-

34 1787 79 1805 nas
96 1784 182 1806 noster
197 1779 354 1812 imperator,
366 1783 390 1805 et
402 1779 459 1813 ejus
484 1777 644 1809 consiliarii,
669 1782 692 1804 et
706 1786 748 1805 t'os
765 1785 819 1804 ont-

33 1835 74 1852 nes
93 1826 273 1860 perspexistis.
290 1825 357 1853 Ante
375 1825 422 1852 ltos
453 1825 582 1859 siquidem
610 1824 664 1851 dies
695 1824 754 1851 misi
786 1823 821 1850 ad

32 1880 90 1898 eum
104 1881 148 1906 per
176 1870 351 1899 uenerabilem
366 1870 524 1897 monachum
551 1875 576 1897 et
602 1870 764 1897 sacerdotem
787 1870 819 1896 ι).

34 1918 162 1951 Ignoti-ru
178 1917 300 1950 capitula
318 1917 455 1945 duodecim
471 1918 504 1944 de
522 1917 571 1944 hoc
584 1917 750 1952 argumento,
764 1924 822 1951 qua:

34 1969 56 1990 rt
68 1965 116 1998 ipsi
127 1964 246 1991 vidistis.
258 1962 314 1998 Ego
328 1971 386 1990 vero
410 1963 486 1990 aliud
496 1962 560 1997 quid
575 1962 607 1989 ab
625 1970 654 1989 eo
666 1962 735 1998 quod
753 1970 821 1989 nunc

34 2011 100 2040 dico.
110 2018 246 2045 nunquam
264 2010 365 2042 dicam,
393 2008 608 2045 quandoquidem
635 2007 821 2036 Florentinant

34 2057 107 2083 illam
119 2057 254 2092 synodum
268 2064 297 2084 eo
311 2056 367 2083 loco
386 2056 479 2089 habeo,
496 2064 548 2091 quo
567 2056 638 2090 apud
669 2055 752 2082 Deum
770 2059 819 2087 est,

35 2107 58 2128 et
77 2104 173 2130 veritas
199 2102 286 2134 doeetl
316 2101 514 2137 Christianique
543 2110 632 2129 omnes
643 2101 756 2136 legitimi
770 2100 821 2127 Ec-

35 2148 121 2175 desire
133 2147 284 2175 Orientalis
303 2147 354 2182 filii
368 2147 449 2181 juxta
464 2151 617 2174 sanctorum
629 2146 740 2173 Patrum
761 2154 821 2173 sen-

37 2194 141 2220 tentiam
157 2197 183 2220 et
198 2193 389 2220 conscientiam
406 2201 482 2219 suam
493 2193 611 2220 sentiunt
626 2197 667 2225 ,et
676 2197 705 2218 ut
720 2192 820 2218 clarius

35 2241 130 2271 dicant,
148 2248 210 2266 eam
222 2240 351 2274 synodum
365 2235 442 2266 talem
461 2239 594 2271 existimo,
612 2239 698 2273 qualis
711 2241 823 2272 pseudo-

37 2286 192 2313 tzcuutenica
203 2285 251 2312 illa
264 2286 310 2312 sub
323 2285 478 2312 Constantio
496 2284 624 2319 fuit,qua:
639 2283 825 2312 Consubstan-

38 2332 107 2364 tiate,
123 2337 152 2359 at
162 2332 217 2358 sibi
235 2331 384 2365 uidebatur,
407 2331 564 2358 sustulerat.
598 2331 731 2364 Quoniam
762 2331 825 2357 item

38 2386 92 2404 mea
101 2379 235 2405 sententia
248 2381 298 2410 est,
314 2377 384 2412 quod
395 2378 440 2412 qui
456 2377 537 2412 Papia
548 2376 824 2405 commemorationem

38 2425 111 2458 facit,
126 2432 175 2452 aut
189 2425 298 2458 facienti
321 2424 509 2456 communicat,
539 2424 620 2450 etiam
644 2424 755 2451 consilio
777 2427 825 2451 aut

39 2471 234 2501 adhortatione,
251 2469 313 2497 talis
343 2470 414 2505 apud
434 2478 476 2497 me
498 2474 548 2501 est,
574 2469 663 2505 qualis
695 2470 718 2496 is
747 2476 824 2504 quem

38 2517 171 2544 damnauit
189 2521 284 2544 sancta
295 2521 319 2543 et
334 2524 430 2551 magna
447 2515 564 2551 synodus
589 2515 824 2550 Constantinopoli

39 2567 204 2598 congregata.
222 2570 282 2596 qure
301 2561 458 2589 Latinorum
472 2562 623 2589 doctrinam
651 2562 823 2594 examinavit,

40 2606 201 2644 Beecumque
219 2612 292 2640 tunc,
308 2612 333 2634 et
343 2608 389 2643 qui
403 2608 494 2635 eadem
521 2616 580 2634 cum
599 2607 646 2634 illo
666 2607 824 2639 sentiebant,

39 2655 167 2683 deposuit.
183 2653 278 2688 Neque
289 2654 477 2681 eaistimoleve
489 2654 616 2689 quiddam
647 2662 702 2681 esse
731 2655 824 2688 Pnpre,

41 2703 86 2724 aut
99 2700 212 2727 alterius
235 2699 376 2734 cujusdam
397 2701 511 2735 episcopi
539 2701 826 2728 commemorationem.

79 2788 180 2823 (tLib.
201 2796 246 2819 ut,
262 2795 287 2815 c.
307 2787 335 2816 5.

857 255 926 289 fecta
940 254 1120 281 subordinatio
1134 261 1196 288 erga
1214 252 1343 287 legi/imos
1359 255 1490 286 pastores,
1525 251 1552 277 in
1573 258 1646 277 catu-

857 300 1101 328 memorationeilla
1118 299 1250 326 consistit.
1263 299 1431 334 Synodivero
1446 303 1469 325 et
1484 297 1535 325 SS.
1550 297 1653 323 Patres.

857 347 997 381 definiunt,
1013 351 1040 373 ut
1060 354 1075 373 a
1088 353 1199 381 quorum
1217 345 1338 380 opinione
1346 345 1527 376 abhorremus,
1542 351 1644 370 eorum-

858 397 918 424 dem
937 395 1146 423 communionem
1160 395 1249 430 fugere
1258 398 1389 428 oporteat.
1405 392 1492 420 Multa
1506 392 1562 419 alia
1575 391 1647 426 ejus'

858 442 930 469 modi
947 441 1078 476 deﬁniunt
1095 441 1165 468 vobis
1181 441 1253 467 haud
1267 441 1367 474 ignota.
1380 439 1442 467 Prw
1452 439 1572 466 omnibus
1588 446 1648 465 vero

861 487 988 515 Dominus
1006 488 1074 514 dixit
1089 495 1098 514 .'
1112 487 1233 514 alienum
1247 494 1298 513 non
1322 490 1474 520 sequentur,
1487 485 1532 512 sed
1547 484 1647 519 fugient

860 532 893 560 ab
911 532 1053 567 ipso,quia
1065 540 1117 558 non
1143 535 1241 558 norunt
1266 538 1355 558 vocem
1386 530 1546 557 alienorum.
1573 528 1648 555 Absit

859 586 960 613 quoque
970 582 999 604 ut
1014 576 1162 604 Ecclesium
1180 585 1276 608 meam,
1293 584 1352 611 quce
1379 583 1474 603 sancta
1487 581 1524 602 est
1550 575 1649 602 Ortho-

861 623 990 651 doxorum
1004 627 1098 655 mater,
1112 623 1210 657 faciam
1221 623 1385 653 Inereticam,
1402 621 1551 656 suscipiens
1567 622 1649 654 Papa:

861 669 1147 701 commemorationem.
1164 668 1290 704 quamdiu
1311 667 1387 702 Papa
1397 675 1429 694 ea
1446 667 1616 701 confitebitur
1625 671 1649 692 et

861 716 958 749 credet,
973 723 1085 751 quorum
1107 723 1191 742 causa
1208 723 1224 741 a
1248 719 1338 741 nostra
1365 713 1486 740 Ecclesia
1514 721 1566 740 non
1591 720 1651 739 sus-

862 762 969 796 cipitur.
981 760 1010 789 Si
1022 761 1080 797 quis
1092 762 1162 788 enim
1176 769 1246 788 nunc
1257 761 1417 795 conﬁteatur
1439 768 1497 787 eum
1513 763 1584 788 recte
1596 760 1651 786 dis-

861 815 971 843 pensare
982 807 1089 835 verbum
1120 807 1249 840 ueritatis,
1280 807 1414 842 fateturis
1443 806 1558 841 majores
1588 813 1653 833 suos

862 854 945 888 fuisse
961 854 1108 882 ha'reticos.
1119 853 1257 881 Sententia
1272 854 1355 888 igitur
1368 861 1426 880 mea
1448 853 1510 880 talis
1521 857 1572 885 est,
1596 852 1649 887 fuit

862 905 886 929 et
901 901 961 933 erit,
978 908 1073 936 eraque
1084 904 1159 929 extra
1170 900 1383 927 communionem
1392 899 1484 934 Papa',
1497 904 1521 926 et
1532 899 1662 926 omniumr

863 948 908 983 qui
930 947 971 975 illi
992 955 1147 983 quocunque
1173 946 1250 973 modo
1274 946 1481 979 communicant,
1503 951 1533 973 ut
1560 951 1650 980 patres

864 994 959 1028 nostri,
976 1000 1087 1029 quorum
1097 993 1223 1028 pietatem
1236 993 1340 1020 imitari
1356 1001 1403 1020 nos
1430 993 1513 1026 decet,
1530 1001 1589 1020 cum
1607 1000 1660 1019 nec,

864 1040 1044 1071 sanctitatem.
1061 1047 1107 1066 nec
1124 1039 1286 1074 sapientiam
1298 1039 1408 1067 illorum
1419 1039 1573 1067 habeamus.
1590 1039 1654 1066 llaec

865 1093 932 1113 sane
948 1085 1036 1112 oratio
1054 1092 1109 1112 non
1125 1089 1168 1112 est
1197 1084 1288 1112 Latini
1319 1085 1451 1117 hominis,
1466 1089 1515 1113 aut
1530 1086 1588 1121 ejus
1604 1086 1663 1120 qui

865 1131 891 1158 in
911 1131 1098 1159 Romanorum
1115 1129 1281 1158 sententiam
1300 1130 1454 1159 transierit.
1471 1130 1519 1159 Est
1557 1135 1651 1158 autem

865 1177 924 1214 ejus
938 1177 985 1213 qui
1001 1178 1029 1205 in
1041 1177 1103 1205 aula
1122 1177 1242 1209 vixerat.
1260 1177 1308 1212 qui
1323 1176 1495 1204 Florentiam
1513 1176 1667 1212 proiectum

865 1228 935 1256 erat,
948 1223 1051 1258 quique
1062 1222 1220 1258 patriarcha
1237 1227 1299 1257 post
1322 1227 1429 1258 captam
1445 1222 1543 1250 urbem
1560 1223 1653 1251 statim

866 1274 975 1298 creatus
996 1274 1056 1297 est:
1071 1270 1207 1305 quodnon
1232 1270 1290 1297 sola
1311 1270 1411 1305 probat
1439 1269 1563 1303 codicum
1587 1277 1655 1297 mss.

866 1315 947 1348 ﬁdes,
963 1316 1010 1344 sed
1030 1316 1075 1344 vel
1090 1323 1143 1344 una
1164 1316 1279 1351 epistola
1293 1315 1326 1344 ad
1345 1323 1441 1344 omnes
1457 1315 1553 1344 ﬁdeles
1579 1317 1655 1344 valc-

867 1363 981 1390 dictoria
997 1370 1058 1391 cum
1075 1363 1237 1399 dignitatem
1262 1362 1425 1399 deponeret,
1446 1362 1557 1390 abunde
1589 1370 1659 1390 con-

868 1409 970 1436 ﬁrmat.

901 1452 990 1481 Porro
1015 1461 1188 1490 quaecunque
1231 1455 1264 1483 de
1291 1454 1400 1482 duobus
1427 1453 1577 1482 Gennadiis
1602 1453 1660 1481 sive

869 1499 1021 1528 Scholariis
1041 1507 1056 1527 a
1081 1500 1267 1537 Garyophyllo
1309 1505 1356 1528 aut
1385 1500 1488 1528 Allatio
1517 1499 1658 1535 disputata

869 1552 945 1580 sunt,
970 1553 1072 1583 praeter
1103 1556 1135 1577 ea
1159 1556 1221 1584 qua;
1242 1548 1358 1583 carptim
1387 1547 1579 1580 delibavimus,
1602 1555 1663 1575 nou-

871 1594 938 1622 tanti
955 1594 1084 1623 videntur
1101 1602 1175 1629 esse,
1193 1598 1223 1622 ut
1241 1595 1275 1623 ad
1292 1595 1436 1630 singulare
1447 1602 1564 1622 examen
1577 1602 1657 1622 revo-

870 1642 956 1669 canda
981 1642 1049 1670 sint.
1075 1641 1104 1670 Id
1124 1642 1198 1670 enim
1221 1649 1275 1670 non
1292 1642 1347 1670 nisi
1378 1642 1485 1678 prolixa
1503 1646 1530 1670 et
1546 1642 1668 1669 tuxdiosa

871 1690 1107 1716 commentatione
1132 1692 1225 1723 potest
1252 1681 1372 1720 absolvi,
1395 1689 1443 1716 sed
1471 1689 1576 1723 absque
1601 1688 1658 1716 ullo

871 1740 961 1767 operae
975 1733 1072 1768 pretio.
1088 1732 1156 1760 Nam
1170 1733 1215 1760 cui
1232 1733 1316 1760 semel
1330 1737 1479 1768 perspecta
1495 1733 1580 1760 fuerit.
1595 1733 1659 1760 bre-

872 1778 924 1810 vis,
943 1786 1025 1813 quam
1048 1787 1081 1806 ex
1106 1780 1195 1807 certis
1225 1779 1415 1807 monumentis
1445 1779 1661 1811 delineavimus.

871 1824 999 1853 Historiae
1011 1825 1200 1854 Gennadianaa
1217 1825 1358 1861 synopsis,
1375 1826 1399 1853 is
1411 1825 1662 1861 statim'intelliget,

872 1871 899 1899 in
915 1871 1016 1906 quibus
1031 1877 1060 1899 et
1077 1872 1186 1907 quoties
1199 1872 1385 1899 halluciuatus
1405 1871 1487 1899 fuerit
1503 1870 1543 1898 vir
1557 1870 1662 1898 doctis-

872 1918 971 1946 simus.
989 1917 1082 1945 Mirari
1100 1925 1166 1945 vero
1190 1918 1259 1945 satis
1276 1925 1331 1945 non
1348 1924 1496 1952 possumus
1511 1925 1585 1950 eum,
1599 1925 1661 1944 cum

871 1965 991 2000 primum
1013 1964 1041 1991 in
1064 1971 1146 1999 opere
1163 1964 1194 1991 de
1214 1968 1341 1998 perpetuo
1362 1972 1493 1991 consensu
1516 1963 1565 1998 (l),
1588 1963 1662 1990 edito

873 2018 946 2038 anno
965 2010 1044 2042 1644,
1064 2010 1267 2038 contentiosum
1283 2010 1357 2037 hunc
1374 2009 1533 2039 de‘duobus
1550 2009 1663 2036 Genna-

873 2057 928 2084 diis
953 2056 1044 2084 funem
1073 2056 1175 2084 ducere
1199 2056 1342 2091 cepisset,
1369 2057 1474 2084 deinde
1498 2056 1580 2092 paulo
1600 2060 1678 2091 post-

873 2103 1066 2131 Dissertatioui
1089 2103 1125 2130 de
1153 2102 1281 2138 Georgiis
1299 2103 1338 2138 (2)
1364 2107 1450 2131 totam
1480 2111 1558 2132 suam
1580 2103 1681 2130 νει-110-

873 2152 955 2176 tenus
978 2148 1198 2183 disputationem
1227 2148 1404 2182 inseruisset,
1426 2153 1488 2184 ρος-ιι
1505 2156 1593 2177 annos
1615 2149 1663 2176 tri-

873 2194 948 2229 ginta
962 2201 1016 2220 non
1037 2194 1167 2222 secundis
1181 2198 1229 2222 aut
1247 2195 1335 2222 tertiis
1353 2194 1394 2221 vel
1419 2195 1569 2223 tricesitnis
1589 2195 1677 2222 curis.

841 2237 1018 2267 Dmeliorem
1046 2239 1145 2267 lactant
1171 2240 1199 2267 in
1226 2247 1310 2275 opere
1329 2244 1426 2267 contra
1452 2240 1662 2275 Creyghtonunt

874 2289 1014 2313 recoctam
1032 2286 1133 2313 iterum
1153 2286 1274 2318 dedisse,
1290 2286 1327 2313 ita
1350 2290 1380 2313 ut
1394 2286 1474 2313 verba
1492 2286 1562 2320 ipsa.
1575 2287 1662 2321 jocos.

875 2333 946 2361 sales
960 2332 1179 2368 religiosissime,
1193 2341 1227 2360 ne
1245 2337 1353 2360 mutato
1366 2331 1476 2368 quidem
1494 2333 1585 2366 apice,
1599 2341 1662 2360 ser-

875 2379 992 2406 vaverit.
1011 2379 1064 2412 Qui
1088 2380 1182 2414 itaque
1205 2386 1287 2406 unam
1314 2379 1412 2407 harum
1431 2379 1663 2408 Dissertationum

876 2425 965 2459 novit,
982 2426 1078 2453 ambas
1090 2425 1194 2453 alteras
1208 2426 1329 2454 noverit.

914 2470 1023 2498 Felellit
1050 2471 1140 2498 virum
1171 2471 1363 2498 doctissimum
1389 2470 1566 2506 Caryopltylli
1594 2471 1666 2505 fudi-

878 2517 950 2545 cium
968 2517 1007 2552 (α)
1025 2517 1058 2545 de
1073 2517 1183 2544 duobus
1197 2516 1359 2549 Gennadiis,
1375 2524 1436 2551 quae
1450 2517 1545 2552 opinio
1556 2524 1618 2544 cum
1633 2517 1665 2544 ad

879 2563 1059 2591 asserendum
1085 2563 1228 2591 catholicas
1245 2562 1377 2590 Ecclesiae
1393 2563 1565 2590 Gennadiqu
1590 2570 1666 2590 com-

880 2609 1041 2637 modiss‘uua
1068 2609 1219 2642 videretur,
1246 2615 1318 2641 eam,
1343 2615 1399 2643 quo
1420 2615 1451 2635 se
1474 2608 1678 2636 duceret-tuon»

880 2655 948 2683 satis
964 2655 1129 2689 praevidens,
1153 2658 1265 2683 secutus
1281 2657 1323 2682 est
1347 2662 1401 2681 non
1424 2654 1478 2681 alio
1497 2654 1561 2687 line,
1586 2661 1675 2688 quam

882 2708 917 2729 ne
941 2701 1043 2737 periret
1059 2700 1209 2729 auctoritas
1226 2700 1466 2736 Apologeticnrunt
1482 2707 1532 2736 pro
1552 2700 1671 2728 Fibren—

914 2788 953 2825 (2)
970 2788 998 2816 1η
1016 2788 1134 2825 Georgio
1161 2787 1315 2817 Scholario.

77 2881 107 2911 ta}
122 2881 197 2907 Pref.
220 2881 252 2907 ad
267 2881 384 2906 chnsdii
399 2881 544 2914 Apologiam
557 2888 600 2914 pro
617 2882 728 2914 quinque
742 2880 863 2912 capitibus
881 2880 981 2906 concilii
1000 2874 1147 2921 Flet-cultui.
1167 2881 1342 2913 Remmlﬁas,
1358 2881 1393 2905 L°.
