1863 3057
184 134 236 165 5³’5

710 136 893 167 GENNAX)“
918 138 971 170 (ΣΡ,
996 135 1252 167 ΡᾹΤΗΙΛΠΟΙΙΕ

1772 127 1831 159 Ξτὸ

185 191 239 215 tiuzt
254 190 357 224 synodo
375 190 539 222 orationum,
558 198 617 224 qum
635 195 701 218 tanti
721 198 774 219 non
793 198 861 225 erat,
881 197 908 219 ιιι
926 198 966 219 to-
983 199 1002 224 Λ
1020 193 1064 219 nis
1082 200 1134 219 non
1157 190 1311 226 usurpavit,
1325 186 1452 223 quamvis
1467 192 1523 213 rem
1539 192 1605 211 voce
1623 183 1829 218 signiﬁcatam

185 241 237 263 tam
276 236 379 263 idcirco
413 236 607 264 ecclesiastica:
643 237 764 265 historia:
807 239 968 266 recentioris

184 282 283 308 seriem
313 283 473 309 conturbari
508 290 622 310 necesse
664 283 743 310 foret.
787 284 969 320 Caryopbyllo

184 328 320 362 duplicent
339 328 512 356 Gennadinnt
527 337 576 355 cur
595 329 701 364 pritnus
717 331 880 362 somniarct,
899 331 969 358 ratio

184 375 259 402 nulla
278 379 350 405 erat,
366 375 419 403 nisi
437 375 509 410 quod
528 376 563 402 ita
586 384 617 402 ex
635 368 782 403 collectorc
797 376 969 404 Bibliotheca

185 421 297 447 Patrum
329 421 483 456 Margarino
510 421 610 456 Bigneo
637 422 782 454 didicerat,
810 431 864 457 quo
889 430 969 450 nemo

185 467 311 494 ltitiassis
328 468 353 493 in
376 467 488 494 ferenda
510 468 543 495 de
560 468 683 495 veterum
700 469 812 501 scriptis
833 469 969 495 sententia

185 511 321 539 infelicior
333 513 394 545 fuit,
408 522 440 540 ex
455 513 620 540 Bellarmino
635 519 661 541 et
681 514 753 545 aliis,
772 521 889 548 quorum
916 515 970 541 cri-

185 560 238 586 tico
261 561 286 585 itt
316 560 507 587 exscribendis
536 560 652 587 aliorum
678 561 885 588 commentariis
913 564 968 587 tota

185 605 338 632 Constabat.

223 651 295 678 Sane
318 659 349 678 ex
377 651 410 678 iis
440 659 501 686 qua:
530 659 611 686 supra
642 653 779 686 disputata
808 657 882 684 Sunt,
915 657 968 679 tant

185 701 292 724 constat
316 698 387 732 apud
408 706 458 725 nos
471 698 642 725 Gennadiunt
657 699 865 726 schismaticutn
888 699 971 733 perti-

185 744 362 771 nacissimum
376 748 403 771 et
418 744 552 772 furiosum
576 745 673 775 fuisse,
686 752 766 780 quant
782 746 856 779 quod
872 745 969 772 certis-

185 791 265 817 sime.
297 790 386 825 Atque
415 791 452 817 ita
482 791 563 826 hujus
589 791 714 818 Homilia:
737 799 818 826 quam
851 791 968 821 edimus.

177 836 274 869 _tItai0r
290 837 363 864 nntni
380 838 539 871 exceptione
559 838 711 864 auctoritas
726 846 787 865 esse
810 838 899 865 debet.
919 837 969 864 So-

185 882 243 909 lent
258 883 330 909 enim
346 882 546 914 Protestattles,
566 884 588 910 si
611 884 683 918 qttod
700 891 732 910 ex
749 883 907 911 Grtccot'um
924 885 970 919 qui

186 933 250 955 ante
267 929 480 963 quadringentos
499 932 586 957 annos
597 930 776 965 scripserunt,
791 931 867 958 libris
893 931 971 958 testi-

187 975 307 1001 monium
325 975 490 1009 proferatur,
514 977 606 1003 statim
625 977 782 1008 inclamare.
800 977 872 1012 quod
890 976 973 1004 fuerit

189 1020 293 1047 Latinis
307 1021 443 1048 addictus.
458 1022 518 1054 Qua
535 1029 599 1049 vero
617 1022 723 1049 ratione
736 1023 761 1049 itt
774 1021 972 1058 λατινοφρονή-

189 1075 258 1097 σεως
283 1067 467 1102 Suspicionem
497 1069 588 1095 vocari
615 1069 702 1103 possit
726 1068 897 1100 Gennadius,
925 1067 972 1102 qui

187 1112 297 1140 Latinos
313 1118 367 1140 Ltlil
387 1114 522 1141 rirulente
539 1115 700 1147 insectatur,
713 1115 759 1150 qui
776 1122 825 1150 pro
836 1115 972 1142 haereticis

189 1160 281 1190 habet,
310 1165 336 1187 ct
356 1160 419 1187 illus
443 1160 476 1187 ad
503 1162 725 1189 commuttionem
747 1162 851 1189 admitti
878 1166 973 1196 vetat;

188 1205 234 1239 qui
263 1206 431 1233 additionem
459 1207 591 1242 Symbolo
622 1209 734 1239 factam,
768 1209 974 1242 processionent

188 1252 275 1278 sancti
293 1251 412 1286 Spiritus
430 1261 443 1279 tl
462 1252 542 1281 Patre
558 1259 584 1281 et
600 1254 681 1286 Filio,
699 1255 813 1289 Azyma,
836 1254 972 1290 Purgato-

189 1297 272 1329 t-iuut,
292 1303 318 1324 et
340 1306 370 1325 ea
393 1299 452 1334 ipsa
471 1306 531 1335 qua:
555 1308 610 1328 non
634 1300 706 1327 inter
728 1301 886 1328 necessaria
912 1301 974 1329 fidei

188 1343 279 1376 capita
303 1343 445 1388 apud\nos
469 1345 606 1372 habentur
623 1345 726 1372 erroris
752 1351 798 1372 aut
822 1346 974 1380 haereseos,

189 1394 242 1415 tam
268 1396 363 1424 aperte
379 1391 545 1418 condctnnat
558 1391 595 1426 (Ι)
611 1400 618 1423 ;
644 1391 690 1426 qui
714 1394 857 1419 anatltenta
874 1393 976 1421 Joanni

191 1435 278 1462 Becco
295 1435 372 1468 dicit,
395 1440 422 1463 et
440 1437 707 1472 pseudo-synodum,
725 1437 750 1463 in
773 1445 827 1472 qua
850 1439 891 1465 vir
914 1439 976 1473 pitts

191 1487 217 1508 t-t
246 1483 341 1510 multis
368 1483 527 1510 nominibus
553 1483 726 1512 venerandus
753 1486 895 1512 damnatus
921 1491 974 1519 est,

1020 238 1160 269 «lornctil,
1177 242 1205 264 nt
1221 235 1488 268 Wirtembergenses
1502 232 1554 267 ipsi
1567 231 1612 266 qui
1632 232 1698 258 Acta
1720 229 1826 256 edide-

1021 289 1098 316 runt,
1120 290 1184 311 nota
1211 283 1244 309 ad
1273 282 1423 317 marginem
1443 279 1535 306 testati
1559 283 1634 309 Sunt,
1654 282 1724 304 nata
1757 275 1830 303 inde

1021 339 1091 357 nova
1115 333 1340 364 argumentorum
1365 334 1454 362 seges,
1472 326 1568 360 inqua
1591 323 1718 351 Thomas
1746 323 1828 349 Sitti-

1023 378 1103 404 thcns
1121 376 1255 407 Ecclesite
1274 374 1433 409 Anglicanm
1462 372 1604 406 theologus
1619 379 1648 398 se
1671 370 1828 398 exercuit.

1021 424 1151 450 Edideral
1163 420 1400 455 Constantinopoli
1417 419 1502 447 redux
1523 419 1666 453 epistolam
1684 418 1723 444 de
1744 417 1828 444 Cra!-

1021 479 1116 498 carunt
1136 469 1322 496 Erclesiarum
1339 471 1423 498 statu,
1448 466 1475 493 in
1494 473 1547 500 qua
1570 466 1658 492 virum
1676 464 1830 491 doctissi-

1022 525 1095 543 mum
1119 509 1288 543 Ricliardut'n
1320 514 1460 540 Simonem
1489 512 1714 546 impngnaverat,
1744 511 1830 544 quod

1021 563 1048 590 in
1072 562 1192 589 ilistoria
1217 561 1279 587 ﬁdei
1297 559 1478 587 Orientalium
1499 557 1610 585 Graecos
1630 557 1830 592 praesentiam

1022 610 1133 641 realem,
1152 613 1178 635 ct
1198 605 1537 634 transsubSIantiationrm
1552 604 1665 631 credere
1683 603 1830 630 ﬁrmissi-

1023 654 1267 690 tnis‘argnmetttis
1281 653 1432 680 docuisset.
1449 651 1518 684 Quia
1536 659 1602 678 vero
1615 650 1771 678 Smitheus
1789 649 1829 676 ita

1021 706 1157 731 statuerat
1167 702 1283 735 primum
1299 704 1344 726 aut
1357 698 1529 726 sullem'inler
1540 698 1639 733 primos
1652 697 1699 731 qui
1717 705 1831 730 μετου-

1023 749 1144 779 σιώσεως
1161 756 1228 775 voce
1251 747 1292 774 usi
1311 746 1411 778 forent,
1434 745 1588 772 Galrielcm
1614 743 1830 776 Philadelphia?

1023 796 1223 830 metropolitani
1245 794 1340 827 fuisse,
1364 792 1497 821 Gennadii
1516 791 1708 818 testimonium
1727 797 1831 823 oppo-

989 866 1008 885 n
1023 845 1116 869 suerat
1131 840 1163 868 Β.
1180 841 1274 868 Simon
1291 848 1322 866 ex
1341 839 1415 866 brevi
1433 838 1480 864 illa
1503 836 1615 864 homiiia
1632 843 1718 885 quam
1741 835 1830 870 Syri-

1025 895 1075 922 gus
1090 886 1168 921 operi
1182 894 1232 913 suo
1249 885 1375 916 inseruit,
1397 884 1468 918 quod
1482 890 1552 918 optts
1568 890 1582 908 a
1599 873 1679 909 nobis
1696 888 1829 915 accepe-

1026 937 1078 961 rat.
1105 933 1245 960 Stnitheus
1270 932 1297 959 in
1317 931 1404 966 pritna
1427 929 1667 957 Miscellaueornm
1695 935 1828 954 suorum

1024 980 1158 1012 editione,
1178 986 1239 1006 cum
1264 986 1297 1005 ex
1320 977 1366 1004 illo
1382 977 1441 1004 solo
1462 975 1620 1003 testimonio
1640 978 1730 1001 totam
1755 982 1830 1001 eva-

1025 1034 1140 1054 nescere
1163 1027 1194 1053 dc
1217 1024 1346 1053 Gabriele
1367 1031 1447 1051 suam
1474 1022 1669 1049 divinationem
1695 1021 1827 1050 videret.

1024 1072 1160 1102 Gennadii
1188 1079 1257 1106 opus
1282 1075 1312 1098 ut
1329 1069 1524 1103 ὑποϐολιμαίου
1540 1067 1688 1102 scriptoris
1702 1066 1826 1104 rt-jecit.

1024 1122 1058 1147 At
1074 1119 1252 1147 doctissimus
1273 1117 1333 1152 ejus
1351 1116 1526 1143 adversarius
1544 1114 1745 1141 dissertatione
1761 1120 1828 1139 ver—

1025 1167 1119 1195 nacula
1129 1166 1168 1202 (2)
1186 1165 1222 1191 De
1230 1165 1281 1198 ﬁde
1296 1162 1422 1190 Ecclesia:
1435 1161 1576 1189 Orientalis
1590 1161 1660 1186 circa
1670 1160 1827 1186 transsuit-

1025 1213 1233 1243 ttmitt'alionem,
1258 1211 1334 1238 illutn
1361 1210 1398 1236 ita
1421 1207 1584 1239 confutavit,
1601 1212 1630 1233 ut
1652 1207 1675 1233 is
1695 1214 1828 1240 respon—

1025 1260 1103 1287 sione
1118 1259 1248 1285 Adversus
1264 1256 1449 1284 cavillationes
1465 1254 1586 1285 Sintom't',
1607 1261 1668 1280 nam
1688 1253 1727 1279 ita
1744 1253 1826 1279 illam

1026 1305 1179 1332 inscribere
1207 1303 1322 1338 placuit,
1337 1302 1403 1329 nihil
1426 1301 1499 1336 quod
1511 1300 1544 1327 ad
1566 1307 1621 1327 rem
1637 1298 1760 1330 faceret,
1781 1306 1827 1324 re-

1026 1351 1171 1387 spondisse
1195 1354 1373 1384 agnoscatur.

1062 1397 1130 1424 Cum
1147 1396 1231 1431 igitur
1249 1395 1276 1422 in
1290 1394 1379 1429 prima
1390 1391 1584 1421 dissertatione
1594 1390 1739 1418 homiliam
1756 1391 1827 1417 breo

1027 1452 1098 1476 \‘cm,
1125 1447 1172 1470 aut
1192 1441 1346 1476 epistolam.
1371 1440 1393 1467 si
1412 1439 1522 1475 quidem
1543 1438 1603 1466 talis
1625 1438 1711 1465 videri
1732 1439 1825 1465 etiam

1027 1494 1129 1526 potest,
1147 1497 1208 1524 qua:
1231 1496 1262 1516 ex
1280 1487 1380 1514 Meletii
1399 1485 1487 1521 Syrigi
1507 1485 1577 1512 libro
1596 1484 1731 1519 producta
1761 1484 1825 1511 t'ue-

191 1529 319 1562 amplecti
332 1537 361 1557 se
375 1530 515 1558 multoties
532 1534 665 1564 testatur;
683 1531 764 1566 cujus
777 1531 896 1566 denique
911 1533 974 1560 hor»
989 1538 1011 1568 ο
1028 1543 1082 1568 rat,
1104 1534 1218 1570 rejicerc
1245 1536 1392 1568 satageret,
1418 1532 1475 1562 lucc
1496 1535 1656 1566 argumenta
1683 1530 1824 1564 protulit,

192 1580 247 1602 tatu
265 1581 289 1602 et
315 1576 432 1603 consilio
455 1577 580 1604 monachi
604 1582 630 1605 et
655 1577 789 1605 moniales
816 1585 831 1605 a
852 1586 976 1607 commu-

192 1622 274 1648 nione
302 1621 463 1649 Latinorum
488 1623 574 1661 palam
604 1629 793 1656 recesserunt,
825 1631 851 1654 et
879 1631 974 1654 sancta

191 1667 274 1695 ctiam
291 1669 434 1703 profanum
451 1670 477 1696 in
490 1670 600 1697 modum
614 1672 866 1707 conculcaverttnt;
882 1674 930 1708 qui
947 1674 974 1702 in

192 1713 274 1742 Marci
293 1715 404 1750 Ephesii
426 1717 506 1743 verba
521 1716 635 1752 jttravit,
650 1718 751 1753 quique
767 1721 856 1754 palam
871 1720 977 1756 profec-

193 1767 237 1787 tus
261 1767 303 1788 est
325 1762 507 1797 ἀκοινώνητον
530 1771 594 1798 erga
618 1763 730 1793 Latinos
755 1773 914 1795 mansurum
935 1775 976 1801 se,

192 1807 279 1834 donec
297 1807 418 1834 Romana
434 1809 556 1836 Ecclesia
571 1814 610 1837 tot
624 1811 754 1845 hatrescs,
769 1820 885 1847 quarum
903 1813 975 1839 illattt

195 1854 296 1889 ubique
312 1855 442 1889 postulat,
467 1855 633 1889 abjttrasset.
652 1855 713 1884 [hec
725 1858 810 1892 igitur
828 1858 976 1886 refellenda

194 1901 355 1927 inrumbnnt
374 1900 606 1935 Protestantibus,
633 1908 778 1938 antequam
805 1904 975 1932 Gennadiutn

193 1950 226 1974 de
246 1946 427 1974 Eucharislia:
449 1947 501 1975 title
521 1949 600 1976 nobis
618 1951 806 1977 testitnoniunt
826 1952 977 1986 perhiben-

195 1997 247 2018 tem
263 1999 296 2018 cx
312 1992 423 2019 tes:innt
441 2000 554 2020 nutttcro
566 1994 701 2028 rt-jiciant.
718 1994 751 2021 Ut
768 2000 858 2022 autem
874 1995 900 2023 id
916 1996 977 2023 el'ﬁ-

192 2038 294 2070 ciatur,
321 2046 374 2065 non
398 2039 494 2066 inanes
514 2040 700 2075 conjecturas,
725 2042 772 2069 sed
794 2047 869 2070 certa
896 2050 978 2078 argu-

195 2090 284 2110 nn-nta
298 2084 332 2110 ab
349 2085 415 2119 ipsis
427 2086 610 2119 postulamus.

229 2132 294 2163 Qua:
308 2139 372 2159 vero
390 2141 421 2158 ex
443 2133 546 2161 nostris
563 2135 725 2162 auctoribus
757 2135 783 2160 in
806 2136 979 2163 contrarium

196 2178 333 2205 adducere
346 2179 446 2212 solent,
465 2187 495 2206 ea
511 2180 672 2207 habebimus
688 2182 799 2208 omnino
820 2182 910 2209 nihili.
925 2182 978 2210 Ne-

195 2232 247 2259 qne
263 2225 334 2251 enini
349 2226 370 2252 si
389 2226 453 2260 quid
466 2226 593 2258 Allatius,
614 2227 826 2262 CaryOphyllus,
840 2229 977 2256 Arcttdius

195 2274 242 2296 aut
254 2271 299 2297 alii
315 2271 348 2297 de
362 2270 521 2299 Graecorum
542 2272 623 2298 rebus
640 2273 824 2306 scripserunt,
845 2274 912 2308 legis
930 2278 977 2300 aut

193 2317 275 2343 edicti
296 2318 422 2352 perpetui
444 2318 515 2352 apud
535 2326 587 2345 tios
609 2319 662 2345 rint
687 2319 821 2352 obtinent,
841 2325 869 2347 ut
891 2320 977 2347 recla-

195 2371 269 2390 mare
290 2371 343 2391 nou
366 2364 467 2396 liceat;
487 2365 573 2392 multo
593 2365 684 2392 tnintts
698 2366 800 2400 scripta
824 2373 838 2393 a
857 2366 978 2394 sordidis

194 2411 366 2444 aut-toribus,
381 2419 497 2445 quorum
515 2411 680 2438 testimoniis
698 2412 828 2440 Claudius
845 2418 898 2439 tam
917 2412 978 2439 inu-

195 2463 203 2482 t
217 2457 278 2483 liter
292 2457 394 2485 abnSus
414 2463 464 2488 est,
487 2463 515 2484 ut
536 2458 691 2486 Orientales
707 2458 868 2486 Calvinistis
880 2459 980 2493 adjun-

193 2509 281 2536 κίτται,
302 2513 364 2531 (.·ιιιιι
381 2510 445 2531 ante
464 2511 549 2531 attnos
571 2510 680 2531 centum
696 2509 722 2531 et
736 2505 828 2532 decem
843 2505 980 2532 Luthera-

193 2551 237 2577 nis
264 2549 570 2584 Wirtcntbergensibus,
586 2558 703 2585 quorum
728 2552 899 2579 tolerabilior
917 2559 981 2579 sett-

195 2596 280 2623 tentia
297 2601 366 2628 erat,
386 2601 439 2622 tattt
468 2596 610 2631 perspicuo
628 2597 824 2631 signiﬁcaverit
847 2597 980 2625 Jeretnias

195 2643 365 2677 patriarcha,
397 2647 530 2676 quantum
558 2644 603 2670 iila
631 2643 682 2671 sibi
715 2649 742 2672 et
770 2645 819 2671 toti
850 2644 981 2672 Ecclesia:

195 2689 327 2717 Orictttali
344 2689 512 2723 displiceret.

230 2735 330 2763 Vtrum
348 2737 411 2770 quia
426 2735 559 2763 ,Ιυι-ςιιείτιδ
575 2743 667 2763 vocent
682 2735 981 2764 Transsubstantiatio-

996 2213 1017 2240 D

1029 1582 1201 1610 Gennadium
1227 1580 1266 1607 ait
1297 1578 1447 1607 Catholicis
1470 1576 1687 1604 addictissimum
1717 1576 1824 1606 fuisse.

1028 1629 1087 1656 solo
1112 1626 1268 1654 testimonio
1288 1624 1378 1652 Allatii
1398 1628 1425 1651 et
1449 1623 1567 1650 aliorum
1593 1622 1639 1657 qui
1665 1622 1824 1656 Georgium

1029 1673 1203 1702 Scholarium
1219 1677 1246 1699 et
1263 1671 1436 1699 Gennadium
1453 1669 1588 1704 duplicetn
1614 1668 1733 1701 faciunt,
1757 1676 1824 1696 cum

1027 1729 1061 1748 ex
1077 1720 1112 1747 iis
1131 1726 1194 1754 qua:
1218 1718 1347 1752 superius
1369 1716 1496 1751 exposita
1513 1720 1592 1748 sunt,
1609 1715 1677 1742 satis
1704 1721 1823 1742 constet

1029 1774 1113 1794 uttunt
1133 1765 1312 1799 eumdemque
1334 1763 1506 1790 Scholarium
1533 1766 1561 1789 et
1587 1762 1681 1789 unioni
1697 1770 1819 1797 promo-

1029 1812 1123 1839 venda»
1151 1811 1260 1838 dedisse
1285 1817 1395 1844 operam
1419 1816 1480 1836 cum
1507 1813 1578 1835 esset
1603 1807 1766 1840 Florentim,
1798 1813 1824 1834 et

1029 1863 1134 1886 mutata
1155 1857 1303 1890 sententia,
1321 1846 1512 1884 acerbissimis
1531 1854 1630 1882 deinde
1656 1854 1683 1881 itt
1700 1854 1823 1882 Latino:

1028 1903 1100 1931 odiis
1116 1904 1186 1938 apud
1202 1910 1267 1930 suos
1283 1902 1456 1929 inclaruisse.

1064 1951 1144 1978 Aliud
1177 1954 1369 1985 argumentum
1393 1948 1478 1976 sumit
1503 1955 1534 1975 ex
1554 1947 1656 1980 Allatii,
1674 1948 1823 1976 Posscvini

1030 1999 1203 2034 aliorumque
1223 1997 1345 2028 silentio,
1364 1996 1464 2031 quibus
1477 2002 1615 2029 nunquam
1632 1995 1690 2022 haec
1705 1997 1823 2023 hontilia

1031 2046 1102 2072 lecta
1116 2045 1178 2077 fuit,
1197 2044 1248 2071 etsi
1266 2043 1310 2070 ille
1333 2042 1489 2076 diligentem
1509 2041 1536 2068 in
1551 2040 1684 2067 Gennadii
1703 2042 1822 2078 scriptis

1031 2089 1231 2125 investigandis
1245 2087 1355 2115 navavit
1371 2094 1494 2121 operam.
1517 2085 1657 2112 Judicium
1681 2086 1716 2113 sit
1734 2095 1822 2121 penes

1030 2144 1079 2165 cos
1090 2136 1138 2171 qni
1149 2135 1316 2162 Allatiannm
1332 2133 1451 2160 Iudicem
1468 2140 1529 2159 cum
1552 2137 1647 2159 nostro
1661 2133 1821 2165 conferent.

1032 2192 1066 2210 an
1081 2183 1132 2210 hac
1165 2180 1299 2208 invidiosa
1312 2179 1391 2206 laude
1405 2179 1504 2213 dignus
1527 2179 1563 2206 sit
1577 2179 1701 2206 All-alius.
1718 2178 1820 2206 Posse—

1036 2230 1116 2256 vinus
1130 2227 1222 2254 multis
1239 2226 1302 2253 aliis
1319 2226 1488 2257 nominibus,
1503 2226 1550 2253 sed
1565 2233 1707 2259 nunquam
1723 2234 1738 2252 a
1756 2226 1820 2253 dili-

1032 2274 1124 2308 gentia
1156 2273 1181 2299 itt
1207 2271 1386 2299 recensendis
1418 2270 1580 2298 auctoribus
1609 2270 1738 2298 laudatus
1767 2276 1818 2297 est.

1031 2318 1100 2351 Quis
1126 2317 1218 2344 omnia
1235 2325 1264 2344 se
1275 2317 1375 2344 vidisse
1411 2316 1510 2343 audeat
1522 2315 1675 2347 venditare,
1691 2316 1745 2342 nisi
1762 2324 1818 2349 qui~

1032 2366 1083 2392 bus
1107 2365 1164 2391 hate
1186 2363 1279 2391 studia
1294 2363 1387 2398 ignota
1404 2362 1487 2389 sunt?
1501 2360 1652 2390 Habuimus
1670 2368 1702 2387 ex
1719 2361 1818 2388 biblio-

1034 2412 1113 2439 theca
1128 2410 1210 2445 ltegia
1229 2410 1308 2437 codd.
1327 2417 1395 2437 mss.
1414 2409 1459 2443 qui
1483 2412 1538 2435 tam
1556 2408 1679 2442 proxime
1693 2408 1727 2434 ad
1748 2407 1817 2434 Gen-

1035 2457 1108 2485 nadti
1123 2461 1230 2484 aetatem
1254 2457 1400 2488 accedunt,
1418 2460 1447 2482 ut
1473 2455 1565 2482 statim
1593 2453 1627 2481 ab
1644 2454 1704 2488 ejus
1730 2454 1815 2481 obitu.

1035 2508 1082 2530 aut
1110 2504 1170 2538 ipso
1192 2503 1276 2530 etiam
1294 2501 1443 2537 superstite
1461 2500 1557 2536 scripti
1580 2500 1738 2532 videantur,
1764 2499 1816 2526 itno

1036 2551 1159 2578 nonnulli
1179 2550 1277 2583 ipsius,
1297 2554 1325 2576 ut
1344 2557 1397 2575 nun
1415 2555 1482 2575 vana
1495 2547 1654 2582 conjectura
1670 2550 1723 2577 est,
1738 2551 1815 2572 manu

1036 2597 1186 2625 emendati.
1206 2597 1235 2623 ltt
1254 2596 1288 2624 iis
1306 2595 1434 2629 leguntur
1448 2595 1519 2620 inter
1543 2593 1627 2620 multa
1644 2593 1696 2619 alia
1714 2592 1813 2626 Episto-

1036 2645 1068 2671 lu:
1084 2650 1110 2670 et
1126 2643 1271 2669 Orationes
1291 2649 1359 2676 quas
1373 2640 1530 2668 Gennadius
1554 2647 1614 2666 cum
1640 2639 1666 2665 itt
1682 2643 1812 2665 monaste-

1035 2690 1104 2716 rium
1128 2697 1157 2716 δα
1181 2688 1324 2722 reciperet,
1344 2693 1370 2713 et
1386 2694 1446 2713 cuttt
1467 2684 1677 2719 patriarchalem
1699 2685 1813 2719 dignita-

1037 2743 1089 2764 tem
1111 2735 1263 2767 abdicaret,
1282 2734 1404 2769 scripsit,
1427 2741 1489 2769 qua:
1512 2737 1597 2760 totam
1622 2731 1655 2758 de
1671 2731 1812 2761 Genti-adit:

231 2833 268 2865 (ti
285 2831 367 2863 Epist.
383 2831 414 2857 ad
432 2830 576 2856 Maximum
588 2836 615 2858 ct
632 2831 780 2860 monachos
797 2831 865 2859 alios
878 2830 976 2859 Montis
998 2830 1073 2862 Sina,
1089 2839 1137 2857 ms.

229 2870 267 2900 (ιζ)
286 2868 331 2894 Ld.
349 2867 462 2894 Lutetia:
480 2865 557 2893 10‘87.
