1863 3057
156 131 210 165 279

155 195 184 219 et
200 187 346 217 Florentiae
371 187 441 215 inter
456 185 570 214 Latinos
595 191 622 214 et
645 187 765 219 Graecos,
792 186 941 220 prtrscrtim
955 182 980 212 Δ

157 235 191 262 de
206 234 328 269 Azytnis,
343 233 458 260 materia
478 232 584 260 scilicet
600 232 627 259 in
650 239 702 267 qua
720 231 875 259 celebratur
889 231 943 257 Eu-

155 271 292 308 charistitc
304 283 507 307 sacramentum
519 287 525 311 ;
537 278 616 306 cedat
633 278 773 305 Smitheus
788 278 828 304 vel
846 281 942 304 aucto-

156 335 212 354 rem
238 327 362 354 Graecum
390 334 472 353 unum
484 326 584 361 (neque
598 325 764 361 Sylvestrum
778 325 942 361 Syropulum

155 373 319 409 excipimus)
328 373 375 409 qui
391 373 501 400 Latinos
524 379 539 399 a
561 371 663 400 Graecis
686 372 720 399 de
742 371 835 406 aliquo
849 378 944 398 errore

156 421 230 448 circa
245 420 428 448 Eucharistia:
443 420 521 446 fidem
544 419 718 446 insimulatos
734 422 941 446 commemoret.

155 467 259 494 Contra
274 474 336 494 cum
356 465 481 496 Bohemi.
499 465 621 492 eamdem
644 472 729 499 prope
751 472 833 499 quam
850 463 946 491 Refor—

157 513 235 543 mati,
251 511 283 539 de
306 511 401 539 eodem
425 515 598 538 sacramento
620 510 775 545 opinionem
803 510 944 541 haberent,

155 559 248 586 videat
267 558 294 585 in
308 558 396 593 ipsius
409 557 536 592 Syropuli
553 556 712 583 narratione
726 563 807 590 quam
825 556 945 589 graviter

157 605 245 633 Graeci
262 603 466 638 tulerint,quod
484 604 510 630 in
526 603 613 638 prima
627 601 729 629 decreti
748 601 781 628 ad
795 601 944 628 concilium

157 650 352 678 celebrandum
369 645 488 677 formula
503 648 631 675 Bohcmis
659 646 808 682 comparati
827 647 944 681 quadam

155 696 260 723 ratione
290 696 418 728 fuissent,
437 702 505 730 quos
535 694 625 721 multis
641 698 666 721 et
691 694 809 728 pessimis
838 692 946 720 haeresi-

155 742 202 768 bus
219 742 342 769 laborare
370 741 567 776 agnoscebant.
584 740 661 773 Quod
679 740 760 775 igitur
783 747 836 766 non
863 738 946 766 modo

155 786 181 813 in
198 787 307 814 duobus
327 787 381 814 illis
405 786 591 814 voluminibus
616 790 712 813 contra
735 784 859 818 Latinos.
875 786 946 820 quos

156 832 296 860 Smitheus
313 841 454 868 nunquam
469 833 547 864 vidit.
560 837 617 861 tum
631 833 658 860 in
673 833 766 860 multis
776 833 837 860 aliis
848 833 946 860 adver-

156 887 204 906 sus
224 887 271 907 eos
285 880 406 914 scriptis,
422 887 540 914 qttorutn
554 879 672 906 indicem
685 879 821 912 dabimus,
836 879 902 906 nihil
913 879 946 907 de

157 923 336 952 Encharistiae
348 925 543 952 controversiis
570 925 732 959 reperiatur,
760 924 945 952 certissimum

157 971 269 1006 integrae
281 972 355 999 circa
370 971 446 998 illum
466 971 615 999 articulum
629 971 782 999 concordia:
801 979 945 1006 argumen-

157 1023 214 1046 tum
238 1023 309 1045 erut.
597 1032 606 1038 -
686 1049 690 1052 .

195 1064 308 1096 Verum,
328 1069 433 1092 tantum
456 1065 535 1092 abest
555 1069 584 1092 ut
612 1065 665 1092 vitri
699 1065 775 1094 illius
806 1065 947 1101 agnoverit

158 1109 397 1138 Miscellancnrntn
416 1115 526 1143 auctor,
542 1111 608 1138 nihil
631 1116 660 1138 ut
682 1112 770 1145 potius
782 1112 880 1146 duplici
897 1120 947 1140 sua

158 1156 354 1184 Dissertatione
379 1158 523 1192 designare
556 1158 693 1190 videatur,
725 1166 807 1193 quam
835 1167 945 1187 causam

159 1203 325 1238 suspicionis
338 1204 471 1232 adversus
493 1204 664 1232 Gennadium
678 1209 705 1232 et
718 1205 777 1239 ejus
793 1205 946 1238 Itomiliam,

159 1249 187 1276 in
212 1257 241 1276 ea
260 1258 314 1276 non
342 1251 542 1278 sententiarum
566 1251 658 1282 modo,
680 1250 728 1290 sed
747 1251 829 1278 etiam
849 1258 945 1279 vocum

155 1295 351 1324 conformitate
366 1297 480 1325 subesse
498 1297 697 1332 gravissimam.
718 1297 819 1332 Nempe
835 1299 857 1325 si
867 1298 948 1325 Clan-

161 1342 205 1369 dio
218 1342 419 1370 Carentoniano
432 1341 597 1372 credentium
613 1348 674 1377 est;
689 1352 777 1379 neque
805 1345 878 1372 enim
904 1345 947 1372 ul~-

161 1389 216 1416 lum
232 1388 369 1417 Smitheus
385 1399 417 1417 ex
430 1390 545 1423 Grmcia,
570 1391 611 1418 vel
627 1398 661 1418 ex
679 1391 862 1419 Orientalibus
885 1399 948 1426 pro-

162 1435 272 1468 vinciis,
289 1435 373 1462 alium
390 1436 470 1469 hujus
488 1436 616 1471 paradoxi
628 1441 766 1464 auctorem
781 1436 873 1470 habet,
885 1445 946 1465 cttm

163 1483 245 1510 realis
261 1483 421 1517 praesentiae,
439 1484 524 1510 multo
535 1484 619 1519 magis
632 1484 946 1512 transsubstantiationis

163 1529 258 1563 dogma
281 1534 307 1557 et
333 1537 431 1557 nomen
456 1530 584 1557 omnibus
610 1529 639 1557 in
654 1530 765 1558 Oriente
782 1523 982 1558 ChristianisC

163 1579 282 1608 ignotum
300 1575 359 1607 hac,
373 1583 458 1609 usque
486 1575 579 1608 fuerit,
608 1575 659 1610 qui
682 1579 828 1611 utrumque
847 1575 948 1604 admit-

163 1626 233 1653 tunt,
251 1621 457 1656 pseudo-Graeci
474 1625 537 1649 sunt
555 1625 582 1648 et
596 1621 803 1657 Λατινόφρονες.
821 1622 877 1650 Hoc
893 1622 916 1651 si
931 1630 946 1650 a

163 1667 276 1695 Claudio
291 1668 506 1695 demonstratum
529 1667 668 1695 Smitheus
687 1668 835 1702 existimat,
854 1674 948 1696 utnon

165 1722 220 1741 uno
239 1714 299 1741 loco
313 1714 381 1741 satis
396 1714 571 1749 s’gnificavit,
586 1721 635 1741 nos
650 1713 749 1748 potiori
765 1714 837 1749 jure,
853 1722 887 1742 ne
901 1722 949 1742 ve-

165 1760 308 1788 risimilem
325 1761 434 1795 quidem
461 1761 645 1795 conjecturam
662 1767 724 1787 eum
743 1761 868 1788 attulisse
885 1768 949 1795 pro-

166 1808 259 1834 batum
275 1808 375 1835 invicte
389 1815 403 1834 a
420 1806 523 1834 nostris
538 1806 670 1840 theologis
681 1806 881 1834 existimamus.
895 1806 949 1835 Res

167 1854 193 1880 in
216 1853 306 1881 medio
321 1853 500 1888 relinquatur.
514 1858 540 1880 ut
555 1853 580 1879 in
604 1853 741 1887 ejusmodi
752 1853 952 1888 quaestionibus

167 1900 225 1927 ﬁeri
258 1900 413 1928 debetzne
436 1900 566 1934 syllabam
593 1899 702 1934 quidem
730 1899 830 1927 habent
857 1901 954 1927 Prote-

168 1951 284 1978 stantes,
315 1955 366 1982 qua
391 1947 498 1981 probari
521 1946 670 1974 Claudiana
698 1954 813 1974 censura
840 1949 950 1982 possit:

169 1999 224 2020 tota
244 1995 315 2021 enim
333 1998 554 2029 argumentorum
570 1993 610 2021 vis
625 1993 650 2021 in
668 1993 719 2021 hoc
735 2001 788 2020 uno
800 1994 861 2026 erit,
879 1993 952 2029 quod

169 2041 254 2068 Grzeri
273 2044 299 2068 et
316 2040 467 2067 doctrinam
486 2044 512 2067 et
530 2048 621 2067 vocem
637 2045 699 2068 ante
715 2040 849 2076 Gabrielis
864 2040 955 2068 Phila-

169 2087 340 2122 delphiensis
361 2087 541 2122 tnetropolitze
570 2091 691 2121 tempora
720 2094 774 2114 non
804 2094 955 2122 usurpave-

172 2140 245 2161 runt.
263 2134 359 2161 Sciunt
385 2141 467 2167 porro
491 2142 587 2161 omnes
614 2138 746 2168 quantum
771 2133 796 2160 in
819 2134 955 2161 similibus

171 2181 366 2208 controversiis
391 2181 464 2208 fallat
489 2189 559 2215 saepe
583 2185 771 2215 argumentum
796 2180 859 2206 illttd
882 2179 954 2215 quod
973 2200 994 2227 Β

170 2233 270 2255 vocant
291 2228 458 2262 negativum.
481 2227 558 2260 Quod
580 2227 603 2255 si
625 2226 742 2261 alicujus
760 2227 887 2253 momenti
902 2229 956 2258 est,

171 2280 201 2302 ut
217 2283 282 2302 sane
296 2282 368 2309 προ
388 2282 450 2301 cum
469 2273 573 2308 judicio
593 2277 681 2308 potest
696 2272 829 2303 adhiberi,
847 2278 879 2297 co
892 2279 957 2305 quo-

171 2329 225 2355 que
246 2326 354 2349 utemur
373 2320 510 2352 catholici,
524 2319 572 2347 sed
592 2319 702 2347 certiori
729 2323 756 2346 et
783 2317 956 2345 evidentiori.

172 2369 238 2395 Nam
254 2375 315 2395 cum
338 2371 445 2395 exstent
461 2367 616 2394 Grecorum
638 2366 767 2393 adrersns
793 2364 904 2390 Latinos
925 2363 958 2389 li-

172 2416 213 2442 hri
232 2419 286 2441 tam
303 2415 367 2441 e.|iti
389 2421 469 2448 quant
498 2421 562 2441 mss.
593 2420 690 2446 magno
713 2417 836 2442 numero,
852 2413 958 2436 exstent

172 2465 231 2486 arta
251 2464 281 2489 ct.
298 2465 472 2487 monumenta
493 2466 582 2485 rerum
602 2458 634 2483 all
656 2455 829 2482 concordiam
855 2461 955 2488 procu-

174 2507 286 2533 randam
309 2506 379 2533 inter
407 2511 537 2539 utrosque
569 2507 718 2538 gestarum,
748 2500 815 2528 nihil
837 2501 957 2528 occurrit

174 2553 243 2579 nn'le
260 2552 300 2579 vel
319 2551 430 2579 Latinos
443 2559 456 2577 a
471 2549 573 2577 (it-arcis
597 2551 739 2573 accusatos
753 2553 812 2572 csse
837 2549 956 2576 constet,

173 2599 245 2632 quod
270 2596 603 2626 transsubstantiationem
619 2593 762 2625 docerent;
779 2596 825 2619 aut
843 2599 857 2617 a
887 2590 959 2617 Lati-

174 2647 215 2672 nis
231 2645 349 2675 Graecos.
364 2648 434 2679 quod
449 2643 523 2670 illam
540 2641 694 2675 rejicercnt.

208 2692 320 2719 Accedit
337 2691 389 2718 alia
414 2696 518 2724 magna:
531 2687 702 2715 auctoritatis
717 2685 842 2722 probatio
858 2692 890 2712 ex
901 2684 959 2711 dis-

175 2738 272 2772 riplina
285 2738 452 2768 Graecorum,
472 2742 531 2769 qua:
543 2742 596 2762 non
611 2734 667 2760 heri
687 2737 736 2760 aut
747 2731 958 2759 nudius-tertius

176 2789 294 2814 tnrcnta.
310 2783 356 2811 sed
375 2789 389 2808 a
409 2781 501 2808 multis
513 2781 619 2808 saeculis
633 2780 686 2808 huc
699 2787 787 2814 usque
802 2778 957 2809 observata,

177 2829 307 2863 ejusmodi
325 2832 376 2860 cst,
393 2832 422 2854 ut
440 2828 542 2862 absque
560 2826 640 2854 realis
654 2824 889 2853 lransmntationis
906 2823 957 2850 lide

177 2875 325 2903 consistere
355 2879 479 2906 nequeat.
502 2874 568 2901 Nam
599 2874 668 2901 ritus
689 2877 715 2900 ct
737 2878 829 2903 preces
852 2870 952 2902 quibus

682 130 874 161 GENNADlI
896 131 952 160 (ΖΡ.
970 130 1226 161 ΡΑΤΗΙΛΒΟΠΕ

1743 127 1810 160 28f

995 185 1114 220 Liturgia
1139 187 1303 219 celebratur,
1332 185 1502 214 circumlatio
1525 186 1602 221 panis
1626 189 1654 213 et
1678 185 1810 215 calicis,

995 237 1141 267 antequam
1160 238 1368 265 consecrentur,
1386 236 1414 260 et
1428 240 1522 260 eorum
1534 231 1678 260 veneratio
1693 239 1732 259 ex
1756 231 1792 257 fu

995 284 1057 306 tura
1097 287 1160 313 mox
1194 279 1431 307 consecratione:
1454 279 1656 306 communionis
1691 278 1795 306 dislri

994 325 1108 353 intendat
1117 325 1204 353 forma
1216 334 1225 356 ς
1234 326 1428 361 particularum
1437 327 1608 354 conservatio
1617 325 1811 354 ad'iniirmo-

1000 380 1060 399 rum
1080 372 1222 406 viaticum,
1244 371 1331 400 Missa
1358 373 1658 407 prresanetitl'catorum,
1680 377 1708 399 et
1733 376 1810 398 tam

997 418 1084 446 multa
1100 418 1152 446 alia
1168 422 1243 446 certa
1268 418 1390 454 ejusdem
1423 418 1484 446 fidei
1519 423 1680 453 argumenta
1708 422 1811 448 sunt.

997 465 1071 493 unde
1088 465 1221 500 quidquid
1237 465 1325 493 simile
1340 465 1504 493 occurrebat
1522 465 1549 492 'ut
1567 464 1663 493 Latina
1689 466 1809 497 missa,

996 512 1088 540 statim
1105 511 1292 540 Protestantes
1307 510 1487 540 sustulerunt.

1032 557 1114 591 Quasi
1135 561 1226 584 tamen
1248 557 1282 585 de
1301 565 1331 585 re
1345 558 1437 585 minus
1451 565 1532 593 quam
1545 557 1580 585 de
1597 565 1664 585 voce
1691 565 1812 594 agere-

996 609 1051 635 tur.
1069 603 1123 630 nisi
1145 604 1479 632 transsubstantiationetn
1511 612 1642 639 expresse
1657 605 1811 632 nomina—

998 650 1086 677 verint
1101 649 1200 682 Graeci.
1216 655 1290 678 vetat
1304 650 1444 679 Smitheus
1457 651 1615 679 existimare
1634 651 1809 686 quidquam

997 703 1046 725 eos
1066 697 1100 724 de
1116 697 1185 724 reali
1206 697 1439 732 substantialique
1457 697 1688 725 transmutatione
1711 697 1811 730 cogi-

998 747 1083 771 tasse.
1100 742 1169 776 Quia
1194 743 1279 777 igitur
1296 743 1428 771 Claudius
1445 743 1481 770 ita
1500 748 1644 775 statuerat,
1669 743 1808 770 Gabrie-

998 789 1050 817 lem
1067 788 1336 824 Philadelphiensem
1351 790 1468 824 primum
1487 789 1572 817 fuisse
1588 797 1602 816 a
1619 797 1674 824 quo
1693 798 1810 824 μετου-

1003 836 1123 866 σιώσεως
1137 839 1269 870 usurpata
1280 842 1331 863 vox
1345 835 1452 868 fuisset,
1465 835 1605 864 Smitheus
1615 836 1733 869 primum
1743 840 1809 863 aut

1002 882 1070 908 inter
1089 882 1205 915 μώκου
1222 882 1357 910 Gennadii
1384 889 1451 910 vero
1481 882 1668 910 testimonium
1694 889 1809 909 omnes

999 928 1072 956 illius
1093 928 1216 956 rationes
1231 928 1379 961 evertebat,
1395 929 1600 963 supposititium
1618 929 1697 956 illum
1719 928 1809 956 scri-

998 979 1105 1010 ptorem
1119 982 1180 1002 esse
1207 974 1302 1009 jussit.
1318 974 1412 1010 Neque
1437 975 1510 1002 enim
1539 975 1592 1002 alia
1617 975 1715 1009 judicii
1734 979 1806 1000 tam

999 1020 1149 1055 prmeipitis
1175 1021 1245 1048 ratio
1263 1020 1410 1055 querenda
1421 1026 1472 1052 εει,
1487 1028 1549 1048 cum
1566 1028 1598 1048 ex
1613 1021 1716 1056 duplici
1732 1021 1807 1056 ejus

998 1067 1130 1102 opttsculo
1153 1075 1216 1095 eum
1238 1067 1273 1096 de
1291 1067 1434 1096 Gennadio
1452 1068 1518 1095 nihil
1539 1068 1651 1096 omnino
1674 1068 1806 1095 scivisse

997 1118 1094 1147 praeter
1127 1121 1212 1148 pauca
1237 1121 1289 1141 nec
1312 1122 1376 1142 vera
1398 1121 1458 1148 quae
1472 1122 1506 1142 ex
1520 1114 1618 1141 Allatio
1642 1113 1804 1146 didicerat,

998 1159 1171 1187 manifestum
1184 1160 1242 1187 sit:
1264 1159 1365 1195 quibus
1392 1160 1414 1187 si
1441 1161 1503 1195 quis
1527 1160 1693 1194 acquiescat.
1716 1160 1804 1187 illius

997 1213 1050 1233 non
1071 1212 1113 1233 est
1133 1205 1167 1234 de
1181 1205 1323 1234 Gennadio
1341 1211 1388 1234 aut
1403 1207 1475 1234 illius
1497 1207 1625 1241 operibus
1640 1206 1711 1233 ferre
1728 1213 1805 1233 selt-

998 1251 1123 1278 tentiam.
1135 1251 1206 1278 Nihil
1217 1259 1283 1287 ergo
1293 1251 1527 1280 Miscellaneorum
1539 1255 1678 1279 auctorem
1692 1252 1769 1279 movi
1778 1257 1806 1284 r.

997 1301 1028 1324 ut
1046 1297 1184 1325 homiliam
1201 1297 1295 1325 falsam
1318 1297 1453 1330 iudicaret
1469 1306 1477 1325 :
1499 1297 1737 1332 Gennadiumque,
1772 1297 1805 1324 si

998 1349 1094 1371 auctor
1105 1343 1178 1371 illius
1193 1343 1272 1376 foret.
1293 1344 1444 1371 Latinismo
1455 1344 1602 1378 imbutum,
1622 1351 1701 1378 quam
1717 1351 1804 1371 meno

998 1390 1144 1417 dacissitna
1162 1389 1207 1416 illa
1224 1389 1373 1417 Claudiana
1391 1389 1559 1425 hypothesis,
1575 1397 1634 1424 quae
1648 1389 1798 1417 neminem

998 1437 1123 1465 Graecum
1142 1438 1294 1472 legitimum
1312 1438 1446 1472 agnoscit,
1463 1438 1516 1465 nisi
1543 1438 1592 1472 qui
1616 1438 1799 1473 praesentiam

1001 1483 1104 1512 realem
1120 1488 1147 1512 et
1169 1484 1506 1511 transsubstantiationem
1523 1483 1639 1517 rejiciat;

1034 1530 1121 1564 Quam
1139 1538 1222 1565 porro
1234 1530 1303 1557 falsa
1319 1530 1366 1557 illa
1382 1529 1465 1561 foret,
1478 1537 1509 1557 ex
1522 1528 1803 1565 Gabrieleijiladet-

1003 1577 1112 1612 phiensi
1128 1576 1197 1604 satis
1213 1576 1303 1603 fuerat
1319 1575 1550 1603 demonstratum.
1562 1574 1650 1604 Larva
1679 1576 1724 1603 ille
1737 1576 1801 1610 pri-

1002 1630 1076 1650 mum
1092 1622 1207 1650 Claudio
1223 1621 1284 1654 fuit,
1303 1622 1427 1657 liberque
1453 1622 1567 1649 lictitius
1586 1630 1593 1650 :
1623 1622 1660 1648 ita
1688 1623 1799 1656 quippe

1004 1668 1260 1697 videbaturhontini
1293 1667 1408 1695 minime
1430 1667 1536 1699 Grieco,
1558 1672 1588 1694 ut
1610 1666 1800 1694 admiratores

1002 1716 1062 1751 ejus
1077 1722 1176 1750 negare
1191 1722 1245 1742 non
1257 1718 1382 1749 possunt.
1399 1713 1548 1748 Supererat
1562 1713 1700 1740 secundus
1714 1717 1801 1740 actus

1004 1762 1112 1794 fabulzc.
1134 1767 1165 1788 ut
1183 1761 1289 1796 primus
1305 1760 1352 1794 qui
1369 1767 1464 1787 vocem
1481 1759 1801 1787 transtubslantiationis

1005 1811 1178 1842 usurpasset,
1196 1805 1307 1834 Gabriel
1320 1805 1392 1833 foret
1412 1814 1420 1832 :
1438 1812 1500 1832 mox
1524 1811 1580 1832 non
1613 1804 1714 1838 primus
1747 1809 1801 1830 aut

1006 1855 1074 1882 inter
1087 1854 1197 1888 primos.
1214 1853 1307 1880 Fidem
1324 1853 1448 1880 ontnium
1461 1851 1632 1886 appellamus
1648 1851 1695 1885 qui
1721 1850 1802 1878 Gra-

1007 1909 1056 1929 cos
1071 1905 1198 1928 auctores
1215 1900 1351 1935 legerunt,
1369 1907 1403 1926 an
1419 1899 1504 1926 ullum
1520 1898 1684 1933 repererint,
1700 1897 1748 1932 qui
1764 1904 1802 1924 eo

1007 1946 1118 1974 nomine
1134 1944 1285 1973 Gabrielem
1299 1943 1451 1971 laudaverit
1466 1940 1702 1971 autaccusaverit,
1722 1940 1802 1975 quod

1009 1994 1110 2028 primus
1123 1996 1169 2019 aut
1185 1991 1256 2018 inter
1272 1990 1372 2024 printer
1386 1996 1480 2016 vocem
1492 1993 1605 2015 eatenus
1637 1987 1802 2014 inusitatam

1010 2038 1139 2074 mysterio
1149 2036 1328 2064 Eucharistiat
1339 2034 1503 2069 explicando
1513 2031 1680 2059 adhibuerit.
1694 2032 1728 2057 At
1739 2036 1804 2058 erat

1010 2093 1076 2113 sane
1088 2082 1302 2112 locuslaudandi
1317 2081 1390 2108 illius
1415 2079 1524 2106 Meletio
1549 2077 1656 2113 Syrigo,
1684 2083 1748 2103 eum
1766 2077 1803 2105 de

1012 2130 1219 2165 μετουσιώσεως
1239 2134 1307 2154 voce
1334 2126 1500 2158 disputaret.
1523 2123 1712 2158 fatereturque
1737 2130 1800 2150 eam

1010 2173 1105 2212 primis
1118 2174 1248 2202 Ecclesiae
1262 2173 1422 2199 doctoribus
1441 2175 1602 2204 usurpatam
1623 2178 1678 2196 non
1702 2169 1802 2200 fniSse,

1011 2223 1058 2251 sed
1074 2230 1087 2249 a
1102 2219 1303 2256 posterioribus
1321 2222 1396 2246 recte
1428 2217 1463 2245 ad
1491 2217 1573 2244 fidem
1603 2216 1798 2251 explicandam

1011 2272 1106 2304 postea
1131 2266 1292 2293 adhibitam.

1047 2314 1114 2350 €an
1129 2312 1211 2347 igitur
1224 2309 1359 2338 Gennadii
1375 2307 1533 2337 testimonio
1542 2310 1711 2334 everteretur
1722 2314 1800 2341 pror-

1011 2367 1057 2387 sus
1073 2358 1187 2386 Smitltei
1205 2357 1360 2392 conjectura
1375 2365 1382 2387 ;
1398 2363 1460 2382 nam
1478 2362 1510 2381 ex
1525 2361 1558 2381 eo
1583 2353 1727 2381 constabat
1746 2361 1799 2380 non

1012 2412 1074 2434 ante
1088 2411 1197 2433 centum
1213 2411 1311 2435 annos,
1326 2402 1375 2430 sed
1403 2407 1512 2428 centum
1543 2403 1571 2427 et
1590 2399 1731 2434 sexaginta
1755 2403 1798 2425 aut

1013 2452 1132 2487 amplius
1152 2458 1246 2478 vocem
1265 2457 1323 2475 eam
1346 2451 1518 2482 usurpatam,
1533 2453 1588 2472 non
1603 2453 1635 2472 ex
1654 2444 1799 2471 falsissima

1013 2498 1169 2534 hypotltesi,
1186 2497 1280 2524 saltem
1296 2495 1374 2522 valde
1409 2493 1503 2525 dubia,
1535 2496 1562 2519 et
1593 2489 1799 2526 probationibus

1013 2545 1153 2575 destituta,
1178 2540 1357 2570 Convellenda
1379 2543 1437 2566 erat
1467 2538 1600 2566 Gennadii
1627 2536 1798 2569 aut-tori'as;

1012 2589 1058 2618 sed
1072 2597 1103 2616 ex
1114 2588 1271 2616 Grtecornm
1291 2586 1402 2613 testium
1422 2583 1485 2615 fide,
1500 2590 1571 2616 quos
1585 2589 1663 2608 nemo
1673 2580 1761 2607 audiri
1774 2580 1798 2607 in

1013 2637 1094 2664 rebus
1107 2635 1166 2662 suis
1185 2633 1284 2661 debere
1301 2630 1441 2667 negaverit
1458 2633 1523 2657 :aut
1537 2628 1632 2656 saltettt
1647 2627 1712 2654 illud
1726 2627 1797 2653 evin-

1012 2682 1126 2709 rendum
1140 2680 1270 2713 etdogma
1284 2682 1310 2704 et
1324 2684 1419 2704 vocem
1432 2677 1465 2703 ab
1477 2673 1654 2709 ipsisparitor
1665 2671 1797 2707 ignorari.

1014 2728 1040 2755 Si
1057 2727 1187 2763 Cyrillum
1199 2725 1316 2752 Lllt‘al'ill
1330 2723 1493 2758 excipimus,
1503 2721 1594 2748 nullus
1602 2719 1713 2746 Graecus
1724 2719 1792 2745 theo-

1013 2775 1091 2809 logus
1108 2777 1134 2799 et.
1147 2778 1241 2799 vocem
1257 2775 1283 2797 et
1309 2769 1407 2804 dogma
1441 2774 1496 2794 n0n
1522 2765 1657 2801 probavit.
1690 2763 1796 2791 Gabriel

1013 2820 1192 2853 Melctiusquc
1202 2818 1315 2852 Syrigus
1324 2815 1469 2842 laudantur
1480 2813 1514 2840 ab
1523 2812 1659 2843 omnibus,
1670 2816 1795 2845 tanquam

1013 2868 1067 2896 reri
1100 2873 1193 2899 μέλπω
1218 2863 1350 2893 doctrinae
1376 2861 1518 2892 interpres.
1546 2859 1662 2890 Cvt'illus
1686 2856 1790 2887 iudiciis
