  <div class='ocr_page' id='page_1' title='image "/cluster/home/n/w/nwhite01/storage/ocr_20150623/160/njp.32101010941936/178.png"; bbox 0 0 1863 3057; ppageno 0'>
   <div class='ocr_carea' id='block_1_1' title="bbox 56 110 110 139">
    <p class='ocr_par' dir='ltr' id='par_1_1' title="bbox 56 110 110 139">
     <span class='ocr_line' id='line_1_1' title="bbox 56 110 110 139; baseline 0 -1"><span class='ocrx_word' id='word_1_1' title='bbox 56 110 110 139; x_wconf 78' lang='grc'><strong>281</strong></span> 
     </span>
    </p>
   </div>
   <div class='ocr_carea' id='block_1_2' title="bbox 831 117 932 148">
    <p class='ocr_par' dir='ltr' id='par_1_2' title="bbox 831 117 932 148">
     <span class='ocr_line' id='line_1_2' title="bbox 831 117 932 148; baseline 0.04 -4"><span class='ocrx_word' id='word_1_2' title='bbox 831 117 918 148; x_wconf 76' lang='grc' dir='ltr'><strong>νιΤΑ</strong></span> <span class='ocrx_word' id='word_1_3' title='bbox 925 140 932 148; x_wconf 96' lang='grc'><em>.</em></span> 
     </span>
    </p>
   </div>
   <div class='ocr_carea' id='block_1_3' title="bbox 1653 110 1710 145">
    <p class='ocr_par' dir='ltr' id='par_1_3' title="bbox 1653 110 1710 145">
     <span class='ocr_line' id='line_1_3' title="bbox 1653 110 1710 145; baseline -0.035 0"><span class='ocrx_word' id='word_1_4' title='bbox 1653 110 1710 145; x_wconf 65' lang='lat'><strong>28?</strong></span> 
     </span>
    </p>
   </div>
   <div class='ocr_carea' id='block_1_4' title="bbox 54 167 1706 210">
    <p class='ocr_par' dir='ltr' id='par_1_4' title="bbox 54 167 1706 210">
     <span class='ocr_line' id='line_1_4' title="bbox 54 167 1706 210; baseline 0.005 -17"><span class='ocrx_word' id='word_1_5' title='bbox 54 167 250 202; x_wconf 78' lang='lat' dir='ltr'><strong>synodalibus</strong></span> <span class='ocrx_word' id='word_1_6' title='bbox 264 168 412 197; x_wconf 80' lang='lat' dir='ltr'><strong>damnatus</strong></span> <span class='ocrx_word' id='word_1_7' title='bbox 428 173 491 198; x_wconf 89' lang='lat' dir='ltr'><strong>est:</strong></span> <span class='ocrx_word' id='word_1_8' title='bbox 511 170 629 199; x_wconf 83' lang='lat' dir='ltr'><strong>refutata</strong></span> <span class='ocrx_word' id='word_1_9' title='bbox 642 172 677 200; x_wconf 82' lang='lat' dir='ltr'><strong>ab</strong></span> <span class='ocrx_word' id='word_1_10' title='bbox 692 174 787 201; x_wconf 85' lang='lat' dir='ltr'><strong>eodem</strong></span> <span class='ocrx_word' id='word_1_11' title='bbox 806 175 858 210; x_wconf 78' lang='lat' dir='ltr'><strong>Sy-</strong></span> <span class='ocrx_word' id='word_1_12' title='bbox 873 179 894 206; x_wconf 80' lang='grc' dir='ltr'>Α</span> <span class='ocrx_word' id='word_1_13' title='bbox 910 177 1087 209; x_wconf 83' lang='lat' dir='ltr'><strong>imperatore,</strong></span> <span class='ocrx_word' id='word_1_14' title='bbox 1102 175 1238 210; x_wconf 80' lang='lat' dir='ltr'><strong>episcopis</strong></span> <span class='ocrx_word' id='word_1_15' title='bbox 1257 179 1283 203; x_wconf 87' lang='lat' dir='ltr'><strong>et</strong></span> <span class='ocrx_word' id='word_1_16' title='bbox 1299 178 1407 206; x_wconf 83' lang='lat' dir='ltr'><strong>senatu,</strong></span> <span class='ocrx_word' id='word_1_17' title='bbox 1420 177 1479 202; x_wconf 85' lang='lat' dir='ltr'><strong>erat</strong></span> <span class='ocrx_word' id='word_1_18' title='bbox 1503 173 1591 201; x_wconf 81' lang='lat' dir='ltr'><strong>adhuc</strong></span> <span class='ocrx_word' id='word_1_19' title='bbox 1619 180 1706 202; x_wconf 65' lang='lat' dir='ltr'><strong>saecu-</strong></span> 
     </span>
    </p>
   </div>
   <div class='ocr_carea' id='block_1_5' title="bbox 55 212 859 248">
    <p class='ocr_par' dir='ltr' id='par_1_5' title="bbox 55 212 859 248">
     <span class='ocr_line' id='line_1_5' title="bbox 55 212 859 248; baseline 0.012 -11"><span class='ocrx_word' id='word_1_20' title='bbox 55 214 123 246; x_wconf 73' lang='lat' dir='ltr'><strong>rigo</strong></span> <span class='ocrx_word' id='word_1_21' title='bbox 135 212 190 240; x_wconf 74' lang='lat' dir='ltr'><strong>fuit</strong></span> <span class='ocrx_word' id='word_1_22' title='bbox 207 213 284 242; x_wconf 86' lang='lat' dir='ltr'><strong>illius</strong></span> <span class='ocrx_word' id='word_1_23' title='bbox 305 215 486 243; x_wconf 80' lang='lat' dir='ltr'><strong>Calvinistica</strong></span> <span class='ocrx_word' id='word_1_24' title='bbox 507 217 652 246; x_wconf 76' lang='lat' dir='ltr'><strong>Confessio</strong></span> <span class='ocrx_word' id='word_1_25' title='bbox 669 228 676 246; x_wconf 88' lang='lat'><strong>:</strong></span> <span class='ocrx_word' id='word_1_26' title='bbox 710 224 737 247; x_wconf 90' lang='lat' dir='ltr'><strong>et</strong></span> <span class='ocrx_word' id='word_1_27' title='bbox 763 224 859 248; x_wconf 88' lang='lat' dir='ltr'><strong>contra</strong></span> 
     </span>
    </p>
   </div>
   <div class='ocr_carea' id='block_1_6' title="bbox 55 257 860 295">
    <p class='ocr_par' dir='ltr' id='par_1_6' title="bbox 55 257 860 295">
     <span class='ocr_line' id='line_1_6' title="bbox 55 257 860 295; baseline 0.011 -11"><span class='ocrx_word' id='word_1_28' title='bbox 55 257 120 285; x_wconf 67' lang='lat' dir='ltr'><strong>hinc</strong></span> <span class='ocrx_word' id='word_1_29' title='bbox 142 259 305 287; x_wconf 88' lang='lat' dir='ltr'><strong>testimonia</strong></span> <span class='ocrx_word' id='word_1_30' title='bbox 322 268 384 295; x_wconf 52' lang='lat' dir='ltr'><strong>quat</strong></span> <span class='ocrx_word' id='word_1_31' title='bbox 395 261 471 289; x_wconf 80' lang='lat' dir='ltr'><strong>Actis</strong></span> <span class='ocrx_word' id='word_1_32' title='bbox 483 267 510 289; x_wconf 89' lang='lat' dir='ltr'><strong>et</strong></span> <span class='ocrx_word' id='word_1_33' title='bbox 525 262 756 293; x_wconf 79' lang='lat' dir='ltr'><strong>Confessionihus</strong></span> <span class='ocrx_word' id='word_1_34' title='bbox 767 266 860 293; x_wconf 80' lang='lat' dir='ltr'><strong>multis</strong></span> 
     </span>
    </p>
   </div>
   <div class='ocr_carea' id='block_1_7' title="bbox 56 303 860 347">
    <p class='ocr_par' dir='ltr' id='par_1_7' title="bbox 56 303 860 347">
     <span class='ocr_line' id='line_1_7' title="bbox 56 303 860 347; baseline 0.011 -16"><span class='ocrx_word' id='word_1_35' title='bbox 56 312 90 332; x_wconf 82' lang='lat' dir='ltr'><strong>ex</strong></span> <span class='ocrx_word' id='word_1_36' title='bbox 111 303 231 333; x_wconf 76' lang='lat' dir='ltr'><strong>Oriente</strong></span> <span class='ocrx_word' id='word_1_37' title='bbox 244 306 338 334; x_wconf 85' lang='lat' dir='ltr'><strong>missis</strong></span> <span class='ocrx_word' id='word_1_38' title='bbox 349 308 514 336; x_wconf 77' lang='lat' dir='ltr'><strong>confirmata</strong></span> <span class='ocrx_word' id='word_1_39' title='bbox 531 314 610 341; x_wconf 85' lang='lat' dir='ltr'><strong>sunt,</strong></span> <span class='ocrx_word' id='word_1_40' title='bbox 620 310 703 338; x_wconf 87' lang='lat' dir='ltr'><strong>audet</strong></span> <span class='ocrx_word' id='word_1_41' title='bbox 712 311 860 347; x_wconf 84' lang='lat' dir='ltr'><strong>quisquam</strong></span> 
     </span>
    </p>
   </div>
   <div class='ocr_carea' id='block_1_8' title="bbox 56 351 598 390">
    <p class='ocr_par' dir='ltr' id='par_1_8' title="bbox 56 351 598 390">
     <span class='ocr_line' id='line_1_8' title="bbox 56 351 598 390; baseline 0.013 -13"><span class='ocrx_word' id='word_1_42' title='bbox 56 351 245 385; x_wconf 83' lang='lat' dir='ltr'><strong>conjecturas</strong></span> <span class='ocrx_word' id='word_1_43' title='bbox 257 353 432 382; x_wconf 76' lang='lat' dir='ltr'><strong>inaniSsimas</strong></span> <span class='ocrx_word' id='word_1_44' title='bbox 448 362 598 390; x_wconf 82' lang='lat' dir='ltr'><strong>opponere.</strong></span> 
     </span>
    </p>
   </div>
   <div class='ocr_carea' id='block_1_9' title="bbox 95 396 858 438">
    <p class='ocr_par' dir='ltr' id='par_1_9' title="bbox 95 396 858 438">
     <span class='ocr_line' id='line_1_9' title="bbox 95 396 858 438; baseline 0.012 -15"><span class='ocrx_word' id='word_1_45' title='bbox 95 396 210 424; x_wconf 77' lang='lat' dir='ltr'><strong>Primus</strong></span> <span class='ocrx_word' id='word_1_46' title='bbox 240 403 287 426; x_wconf 78' lang='lat' dir='ltr'><strong>aut</strong></span> <span class='ocrx_word' id='word_1_47' title='bbox 301 400 371 426; x_wconf 76' lang='lat' dir='ltr'><strong>inter</strong></span> <span class='ocrx_word' id='word_1_48' title='bbox 388 401 499 434; x_wconf 73' lang='lat' dir='ltr'><strong>primos,</strong></span> <span class='ocrx_word' id='word_1_49' title='bbox 513 402 536 429; x_wconf 92' lang='lat' dir='ltr'><strong>si</strong></span> <span class='ocrx_word' id='word_1_50' title='bbox 564 402 688 431; x_wconf 84' lang='lat' dir='ltr'><strong>Smitlieo</strong></span> <span class='ocrx_word' id='word_1_51' title='bbox 711 404 858 438; x_wconf 84' lang='lat' dir='ltr'><strong>credimus,</strong></span> 
     </span>
    </p>
   </div>
   <div class='ocr_carea' id='block_1_10' title="bbox 58 439 861 478">
    <p class='ocr_par' dir='ltr' id='par_1_10' title="bbox 58 439 861 478">
     <span class='ocr_line' id='line_1_10' title="bbox 58 439 861 478; baseline 0.012 -11"><span class='ocrx_word' id='word_1_52' title='bbox 58 439 177 469; x_wconf 81' lang='lat' dir='ltr'><strong>Gabriel</strong></span> <span class='ocrx_word' id='word_1_53' title='bbox 193 441 446 478; x_wconf 80' lang='lat' dir='ltr'><strong>Philadelphiensis</strong></span> <span class='ocrx_word' id='word_1_54' title='bbox 461 446 795 477; x_wconf 80' lang='lat' dir='ltr'><strong>Transsubstantiationis</strong></span> <span class='ocrx_word' id='word_1_55' title='bbox 814 458 861 477; x_wconf 87' lang='lat' dir='ltr'><strong>vo-</strong></span> 
     </span>
    </p>
   </div>
   <div class='ocr_carea' id='block_1_11' title="bbox 56 489 856 527">
    <p class='ocr_par' dir='ltr' id='par_1_11' title="bbox 56 489 856 527">
     <span class='ocr_line' id='line_1_11' title="bbox 56 489 856 527; baseline 0.01 -12"><span class='ocrx_word' id='word_1_56' title='bbox 56 495 119 515; x_wconf 84' lang='lat' dir='ltr'><strong>cem</strong></span> <span class='ocrx_word' id='word_1_57' title='bbox 139 489 299 523; x_wconf 76' lang='lat' dir='ltr'><strong>usurpavit.</strong></span> <span class='ocrx_word' id='word_1_58' title='bbox 308 498 382 518; x_wconf 86' lang='lat' dir='ltr'><strong>anno</strong></span> <span class='ocrx_word' id='word_1_59' title='bbox 399 491 477 526; x_wconf 84' lang='lat' dir='ltr'><strong>l600,</strong></span> <span class='ocrx_word' id='word_1_60' title='bbox 493 500 548 527; x_wconf 91' lang='lat' dir='ltr'><strong>quo</strong></span> <span class='ocrx_word' id='word_1_61' title='bbox 563 492 674 522; x_wconf 83' lang='lat' dir='ltr'><strong>libellus</strong></span> <span class='ocrx_word' id='word_1_62' title='bbox 699 495 774 523; x_wconf 86' lang='lat' dir='ltr'><strong>illius</strong></span> <span class='ocrx_word' id='word_1_63' title='bbox 801 496 856 523; x_wconf 86' lang='lat' dir='ltr'><strong>edi-</strong></span> 
     </span>
    </p>
   </div>
   <div class='ocr_carea' id='block_1_12' title="bbox 58 535 859 573">
    <p class='ocr_par' dir='ltr' id='par_1_12' title="bbox 58 535 859 573">
     <span class='ocr_line' id='line_1_12' title="bbox 58 535 859 573; baseline 0.011 -12"><span class='ocrx_word' id='word_1_64' title='bbox 58 539 103 561; x_wconf 82' lang='lat' dir='ltr'><strong>tus</strong></span> <span class='ocrx_word' id='word_1_65' title='bbox 116 541 173 562; x_wconf 88' lang='lat' dir='ltr'><strong>est.</strong></span> <span class='ocrx_word' id='word_1_66' title='bbox 188 535 244 563; x_wconf 83' lang='lat' dir='ltr'><strong>Sed</strong></span> <span class='ocrx_word' id='word_1_67' title='bbox 256 536 381 564; x_wconf 79' lang='lat' dir='ltr'><strong>Meietius</strong></span> <span class='ocrx_word' id='word_1_68' title='bbox 392 538 467 573; x_wconf 81' lang='lat' dir='ltr'><strong>Piga,</strong></span> <span class='ocrx_word' id='word_1_69' title='bbox 479 540 636 573; x_wconf 81' lang='lat' dir='ltr'><strong>patriarcha</strong></span> <span class='ocrx_word' id='word_1_70' title='bbox 657 541 859 570; x_wconf 83' lang='lat' dir='ltr'><strong>Alexandrinus</strong></span> 
     </span>
    </p>
   </div>
   <div class='ocr_carea' id='block_1_13' title="bbox 58 582 860 617">
    <p class='ocr_par' dir='ltr' id='par_1_13' title="bbox 58 582 860 617">
     <span class='ocr_line' id='line_1_13' title="bbox 58 582 860 617; baseline 0.01 -9"><span class='ocrx_word' id='word_1_71' title='bbox 58 582 85 608; x_wconf 94' lang='lat' dir='ltr'><strong>in</strong></span> <span class='ocrx_word' id='word_1_72' title='bbox 100 582 233 616; x_wconf 82' lang='lat' dir='ltr'><strong>epistolis</strong></span> <span class='ocrx_word' id='word_1_73' title='bbox 245 591 310 611; x_wconf 84' lang='lat' dir='ltr'><strong>ann.</strong></span> <span class='ocrx_word' id='word_1_74' title='bbox 336 584 404 613; x_wconf 82' lang='grc'><strong>1595</strong></span> <span class='ocrx_word' id='word_1_75' title='bbox 420 589 448 613; x_wconf 88' lang='lat' dir='ltr'><strong>et</strong></span> <span class='ocrx_word' id='word_1_76' title='bbox 470 585 550 617; x_wconf 67' lang='grc'>1591,</span> <span class='ocrx_word' id='word_1_77' title='bbox 576 594 635 614; x_wconf 87' lang='lat' dir='ltr'><strong>eam</strong></span> <span class='ocrx_word' id='word_1_78' title='bbox 662 594 755 615; x_wconf 77' lang='lat' dir='ltr'><strong>vocem</strong></span> <span class='ocrx_word' id='word_1_79' title='bbox 780 589 860 616; x_wconf 87' lang='lat' dir='ltr'><strong>adhi-</strong></span> 
     </span>
    </p>
   </div>
   <div class='ocr_carea' id='block_1_14' title="bbox 58 629 859 665">
    <p class='ocr_par' dir='ltr' id='par_1_14' title="bbox 58 629 859 665">
     <span class='ocr_line' id='line_1_14' title="bbox 58 629 859 665; baseline 0.009 -9"><span class='ocrx_word' id='word_1_80' title='bbox 58 629 176 660; x_wconf 87' lang='lat' dir='ltr'><strong>buerat.</strong></span> <span class='ocrx_word' id='word_1_81' title='bbox 194 629 315 665; x_wconf 81' lang='lat' dir='ltr'><strong>ejusque</strong></span> <span class='ocrx_word' id='word_1_82' title='bbox 329 638 441 659; x_wconf 88' lang='lat' dir='ltr'><strong>sensum</strong></span> <span class='ocrx_word' id='word_1_83' title='bbox 457 636 485 659; x_wconf 88' lang='lat' dir='ltr'><strong>et</strong></span> <span class='ocrx_word' id='word_1_84' title='bbox 520 637 704 662; x_wconf 81' lang='lat' dir='ltr'><strong>consectanea</strong></span> <span class='ocrx_word' id='word_1_85' title='bbox 730 640 859 663; x_wconf 81' lang='lat' dir='ltr'><strong>accurate</strong></span> 
     </span>
    </p>
   </div>
   <div class='ocr_carea' id='block_1_15' title="bbox 58 676 859 710">
    <p class='ocr_par' dir='ltr' id='par_1_15' title="bbox 58 676 859 710">
     <span class='ocr_line' id='line_1_15' title="bbox 58 676 859 710; baseline 0.009 -8"><span class='ocrx_word' id='word_1_86' title='bbox 58 676 268 710; x_wconf 75' lang='lat' dir='ltr'><strong>explicarent,</strong></span> <span class='ocrx_word' id='word_1_87' title='bbox 287 677 412 705; x_wconf 89' lang='lat' dir='ltr'><strong>indicans</strong></span> <span class='ocrx_word' id='word_1_88' title='bbox 429 679 511 706; x_wconf 86' lang='lat' dir='ltr'><strong>simul</strong></span> <span class='ocrx_word' id='word_1_89' title='bbox 533 683 668 708; x_wconf 87' lang='lat' dir='ltr'><strong>tractatus</strong></span> <span class='ocrx_word' id='word_1_90' title='bbox 699 681 768 709; x_wconf 88' lang='lat' dir='ltr'><strong>alios</strong></span> <span class='ocrx_word' id='word_1_91' title='bbox 794 690 859 709; x_wconf 86' lang='lat' dir='ltr'><strong>suos</strong></span> 
     </span>
    </p>
   </div>
   <div class='ocr_carea' id='block_1_16' title="bbox 57 721 857 761">
    <p class='ocr_par' dir='ltr' id='par_1_16' title="bbox 57 721 857 761">
     <span class='ocr_line' id='line_1_16' title="bbox 57 721 857 761; baseline 0.009 -14"><span class='ocrx_word' id='word_1_92' title='bbox 57 721 85 747; x_wconf 94' lang='lat' dir='ltr'><strong>in</strong></span> <span class='ocrx_word' id='word_1_93' title='bbox 103 722 212 756; x_wconf 75' lang='lat' dir='ltr'><strong>quibus</strong></span> <span class='ocrx_word' id='word_1_94' title='bbox 252 723 341 750; x_wconf 86' lang='lat' dir='ltr'><strong>fusius</strong></span> <span class='ocrx_word' id='word_1_95' title='bbox 367 723 402 752; x_wconf 85' lang='lat' dir='ltr'><strong>de</strong></span> <span class='ocrx_word' id='word_1_96' title='bbox 431 725 526 752; x_wconf 88' lang='lat' dir='ltr'><strong>eodem</strong></span> <span class='ocrx_word' id='word_1_97' title='bbox 556 731 721 760; x_wconf 75' lang='lat' dir='ltr'><strong>argumento</strong></span> <span class='ocrx_word' id='word_1_98' title='bbox 753 728 857 761; x_wconf 84' lang='lat' dir='ltr'><strong>pridem</strong></span> 
     </span>
    </p>
   </div>
   <div class='ocr_carea' id='block_1_17' title="bbox 58 768 857 807">
    <p class='ocr_par' dir='ltr' id='par_1_17' title="bbox 58 768 857 807">
     <span class='ocr_line' id='line_1_17' title="bbox 58 768 857 807; baseline 0.009 -13"><span class='ocrx_word' id='word_1_99' title='bbox 58 768 248 796; x_wconf 81' lang='lat' dir='ltr'><strong>disseruerat.</strong></span> <span class='ocrx_word' id='word_1_100' title='bbox 265 769 410 797; x_wconf 83' lang='lat' dir='ltr'><strong>Latinismi</strong></span> <span class='ocrx_word' id='word_1_101' title='bbox 423 775 646 806; x_wconf 76' lang='lat' dir='ltr'><strong>suspectnsesse</strong></span> <span class='ocrx_word' id='word_1_102' title='bbox 664 780 719 800; x_wconf 92' lang='lat' dir='ltr'><strong>non</strong></span> <span class='ocrx_word' id='word_1_103' title='bbox 755 777 857 807; x_wconf 82' lang='lat' dir='ltr'><strong>potest.</strong></span> 
     </span>
    </p>
   </div>
   <div class='ocr_carea' id='block_1_18' title="bbox 61 815 858 851">
    <p class='ocr_par' dir='ltr' id='par_1_18' title="bbox 61 815 858 851">
     <span class='ocr_line' id='line_1_18' title="bbox 61 815 858 851; baseline 0.01 -12"><span class='ocrx_word' id='word_1_104' title='bbox 61 822 143 849; x_wconf 83' lang='lat' dir='ltr'><strong>quem</strong></span> <span class='ocrx_word' id='word_1_105' title='bbox 162 815 290 851; x_wconf 80' lang='lat' dir='ltr'><strong>impense</strong></span> <span class='ocrx_word' id='word_1_106' title='bbox 301 816 435 851; x_wconf 79' lang='lat' dir='ltr'><strong>Geel-gius</strong></span> <span class='ocrx_word' id='word_1_107' title='bbox 450 817 540 845; x_wconf 87' lang='lat' dir='ltr'><strong>Douza</strong></span> <span class='ocrx_word' id='word_1_108' title='bbox 565 817 649 845; x_wconf 87' lang='lat' dir='ltr'><strong>ctalii</strong></span> <span class='ocrx_word' id='word_1_109' title='bbox 671 818 858 847; x_wconf 84' lang='lat' dir='ltr'><strong>Protestantcs</strong></span> 
     </span>
    </p>
   </div>
   <div class='ocr_carea' id='block_1_19' title="bbox 912 220 1707 256">
    <p class='ocr_par' dir='ltr' id='par_1_19' title="bbox 912 220 1707 256">
     <span class='ocr_line' id='line_1_19' title="bbox 912 220 1707 256; baseline -0.003 -8"><span class='ocrx_word' id='word_1_110' title='bbox 912 221 979 250; x_wconf 85' lang='lat' dir='ltr'><strong>laris</strong></span> <span class='ocrx_word' id='word_1_111' title='bbox 1000 231 1006 250; x_wconf 91' lang='lat'>:</span> <span class='ocrx_word' id='word_1_112' title='bbox 1030 229 1111 250; x_wconf 85' lang='lat' dir='ltr'><strong>nemo</strong></span> <span class='ocrx_word' id='word_1_113' title='bbox 1127 227 1219 249; x_wconf 88' lang='lat' dir='ltr'><strong>autem</strong></span> <span class='ocrx_word' id='word_1_114' title='bbox 1240 221 1427 256; x_wconf 74' lang='lat' dir='ltr'><strong>suspicabitur</strong></span> <span class='ocrx_word' id='word_1_115' title='bbox 1440 221 1474 248; x_wconf 88' lang='lat' dir='ltr'><strong>ab</strong></span> <span class='ocrx_word' id='word_1_116' title='bbox 1491 221 1608 252; x_wconf 88' lang='lat' dir='ltr'><strong>homine,</strong></span> <span class='ocrx_word' id='word_1_117' title='bbox 1624 220 1707 248; x_wconf 87' lang='lat' dir='ltr'><strong>docto</strong></span> 
     </span>
    </p>
   </div>
   <div class='ocr_carea' id='block_1_20' title="bbox 911 267 1704 304">
    <p class='ocr_par' dir='ltr' id='par_1_20' title="bbox 911 267 1704 304">
     <span class='ocr_line' id='line_1_20' title="bbox 911 267 1704 304; baseline -0.003 -8"><span class='ocrx_word' id='word_1_118' title='bbox 911 269 1090 304; x_wconf 82' lang='lat' dir='ltr'><strong>quidem,scd</strong></span> <span class='ocrx_word' id='word_1_119' title='bbox 1110 269 1192 301; x_wconf 85' lang='lat' dir='ltr'><strong>laico,</strong></span> <span class='ocrx_word' id='word_1_120' title='bbox 1211 269 1331 303; x_wconf 74' lang='lat' dir='ltr'><strong>ignotam</strong></span> <span class='ocrx_word' id='word_1_121' title='bbox 1359 275 1410 295; x_wconf 84' lang='lat' dir='ltr'><strong>nec</strong></span> <span class='ocrx_word' id='word_1_122' title='bbox 1420 276 1472 295; x_wconf 87' lang='lat' dir='ltr'><strong>usu</strong></span> <span class='ocrx_word' id='word_1_123' title='bbox 1501 267 1651 295; x_wconf 87' lang='lat' dir='ltr'><strong>stabilitam</strong></span> <span class='ocrx_word' id='word_1_124' title='bbox 1677 267 1704 294; x_wconf 90' lang='lat' dir='ltr'><strong>in</strong></span> 
     </span>
    </p>
   </div>
   <div class='ocr_carea' id='block_1_21' title="bbox 911 312 1706 349">
    <p class='ocr_par' dir='ltr' id='par_1_21' title="bbox 911 312 1706 349">
     <span class='ocr_line' id='line_1_21' title="bbox 911 312 1706 349; baseline -0.004 -8"><span class='ocrx_word' id='word_1_125' title='bbox 911 314 1041 349; x_wconf 84' lang='lat' dir='ltr'><strong>mysterio</strong></span> <span class='ocrx_word' id='word_1_126' title='bbox 1053 313 1219 348; x_wconf 71' lang='lat' dir='ltr'><strong>explicando</strong></span> <span class='ocrx_word' id='word_1_127' title='bbox 1237 320 1331 340; x_wconf 86' lang='lat' dir='ltr'><strong>vocem</strong></span> <span class='ocrx_word' id='word_1_128' title='bbox 1347 312 1476 347; x_wconf 88' lang='lat' dir='ltr'><strong>usurpari</strong></span> <span class='ocrx_word' id='word_1_129' title='bbox 1487 312 1706 347; x_wconf 77' lang='lat' dir='ltr'><strong>potuisse,nulio</strong></span> 
     </span>
    </p>
   </div>
   <div class='ocr_carea' id='block_1_22' title="bbox 910 356 1577 393">
    <p class='ocr_par' dir='ltr' id='par_1_22' title="bbox 910 356 1577 393">
     <span class='ocr_line' id='line_1_22' title="bbox 910 356 1577 393; baseline -0.006 -7"><span class='ocrx_word' id='word_1_130' title='bbox 910 358 1103 393; x_wconf 88' lang='lat' dir='ltr'><strong>episcoporum</strong></span> <span class='ocrx_word' id='word_1_131' title='bbox 1121 362 1169 385; x_wconf 88' lang='lat' dir='ltr'><strong>ant</strong></span> <span class='ocrx_word' id='word_1_132' title='bbox 1189 357 1379 390; x_wconf 71' lang='lat' dir='ltr'><strong>theologorum</strong></span> <span class='ocrx_word' id='word_1_133' title='bbox 1399 356 1577 384; x_wconf 86' lang='lat' dir='ltr'><strong>reclamante.</strong></span> 
     </span>
    </p>
   </div>
   <div class='ocr_carea' id='block_1_23' title="bbox 947 400 1707 436">
    <p class='ocr_par' dir='ltr' id='par_1_23' title="bbox 947 400 1707 436">
     <span class='ocr_line' id='line_1_23' title="bbox 947 400 1707 436; baseline -0.007 -4"><span class='ocrx_word' id='word_1_134' title='bbox 947 404 1000 432; x_wconf 84' lang='lat' dir='ltr'><strong>Sed</strong></span> <span class='ocrx_word' id='word_1_135' title='bbox 1019 404 1183 436; x_wconf 85' lang='lat' dir='ltr'><strong>Callinicus,</strong></span> <span class='ocrx_word' id='word_1_136' title='bbox 1196 403 1344 431; x_wconf 85' lang='lat' dir='ltr'><strong>Dositliens</strong></span> <span class='ocrx_word' id='word_1_137' title='bbox 1359 407 1386 429; x_wconf 87' lang='lat' dir='ltr'><strong>et</strong></span> <span class='ocrx_word' id='word_1_138' title='bbox 1401 401 1447 428; x_wconf 84' lang='lat' dir='ltr'><strong>alii</strong></span> <span class='ocrx_word' id='word_1_139' title='bbox 1465 401 1550 429; x_wconf 72' lang='lat' dir='ltr'><strong>Graeci</strong></span> <span class='ocrx_word' id='word_1_140' title='bbox 1567 400 1707 428; x_wconf 82' lang='lat' dir='ltr'><strong>antistites</strong></span> 
     </span>
    </p>
   </div>
   <div class='ocr_carea' id='block_1_24' title="bbox 916 447 1704 484">
    <p class='ocr_par' dir='ltr' id='par_1_24' title="bbox 916 447 1704 484">
     <span class='ocr_line' id='line_1_24' title="bbox 916 447 1704 484; baseline -0.006 -6"><span class='ocrx_word' id='word_1_141' title='bbox 916 455 998 479; x_wconf 82' lang='lat' dir='ltr'><strong>erunt</strong></span> <span class='ocrx_word' id='word_1_142' title='bbox 1013 450 1137 477; x_wconf 88' lang='lat' dir='ltr'><strong>Smitheo</strong></span> <span class='ocrx_word' id='word_1_143' title='bbox 1151 450 1353 484; x_wconf 76' lang='grc' dir='ltr'><strong>Λατινόφρονες</strong></span> <span class='ocrx_word' id='word_1_144' title='bbox 1387 447 1449 475; x_wconf 85' lang='lat' dir='ltr'><strong>novi</strong></span> <span class='ocrx_word' id='word_1_145' title='bbox 1477 448 1585 475; x_wconf 79' lang='lat' dir='ltr'><strong>scilicet</strong></span> <span class='ocrx_word' id='word_1_146' title='bbox 1606 451 1633 474; x_wconf 93' lang='lat' dir='ltr'><strong>et</strong></span> <span class='ocrx_word' id='word_1_147' title='bbox 1651 447 1704 473; x_wconf 91' lang='lat' dir='ltr'><strong>huc</strong></span> 
     </span>
    </p>
   </div>
   <div class='ocr_carea' id='block_1_25' title="bbox 910 491 1702 531">
    <p class='ocr_par' dir='ltr' id='par_1_25' title="bbox 910 491 1702 531">
     <span class='ocr_line' id='line_1_25' title="bbox 910 491 1702 531; baseline -0.008 -7"><span class='ocrx_word' id='word_1_148' title='bbox 910 504 999 531; x_wconf 86' lang='lat' dir='ltr'><strong>usque</strong></span> <span class='ocrx_word' id='word_1_149' title='bbox 1015 496 1099 531; x_wconf 71' lang='lat' dir='ltr'><strong>ignoti</strong></span> <span class='ocrx_word' id='word_1_150' title='bbox 1109 496 1218 531; x_wconf 75' lang='lat' dir='ltr'><strong>generis</strong></span> <span class='ocrx_word' id='word_1_151' title='bbox 1233 504 1240 528; x_wconf 88' lang='lat'><strong>;</strong></span> <span class='ocrx_word' id='word_1_152' title='bbox 1258 503 1321 522; x_wconf 89' lang='lat' dir='ltr'><strong>nam</strong></span> <span class='ocrx_word' id='word_1_153' title='bbox 1335 502 1398 522; x_wconf 85' lang='lat' dir='ltr'><strong>cum</strong></span> <span class='ocrx_word' id='word_1_154' title='bbox 1420 502 1451 521; x_wconf 89' lang='lat' dir='ltr'><strong>ea</strong></span> <span class='ocrx_word' id='word_1_155' title='bbox 1490 501 1542 521; x_wconf 79' lang='lat' dir='ltr'><strong>vox</strong></span> <span class='ocrx_word' id='word_1_156' title='bbox 1575 491 1702 526; x_wconf 84' lang='lat' dir='ltr'><strong>usurpari</strong></span> 
     </span>
    </p>
   </div>
   <div class='ocr_carea' id='block_1_26' title="bbox 909 539 1706 578">
    <p class='ocr_par' dir='ltr' id='par_1_26' title="bbox 909 539 1706 578">
     <span class='ocr_line' id='line_1_26' title="bbox 909 539 1706 578; baseline -0.009 -7"><span class='ocrx_word' id='word_1_157' title='bbox 909 543 1001 578; x_wconf 76' lang='lat' dir='ltr'><strong>cmpit,</strong></span> <span class='ocrx_word' id='word_1_158' title='bbox 1019 543 1108 570; x_wconf 86' lang='lat' dir='ltr'><strong>nullos</strong></span> <span class='ocrx_word' id='word_1_159' title='bbox 1125 543 1193 570; x_wconf 85' lang='lat' dir='ltr'><strong>alios</strong></span> <span class='ocrx_word' id='word_1_160' title='bbox 1211 549 1292 576; x_wconf 87' lang='lat' dir='ltr'><strong>quam</strong></span> <span class='ocrx_word' id='word_1_161' title='bbox 1307 541 1354 576; x_wconf 86' lang='lat' dir='ltr'><strong>qui</strong></span> <span class='ocrx_word' id='word_1_162' title='bbox 1388 541 1537 568; x_wconf 88' lang='lat' dir='ltr'><strong>stabilitam</strong></span> <span class='ocrx_word' id='word_1_163' title='bbox 1559 539 1706 566; x_wconf 58' lang='lat' dir='ltr'><strong>Florentiae</strong></span> 
     </span>
    </p>
   </div>
   <div class='ocr_carea' id='block_1_27' title="bbox 911 584 1705 623">
    <p class='ocr_par' dir='ltr' id='par_1_27' title="bbox 911 584 1705 623">
     <span class='ocr_line' id='line_1_27' title="bbox 911 584 1705 623; baseline -0.006 -7"><span class='ocrx_word' id='word_1_164' title='bbox 911 590 971 617; x_wconf 86' lang='lat' dir='ltr'><strong>ﬂdei</strong></span> <span class='ocrx_word' id='word_1_165' title='bbox 986 589 1176 616; x_wconf 86' lang='lat' dir='ltr'><strong>Delinitionem</strong></span> <span class='ocrx_word' id='word_1_166' title='bbox 1190 588 1440 623; x_wconf 78' lang='lat' dir='ltr'><strong>amplectebantur,</strong></span> <span class='ocrx_word' id='word_1_167' title='bbox 1458 586 1631 621; x_wconf 78' lang='lat' dir='ltr'><strong>designabat.</strong></span> <span class='ocrx_word' id='word_1_168' title='bbox 1652 584 1705 611; x_wconf 83' lang='lat' dir='ltr'><strong>Ve-</strong></span> 
     </span>
    </p>
   </div>
   <div class='ocr_carea' id='block_1_28' title="bbox 909 631 1704 669">
    <p class='ocr_par' dir='ltr' id='par_1_28' title="bbox 909 631 1704 669">
     <span class='ocr_line' id='line_1_28' title="bbox 909 631 1704 669; baseline -0.006 -6"><span class='ocrx_word' id='word_1_169' title='bbox 909 644 969 663; x_wconf 91' lang='lat' dir='ltr'><strong>rum</strong></span> <span class='ocrx_word' id='word_1_170' title='bbox 983 643 1037 662; x_wconf 87' lang='lat' dir='ltr'><strong>non</strong></span> <span class='ocrx_word' id='word_1_171' title='bbox 1048 634 1300 669; x_wconf 85' lang='lat' dir='ltr'><strong>Constantinopoli,</strong></span> <span class='ocrx_word' id='word_1_172' title='bbox 1321 635 1370 662; x_wconf 86' lang='lat' dir='ltr'><strong>sed</strong></span> <span class='ocrx_word' id='word_1_173' title='bbox 1389 634 1415 661; x_wconf 93' lang='lat' dir='ltr'><strong>in</strong></span> <span class='ocrx_word' id='word_1_174' title='bbox 1430 633 1537 662; x_wconf 87' lang='lat' dir='ltr'><strong>Claudii</strong></span> <span class='ocrx_word' id='word_1_175' title='bbox 1565 631 1644 660; x_wconf 85' lang='lat' dir='ltr'><strong>libris</strong></span> <span class='ocrx_word' id='word_1_176' title='bbox 1661 631 1704 658; x_wconf 88' lang='lat' dir='ltr'><strong>di-</strong></span> 
     </span>
    </p>
   </div>
   <div class='ocr_carea' id='block_1_29' title="bbox 910 679 1706 716">
    <p class='ocr_par' dir='ltr' id='par_1_29' title="bbox 910 679 1706 716">
     <span class='ocr_line' id='line_1_29' title="bbox 910 679 1706 716; baseline -0.005 -8"><span class='ocrx_word' id='word_1_177' title='bbox 910 681 977 708; x_wconf 84' lang='lat' dir='ltr'><strong>dicit</strong></span> <span class='ocrx_word' id='word_1_178' title='bbox 998 681 1140 708; x_wconf 85' lang='lat' dir='ltr'><strong>Smitbeus</strong></span> <span class='ocrx_word' id='word_1_179' title='bbox 1152 681 1358 716; x_wconf 77' lang='grc' dir='ltr'><strong>Λατινόφρονας</strong></span> <span class='ocrx_word' id='word_1_180' title='bbox 1372 688 1446 713; x_wconf 86' lang='lat' dir='ltr'><strong>esse,</strong></span> <span class='ocrx_word' id='word_1_181' title='bbox 1460 680 1507 714; x_wconf 89' lang='lat' dir='ltr'><strong>qni</strong></span> <span class='ocrx_word' id='word_1_182' title='bbox 1521 679 1622 706; x_wconf 87' lang='lat' dir='ltr'><strong>reaiem</strong></span> <span class='ocrx_word' id='word_1_183' title='bbox 1637 685 1706 712; x_wconf 71' lang='lat' dir='ltr'><strong>pra:-</strong></span> 
     </span>
    </p>
   </div>
   <div class='ocr_carea' id='block_1_30' title="bbox 910 724 1706 756">
    <p class='ocr_par' dir='ltr' id='par_1_30' title="bbox 910 724 1706 756">
     <span class='ocr_line' id='line_1_30' title="bbox 910 724 1706 756; baseline -0.006 -1"><span class='ocrx_word' id='word_1_184' title='bbox 910 728 1025 755; x_wconf 82' lang='lat' dir='ltr'><strong>semiam</strong></span> <span class='ocrx_word' id='word_1_185' title='bbox 1036 732 1062 756; x_wconf 85' lang='lat' dir='ltr'><strong>et</strong></span> <span class='ocrx_word' id='word_1_186' title='bbox 1080 727 1418 755; x_wconf 85' lang='lat' dir='ltr'><strong>transsubstantialionem</strong></span> <span class='ocrx_word' id='word_1_187' title='bbox 1434 725 1593 753; x_wconf 84' lang='lat' dir='ltr'><strong>crederent.</strong></span> <span class='ocrx_word' id='word_1_188' title='bbox 1618 724 1706 751; x_wconf 86' lang='lat' dir='ltr'><strong>Erunt</strong></span> 
     </span>
    </p>
   </div>
   <div class='ocr_carea' id='block_1_31' title="bbox 909 771 1706 809">
    <p class='ocr_par' dir='ltr' id='par_1_31' title="bbox 909 771 1706 809">
     <span class='ocr_line' id='line_1_31' title="bbox 909 771 1706 809; baseline -0.006 -7"><span class='ocrx_word' id='word_1_189' title='bbox 909 775 993 809; x_wconf 78' lang='lat' dir='ltr'><strong>igitur</strong></span> <span class='ocrx_word' id='word_1_190' title='bbox 1004 775 1087 802; x_wconf 87' lang='lat' dir='ltr'><strong>etiam</strong></span> <span class='ocrx_word' id='word_1_191' title='bbox 1103 774 1160 807; x_wconf 90' lang='lat' dir='ltr'><strong>isti,</strong></span> <span class='ocrx_word' id='word_1_192' title='bbox 1180 773 1257 800; x_wconf 90' lang='lat' dir='ltr'><strong>utiiii</strong></span> <span class='ocrx_word' id='word_1_193' title='bbox 1267 774 1313 807; x_wconf 91' lang='lat' dir='ltr'><strong>qui</strong></span> <span class='ocrx_word' id='word_1_194' title='bbox 1329 772 1434 808; x_wconf 77' lang='lat' dir='ltr'><strong>synodo</strong></span> <span class='ocrx_word' id='word_1_195' title='bbox 1449 771 1706 806; x_wconf 68' lang='lat' dir='ltr'><strong>llicrosolymitanaa</strong></span> 
     </span>
    </p>
   </div>
   <div class='ocr_carea' id='block_1_32' title="bbox 910 817 1706 855">
    <p class='ocr_par' dir='ltr' id='par_1_32' title="bbox 910 817 1706 855">
     <span class='ocr_line' id='line_1_32' title="bbox 910 817 1706 855; baseline -0.006 -7"><span class='ocrx_word' id='word_1_196' title='bbox 910 821 1149 855; x_wconf 79' lang='lat' dir='ltr'><strong>subscripserunt,</strong></span> <span class='ocrx_word' id='word_1_197' title='bbox 1167 821 1194 847; x_wconf 90' lang='lat' dir='ltr'><strong>in</strong></span> <span class='ocrx_word' id='word_1_198' title='bbox 1209 819 1304 847; x_wconf 69' lang='lat' dir='ltr'><strong>eadem</strong></span> <span class='ocrx_word' id='word_1_199' title='bbox 1326 817 1603 854; x_wconf 75' lang='grc' dir='ltr'><strong>Λατινοφρονούντων</strong></span> <span class='ocrx_word' id='word_1_200' title='bbox 1633 817 1706 843; x_wconf 90' lang='lat' dir='ltr'><strong>clas-</strong></span> 
     </span>
    </p>
   </div>
   <div class='ocr_carea' id='block_1_33' title="bbox 63 855 1704 901">
    <p class='ocr_par' dir='ltr' id='par_1_33' title="bbox 63 855 1704 901">
     <span class='ocr_line' id='line_1_33' title="bbox 63 855 1704 901; baseline 0.005 -12"><span class='ocrx_word' id='word_1_201' title='bbox 63 862 266 895; x_wconf 77' lang='lat' dir='ltr'><strong>laudaverunt,</strong></span> <span class='ocrx_word' id='word_1_202' title='bbox 278 870 312 891; x_wconf 89' lang='lat' dir='ltr'><strong>eo</strong></span> <span class='ocrx_word' id='word_1_203' title='bbox 326 864 476 898; x_wconf 61' lang='lat' dir='ltr'><strong>praesertim</strong></span> <span class='ocrx_word' id='word_1_204' title='bbox 494 865 615 898; x_wconf 87' lang='lat' dir='ltr'><strong>nomine,</strong></span> <span class='ocrx_word' id='word_1_205' title='bbox 639 866 712 900; x_wconf 87' lang='lat' dir='ltr'><strong>quod</strong></span> <span class='ocrx_word' id='word_1_206' title='bbox 741 873 857 894; x_wconf 66' lang='lat' dir='ltr'><strong>concor~</strong></span> <span class='ocrx_word' id='word_1_207' title='bbox 874 855 895 883; x_wconf 74' lang='grc' dir='ltr'><strong><em>Β</em></strong></span> <span class='ocrx_word' id='word_1_208' title='bbox 909 875 949 900; x_wconf 85' lang='lat' dir='ltr'><strong>se,</strong></span> <span class='ocrx_word' id='word_1_209' title='bbox 965 867 1010 901; x_wconf 86' lang='lat' dir='ltr'><strong>qui</strong></span> <span class='ocrx_word' id='word_1_210' title='bbox 1027 872 1115 894; x_wconf 79' lang='lat' dir='ltr'><strong>tamen</strong></span> <span class='ocrx_word' id='word_1_211' title='bbox 1135 866 1282 901; x_wconf 83' lang='lat' dir='ltr'><strong>primatum</strong></span> <span class='ocrx_word' id='word_1_212' title='bbox 1299 865 1415 893; x_wconf 71' lang='lat' dir='ltr'><strong>Romani</strong></span> <span class='ocrx_word' id='word_1_213' title='bbox 1431 865 1572 892; x_wconf 72' lang='grc' dir='ltr'><strong>Ροηιῖίῖείε</strong></span> <span class='ocrx_word' id='word_1_214' title='bbox 1593 867 1704 898; x_wconf 68' lang='grc' dir='ltr'>ιιθελιπν</span> 
     </span>
    </p>
   </div>
   <div class='ocr_carea' id='block_1_34' title="bbox 61 908 862 945">
    <p class='ocr_par' dir='ltr' id='par_1_34' title="bbox 61 908 862 945">
     <span class='ocr_line' id='line_1_34' title="bbox 61 908 862 945; baseline 0.005 -9"><span class='ocrx_word' id='word_1_215' title='bbox 61 909 114 936; x_wconf 76' lang='lat' dir='ltr'><strong>dize</strong></span> <span class='ocrx_word' id='word_1_216' title='bbox 131 909 210 937; x_wconf 85' lang='lat' dir='ltr'><strong>inter</strong></span> <span class='ocrx_word' id='word_1_217' title='bbox 227 908 348 937; x_wconf 66' lang='lat' dir='ltr'><strong>Polonim</strong></span> <span class='ocrx_word' id='word_1_218' title='bbox 369 918 454 945; x_wconf 77' lang='lat' dir='ltr'><strong>regno</strong></span> <span class='ocrx_word' id='word_1_219' title='bbox 478 911 607 939; x_wconf 77' lang='lat' dir='ltr'><strong>subditos</strong></span> <span class='ocrx_word' id='word_1_220' title='bbox 622 911 708 940; x_wconf 66' lang='grc' dir='ltr'><strong>ϐιτεοί</strong></span> <span class='ocrx_word' id='word_1_221' title='bbox 737 913 805 940; x_wconf 88' lang='lat' dir='ltr'><strong>ritus</strong></span> <span class='ocrx_word' id='word_1_222' title='bbox 834 917 862 941; x_wconf 89' lang='lat' dir='ltr'><strong>et</strong></span> 
     </span>
    </p>
   </div>
   <div class='ocr_carea' id='block_1_35' title="bbox 61 955 861 987">
    <p class='ocr_par' dir='ltr' id='par_1_35' title="bbox 61 955 861 987">
     <span class='ocr_line' id='line_1_35' title="bbox 61 955 861 987; baseline 0.005 -5"><span class='ocrx_word' id='word_1_223' title='bbox 61 955 223 983; x_wconf 84' lang='lat' dir='ltr'><strong>Catholicos</strong></span> <span class='ocrx_word' id='word_1_224' title='bbox 234 956 413 983; x_wconf 70' lang='lat' dir='ltr'><strong>conciliandae</strong></span> <span class='ocrx_word' id='word_1_225' title='bbox 432 957 566 984; x_wconf 80' lang='lat' dir='ltr'><strong>acerrime</strong></span> <span class='ocrx_word' id='word_1_226' title='bbox 582 958 735 987; x_wconf 70' lang='lat' dir='ltr'><strong>restitisset.</strong></span> <span class='ocrx_word' id='word_1_227' title='bbox 745 959 784 986; x_wconf 81' lang='lat' dir='ltr'><strong>An</strong></span> <span class='ocrx_word' id='word_1_228' title='bbox 795 959 861 986; x_wconf 82' lang='lat' dir='ltr'><strong>sub-</strong></span> 
     </span>
    </p>
   </div>
   <div class='ocr_carea' id='block_1_36' title="bbox 61 1001 860 1035">
    <p class='ocr_par' dir='ltr' id='par_1_36' title="bbox 61 1001 860 1035">
     <span class='ocr_line' id='line_1_36' title="bbox 61 1001 860 1035; baseline 0.006 -8"><span class='ocrx_word' id='word_1_229' title='bbox 61 1001 167 1028; x_wconf 86' lang='lat' dir='ltr'><strong>dititias</strong></span> <span class='ocrx_word' id='word_1_230' title='bbox 179 1001 244 1028; x_wconf 86' lang='lat' dir='ltr'><strong>illas</strong></span> <span class='ocrx_word' id='word_1_231' title='bbox 259 1001 391 1035; x_wconf 75' lang='lat' dir='ltr'><strong>epistolas</strong></span> <span class='ocrx_word' id='word_1_232' title='bbox 408 1009 469 1029; x_wconf 88' lang='lat' dir='ltr'><strong>esse</strong></span> <span class='ocrx_word' id='word_1_233' title='bbox 483 1002 624 1030; x_wconf 81' lang='lat' dir='ltr'><strong>Sinithens</strong></span> <span class='ocrx_word' id='word_1_234' title='bbox 652 1003 746 1031; x_wconf 82' lang='lat' dir='ltr'><strong>dicet?</strong></span> <span class='ocrx_word' id='word_1_235' title='bbox 760 1004 860 1032; x_wconf 73' lang='lat' dir='ltr'><strong>Verum</strong></span> 
     </span>
    </p>
   </div>
   <div class='ocr_carea' id='block_1_37' title="bbox 62 1048 859 1084">
    <p class='ocr_par' dir='ltr' id='par_1_37' title="bbox 62 1048 859 1084">
     <span class='ocr_line' id='line_1_37' title="bbox 62 1048 859 1084; baseline 0.008 -11"><span class='ocrx_word' id='word_1_236' title='bbox 62 1055 108 1074; x_wconf 77' lang='lat' dir='ltr'><strong>eas</strong></span> <span class='ocrx_word' id='word_1_237' title='bbox 126 1055 159 1074; x_wconf 78' lang='lat' dir='ltr'><strong>ex</strong></span> <span class='ocrx_word' id='word_1_238' title='bbox 179 1048 344 1075; x_wconf 84' lang='lat' dir='ltr'><strong>authentico</strong></span> <span class='ocrx_word' id='word_1_239' title='bbox 358 1048 506 1083; x_wconf 74' lang='lat' dir='ltr'><strong>exemplari</strong></span> <span class='ocrx_word' id='word_1_240' title='bbox 526 1049 681 1084; x_wconf 86' lang='lat' dir='ltr'><strong>descriptas</strong></span> <span class='ocrx_word' id='word_1_241' title='bbox 696 1050 859 1078; x_wconf 35' lang='lat' dir='ltr'><strong>Constantis</strong></span> 
     </span>
    </p>
   </div>
   <div class='ocr_carea' id='block_1_38' title="bbox 64 1093 859 1129">
    <p class='ocr_par' dir='ltr' id='par_1_38' title="bbox 64 1093 859 1129">
     <span class='ocr_line' id='line_1_38' title="bbox 64 1093 859 1129; baseline 0.004 -8"><span class='ocrx_word' id='word_1_242' title='bbox 64 1094 176 1129; x_wconf 87' lang='lat' dir='ltr'><strong>nopolin</strong></span> <span class='ocrx_word' id='word_1_243' title='bbox 194 1095 229 1122; x_wconf 90' lang='lat' dir='ltr'><strong>ad</strong></span> <span class='ocrx_word' id='word_1_244' title='bbox 250 1093 439 1129; x_wconf 73' lang='lat' dir='ltr'><strong>Panagiottem</strong></span> <span class='ocrx_word' id='word_1_245' title='bbox 457 1095 535 1122; x_wconf 88' lang='lat' dir='ltr'><strong>misit</strong></span> <span class='ocrx_word' id='word_1_246' title='bbox 551 1095 661 1124; x_wconf 73' lang='lat' dir='ltr'><strong>Peisius</strong></span> <span class='ocrx_word' id='word_1_247' title='bbox 689 1097 859 1124; x_wconf 79' lang='lat' dir='ltr'><strong>Alexandri-</strong></span> 
     </span>
    </p>
   </div>
   <div class='ocr_carea' id='block_1_39' title="bbox 65 1141 859 1177">
    <p class='ocr_par' dir='ltr' id='par_1_39' title="bbox 65 1141 859 1177">
     <span class='ocr_line' id='line_1_39' title="bbox 65 1141 859 1177; baseline 0.005 -10"><span class='ocrx_word' id='word_1_248' title='bbox 65 1149 115 1167; x_wconf 80' lang='lat' dir='ltr'><strong>nus</strong></span> <span class='ocrx_word' id='word_1_249' title='bbox 131 1141 296 1175; x_wconf 82' lang='lat' dir='ltr'><strong>patriarcha</strong></span> <span class='ocrx_word' id='word_1_250' title='bbox 316 1150 323 1169; x_wconf 93' lang='lat'><strong><em>:</em></strong></span> <span class='ocrx_word' id='word_1_251' title='bbox 342 1146 370 1168; x_wconf 87' lang='lat' dir='ltr'><strong>et</strong></span> <span class='ocrx_word' id='word_1_252' title='bbox 386 1141 717 1177; x_wconf 74' lang='lat' dir='ltr'><strong>Constantinopolitanae</strong></span> <span class='ocrx_word' id='word_1_253' title='bbox 743 1143 859 1171; x_wconf 80' lang='lat' dir='ltr'><strong>Callini-</strong></span> 
     </span>
    </p>
   </div>
   <div class='ocr_carea' id='block_1_40' title="bbox 64 1187 856 1226">
    <p class='ocr_par' dir='ltr' id='par_1_40' title="bbox 64 1187 856 1226">
     <span class='ocr_line' id='line_1_40' title="bbox 64 1187 856 1226; baseline 0.005 -12"><span class='ocrx_word' id='word_1_254' title='bbox 64 1196 112 1215; x_wconf 81' lang='lat' dir='ltr'><strong>cus</strong></span> <span class='ocrx_word' id='word_1_255' title='bbox 131 1188 158 1215; x_wconf 94' lang='lat' dir='ltr'><strong>in</strong></span> <span class='ocrx_word' id='word_1_256' title='bbox 177 1187 305 1223; x_wconf 76' lang='lat' dir='ltr'><strong>synodali</strong></span> <span class='ocrx_word' id='word_1_257' title='bbox 321 1188 482 1216; x_wconf 83' lang='lat' dir='ltr'><strong>definitione</strong></span> <span class='ocrx_word' id='word_1_258' title='bbox 495 1190 560 1216; x_wconf 89' lang='lat' dir='ltr'><strong>anni</strong></span> <span class='ocrx_word' id='word_1_259' title='bbox 574 1189 654 1217; x_wconf 87' lang='grc'>1691.</span> <span class='ocrx_word' id='word_1_260' title='bbox 665 1191 737 1217; x_wconf 89' lang='lat' dir='ltr'><strong>inter</strong></span> <span class='ocrx_word' id='word_1_261' title='bbox 749 1198 798 1218; x_wconf 81' lang='lat' dir='ltr'><strong>eos</strong></span> <span class='ocrx_word' id='word_1_262' title='bbox 810 1191 856 1226; x_wconf 85' lang='lat' dir='ltr'><strong>qui</strong></span> 
     </span>
    </p>
   </div>
   <div class='ocr_carea' id='block_1_41' title="bbox 66 1235 862 1269">
    <p class='ocr_par' dir='ltr' id='par_1_41' title="bbox 66 1235 862 1269">
     <span class='ocr_line' id='line_1_41' title="bbox 66 1235 862 1269; baseline 0.005 -8"><span class='ocrx_word' id='word_1_263' title='bbox 66 1235 389 1263; x_wconf 82' lang='lat' dir='ltr'><strong>transsubstantiationis</strong></span> <span class='ocrx_word' id='word_1_264' title='bbox 406 1243 474 1263; x_wconf 85' lang='lat' dir='ltr'><strong>voce</strong></span> <span class='ocrx_word' id='word_1_265' title='bbox 497 1236 541 1264; x_wconf 86' lang='lat' dir='ltr'><strong>usi</strong></span> <span class='ocrx_word' id='word_1_266' title='bbox 561 1242 637 1269; x_wconf 86' lang='lat' dir='ltr'><strong>sunt,</strong></span> <span class='ocrx_word' id='word_1_267' title='bbox 657 1236 795 1264; x_wconf 85' lang='lat' dir='ltr'><strong>Meietiom</strong></span> <span class='ocrx_word' id='word_1_268' title='bbox 816 1237 862 1266; x_wconf 82' lang='lat' dir='ltr'><strong>l’i—</strong></span> 
     </span>
    </p>
   </div>
   <div class='ocr_carea' id='block_1_42' title="bbox 66 1281 311 1316">
    <p class='ocr_par' dir='ltr' id='par_1_42' title="bbox 66 1281 311 1316">
     <span class='ocr_line' id='line_1_42' title="bbox 66 1281 311 1316; baseline 0.008 -9"><span class='ocrx_word' id='word_1_269' title='bbox 66 1289 125 1316; x_wconf 60' lang='lat' dir='ltr'><strong>sam</strong></span> <span class='ocrx_word' id='word_1_270' title='bbox 142 1281 311 1309; x_wconf 80' lang='lat' dir='ltr'><strong>numeravit.</strong></span> 
     </span>
    </p>
   </div>
   <div class='ocr_carea' id='block_1_43' title="bbox 101 1326 861 1366">
    <p class='ocr_par' dir='ltr' id='par_1_43' title="bbox 101 1326 861 1366">
     <span class='ocr_line' id='line_1_43' title="bbox 101 1326 861 1366; baseline 0.004 -12"><span class='ocrx_word' id='word_1_271' title='bbox 101 1326 206 1354; x_wconf 83' lang='lat' dir='ltr'><strong>Eadem</strong></span> <span class='ocrx_word' id='word_1_272' title='bbox 235 1328 404 1355; x_wconf 77' lang='lat' dir='ltr'><strong>auctoritate</strong></span> <span class='ocrx_word' id='word_1_273' title='bbox 416 1328 580 1366; x_wconf 60' lang='lat' dir='ltr'><strong>patriarchae</strong></span> <span class='ocrx_word' id='word_1_274' title='bbox 608 1328 861 1364; x_wconf 53' lang='lat' dir='ltr'><strong>Constantinopoli-</strong></span> 
     </span>
    </p>
   </div>
   <div class='ocr_carea' id='block_1_44' title="bbox 69 1373 862 1411">
    <p class='ocr_par' dir='ltr' id='par_1_44' title="bbox 69 1373 862 1411">
     <span class='ocr_line' id='line_1_44' title="bbox 69 1373 862 1411; baseline 0.004 -11"><span class='ocrx_word' id='word_1_275' title='bbox 69 1374 135 1406; x_wconf 71' lang='lat' dir='ltr'><strong>tani,</strong></span> <span class='ocrx_word' id='word_1_276' title='bbox 156 1379 184 1402; x_wconf 90' lang='lat' dir='ltr'><strong>et</strong></span> <span class='ocrx_word' id='word_1_277' title='bbox 197 1373 497 1409; x_wconf 69' lang='lat' dir='ltr'><strong>Dositheipatriarchaz</strong></span> <span class='ocrx_word' id='word_1_278' title='bbox 522 1375 765 1411; x_wconf 87' lang='lat' dir='ltr'><strong>llierosolymitani</strong></span> <span class='ocrx_word' id='word_1_279' title='bbox 795 1384 862 1404; x_wconf 90' lang='lat' dir='ltr'><strong>con-</strong></span> 
     </span>
    </p>
   </div>
   <div class='ocr_carea' id='block_1_45' title="bbox 69 1419 860 1455">
    <p class='ocr_par' dir='ltr' id='par_1_45' title="bbox 69 1419 860 1455">
     <span class='ocr_line' id='line_1_45' title="bbox 69 1419 860 1455; baseline 0.004 -9"><span class='ocrx_word' id='word_1_280' title='bbox 69 1419 195 1446; x_wconf 82' lang='lat' dir='ltr'><strong>ﬁrmatur</strong></span> <span class='ocrx_word' id='word_1_281' title='bbox 206 1427 239 1447; x_wconf 82' lang='lat' dir='ltr'><strong>ea</strong></span> <span class='ocrx_word' id='word_1_282' title='bbox 250 1427 332 1454; x_wconf 88' lang='lat' dir='ltr'><strong>quam</strong></span> <span class='ocrx_word' id='word_1_283' title='bbox 351 1420 491 1448; x_wconf 88' lang='lat' dir='ltr'><strong>Smitheus</strong></span> <span class='ocrx_word' id='word_1_284' title='bbox 504 1426 644 1455; x_wconf 81' lang='lat' dir='ltr'><strong>oppugnat</strong></span> <span class='ocrx_word' id='word_1_285' title='bbox 659 1421 794 1449; x_wconf 83' lang='lat' dir='ltr'><strong>Gennadii</strong></span> <span class='ocrx_word' id='word_1_286' title='bbox 810 1423 860 1450; x_wconf 91' lang='lat' dir='ltr'><strong>ho-</strong></span> 
     </span>
    </p>
   </div>
   <div class='ocr_carea' id='block_1_46' title="bbox 69 1465 861 1503">
    <p class='ocr_par' dir='ltr' id='par_1_46' title="bbox 69 1465 861 1503">
     <span class='ocr_line' id='line_1_46' title="bbox 69 1465 861 1503; baseline 0.003 -11"><span class='ocrx_word' id='word_1_287' title='bbox 69 1466 150 1493; x_wconf 78' lang='lat' dir='ltr'><strong>iniiia.</strong></span> <span class='ocrx_word' id='word_1_288' title='bbox 168 1465 260 1493; x_wconf 79' lang='lat' dir='ltr'><strong>Verba</strong></span> <span class='ocrx_word' id='word_1_289' title='bbox 277 1469 342 1493; x_wconf 88' lang='lat' dir='ltr'><strong>sunt</strong></span> <span class='ocrx_word' id='word_1_290' title='bbox 358 1474 366 1492; x_wconf 90' lang='lat'><strong>:</strong></span> <span class='ocrx_word' id='word_1_291' title='bbox 383 1465 440 1493; x_wconf 82' lang='lat' dir='ltr'><strong>Usa</strong></span> <span class='ocrx_word' id='word_1_292' title='bbox 467 1474 546 1499; x_wconf 85' lang='lat' dir='ltr'><strong>porro</strong></span> <span class='ocrx_word' id='word_1_293' title='bbox 561 1474 591 1503; x_wconf 79' lang='lat' dir='ltr'><strong>ea</strong></span> <span class='ocrx_word' id='word_1_294' title='bbox 617 1466 694 1501; x_wconf 83' lang='lat' dir='ltr'><strong>(voce</strong></span> <span class='ocrx_word' id='word_1_295' title='bbox 720 1469 861 1494; x_wconf 68' lang='lat' dir='ltr'><strong>transsui;-</strong></span> 
     </span>
    </p>
   </div>
   <div class='ocr_carea' id='block_1_47' title="bbox 69 1511 860 1548">
    <p class='ocr_par' dir='ltr' id='par_1_47' title="bbox 69 1511 860 1548">
     <span class='ocr_line' id='line_1_47' title="bbox 69 1511 860 1548; baseline 0 -8"><span class='ocrx_word' id='word_1_296' title='bbox 69 1513 263 1546; x_wconf 77' lang='lat' dir='ltr'><strong>ttantiationis)</strong></span> <span class='ocrx_word' id='word_1_297' title='bbox 283 1511 404 1539; x_wconf 73' lang='lat' dir='ltr'><strong>Ecclesia</strong></span> <span class='ocrx_word' id='word_1_298' title='bbox 420 1516 469 1544; x_wconf 73' lang='lat' dir='ltr'><strong>est,</strong></span> <span class='ocrx_word' id='word_1_299' title='bbox 492 1512 618 1547; x_wconf 75' lang='lat' dir='ltr'><strong>quoniam</strong></span> <span class='ocrx_word' id='word_1_300' title='bbox 642 1521 688 1540; x_wconf 82' lang='lat' dir='ltr'><strong>nec</strong></span> <span class='ocrx_word' id='word_1_301' title='bbox 720 1514 860 1548; x_wconf 71' lang='grc' dir='ltr'><strong>ατῳιάυοεὶσ</strong></span> 
     </span>
    </p>
   </div>
   <div class='ocr_carea' id='block_1_48' title="bbox 69 1558 864 1594">
    <p class='ocr_par' dir='ltr' id='par_1_48' title="bbox 69 1558 864 1594">
     <span class='ocr_line' id='line_1_48' title="bbox 69 1558 864 1594; baseline 0.001 -8"><span class='ocrx_word' id='word_1_302' title='bbox 69 1559 220 1593; x_wconf 69' lang='lat' dir='ltr'><strong>subjicitur.</strong></span> <span class='ocrx_word' id='word_1_303' title='bbox 233 1562 259 1585; x_wconf 79' lang='lat' dir='ltr'><strong>et</strong></span> <span class='ocrx_word' id='word_1_304' title='bbox 273 1559 514 1592; x_wconf 74' lang='lat' dir='ltr'><strong>supcratomnium</strong></span> <span class='ocrx_word' id='word_1_305' title='bbox 543 1558 730 1586; x_wconf 67' lang='lat' dir='ltr'><strong>hereticorum</strong></span> <span class='ocrx_word' id='word_1_306' title='bbox 760 1561 864 1594; x_wconf 73' lang='lat' dir='ltr'><strong>sap/ais-</strong></span> 
     </span>
    </p>
   </div>
   <div class='ocr_carea' id='block_1_49' title="bbox 72 1600 863 1637">
    <p class='ocr_par' dir='ltr' id='par_1_49' title="bbox 72 1600 863 1637">
     <span class='ocr_line' id='line_1_49' title="bbox 72 1600 863 1637; baseline 0.004 -7"><span class='ocrx_word' id='word_1_307' title='bbox 72 1611 154 1632; x_wconf 83' lang='lat' dir='ltr'><strong>mata.</strong></span> <span class='ocrx_word' id='word_1_308' title='bbox 175 1600 232 1632; x_wconf 76' lang='lat' dir='ltr'><strong>Nec</strong></span> <span class='ocrx_word' id='word_1_309' title='bbox 252 1612 336 1631; x_wconf 79' lang='lat' dir='ltr'><strong>eama</strong></span> <span class='ocrx_word' id='word_1_310' title='bbox 353 1603 588 1631; x_wconf 78' lang='lat' dir='ltr'><strong>Latinismutuuta</strong></span> <span class='ocrx_word' id='word_1_311' title='bbox 618 1610 668 1637; x_wconf 72' lang='lat' dir='ltr'><strong>est.</strong></span> <span class='ocrx_word' id='word_1_312' title='bbox 697 1606 742 1632; x_wconf 71' lang='lat' dir='ltr'><strong>sed</strong></span> <span class='ocrx_word' id='word_1_313' title='bbox 765 1611 804 1632; x_wconf 81' lang='lat' dir='ltr'><strong>est</strong></span> <span class='ocrx_word' id='word_1_314' title='bbox 831 1614 863 1633; x_wconf 79' lang='lat' dir='ltr'><strong>ea</strong></span> 
     </span>
    </p>
   </div>
   <div class='ocr_carea' id='block_1_50' title="bbox 69 1651 862 1686">
    <p class='ocr_par' dir='ltr' id='par_1_50' title="bbox 69 1651 862 1686">
     <span class='ocr_line' id='line_1_50' title="bbox 69 1651 862 1686; baseline 0.001 -7"><span class='ocrx_word' id='word_1_315' title='bbox 69 1661 126 1679; x_wconf 77' lang='lat' dir='ltr'><strong>uoce</strong></span> <span class='ocrx_word' id='word_1_316' title='bbox 141 1653 232 1679; x_wconf 82' lang='lat' dir='ltr'><strong>ditata</strong></span> <span class='ocrx_word' id='word_1_317' title='bbox 245 1656 307 1679; x_wconf 80' lang='lat' dir='ltr'><strong>ante</strong></span> <span class='ocrx_word' id='word_1_318' title='bbox 323 1660 407 1679; x_wconf 76' lang='lat' dir='ltr'><strong>annos</strong></span> <span class='ocrx_word' id='word_1_319' title='bbox 422 1651 566 1686; x_wconf 77' lang='lat' dir='ltr'><strong>plurimas.</strong></span> <span class='ocrx_word' id='word_1_320' title='bbox 578 1660 595 1679; x_wconf 84' lang='grc' dir='ltr'><strong>ιι</strong></span> <span class='ocrx_word' id='word_1_321' title='bbox 612 1651 765 1680; x_wconf 71' lang='lat' dir='ltr'><strong>domesticis</strong></span> <span class='ocrx_word' id='word_1_322' title='bbox 783 1657 807 1680; x_wconf 83' lang='lat' dir='ltr'><strong>et</strong></span> <span class='ocrx_word' id='word_1_323' title='bbox 823 1652 862 1680; x_wconf 80' lang='lat' dir='ltr'><strong>Ie-</strong></span> 
     </span>
    </p>
   </div>
   <div class='ocr_carea' id='block_1_51' title="bbox 70 1698 864 1735">
    <p class='ocr_par' dir='ltr' id='par_1_51' title="bbox 70 1698 864 1735">
     <span class='ocr_line' id='line_1_51' title="bbox 70 1698 864 1735; baseline -0.003 -8"><span class='ocrx_word' id='word_1_324' title='bbox 70 1700 167 1735; x_wconf 76' lang='lat' dir='ltr'><strong>gitimis</strong></span> <span class='ocrx_word' id='word_1_325' title='bbox 184 1700 242 1726; x_wconf 74' lang='lat' dir='ltr'><strong>suis</strong></span> <span class='ocrx_word' id='word_1_326' title='bbox 258 1698 413 1725; x_wconf 69' lang='lat' dir='ltr'><strong>orlltodoxis</strong></span> <span class='ocrx_word' id='word_1_327' title='bbox 424 1698 591 1729; x_wconf 75' lang='lat' dir='ltr'><strong>doctoribus.</strong></span> <span class='ocrx_word' id='word_1_328' title='bbox 602 1702 631 1725; x_wconf 85' lang='lat' dir='ltr'><strong>ut</strong></span> <span class='ocrx_word' id='word_1_329' title='bbox 658 1703 809 1734; x_wconf 80' lang='lat' dir='ltr'><strong>promptum</strong></span> <span class='ocrx_word' id='word_1_330' title='bbox 825 1700 864 1726; x_wconf 83' lang='lat' dir='ltr'><strong>vi-</strong></span> 
     </span>
    </p>
   </div>
   <div class='ocr_carea' id='block_1_52' title="bbox 70 1744 856 1779">
    <p class='ocr_par' dir='ltr' id='par_1_52' title="bbox 70 1744 856 1779">
     <span class='ocr_line' id='line_1_52' title="bbox 70 1744 856 1779; baseline 0 -7"><span class='ocrx_word' id='word_1_331' title='bbox 70 1751 125 1772; x_wconf 63' lang='lat' dir='ltr'><strong>dere</strong></span> <span class='ocrx_word' id='word_1_332' title='bbox 135 1751 174 1772; x_wconf 75' lang='lat' dir='ltr'><strong>est</strong></span> <span class='ocrx_word' id='word_1_333' title='bbox 192 1753 227 1772; x_wconf 65' lang='lat' dir='ltr'><strong>ex</strong></span> <span class='ocrx_word' id='word_1_334' title='bbox 244 1744 439 1771; x_wconf 76' lang='lat' dir='ltr'><strong>commentariis</strong></span> <span class='ocrx_word' id='word_1_335' title='bbox 464 1752 532 1771; x_wconf 68' lang='lat' dir='ltr'><strong>certe</strong></span> <span class='ocrx_word' id='word_1_336' title='bbox 546 1744 682 1779; x_wconf 71' lang='lat' dir='ltr'><strong>religionis</strong></span> <span class='ocrx_word' id='word_1_337' title='bbox 706 1745 856 1779; x_wconf 72' lang='lat' dir='ltr'><strong>defensoris</strong></span> 
     </span>
    </p>
   </div>
   <div class='ocr_carea' id='block_1_53' title="bbox 70 1789 861 1826">
    <p class='ocr_par' dir='ltr' id='par_1_53' title="bbox 70 1789 861 1826">
     <span class='ocr_line' id='line_1_53' title="bbox 70 1789 861 1826; baseline -0.003 -7"><span class='ocrx_word' id='word_1_338' title='bbox 70 1793 138 1819; x_wconf 77' lang='lat' dir='ltr'><strong>illius</strong></span> <span class='ocrx_word' id='word_1_339' title='bbox 149 1791 252 1819; x_wconf 77' lang='lat' dir='ltr'><strong>domini</strong></span> <span class='ocrx_word' id='word_1_340' title='bbox 261 1790 392 1818; x_wconf 79' lang='lat' dir='ltr'><strong>Geunadii</strong></span> <span class='ocrx_word' id='word_1_341' title='bbox 398 1791 559 1826; x_wconf 70' lang='lat' dir='ltr'><strong>patriarcha</strong></span> <span class='ocrx_word' id='word_1_342' title='bbox 565 1789 861 1825; x_wconf 74' lang='lat' dir='ltr'><strong>Constantinopolitani,</strong></span> 
     </span>
    </p>
   </div>
   <div class='ocr_carea' id='block_1_54' title="bbox 71 1836 863 1873">
    <p class='ocr_par' dir='ltr' id='par_1_54' title="bbox 71 1836 863 1873">
     <span class='ocr_line' id='line_1_54' title="bbox 71 1836 863 1873; baseline -0.001 -8"><span class='ocrx_word' id='word_1_343' title='bbox 71 1839 112 1873; x_wconf 81' lang='lat' dir='ltr'><strong>qui</strong></span> <span class='ocrx_word' id='word_1_344' title='bbox 128 1846 219 1865; x_wconf 82' lang='lat' dir='ltr'><strong>coram</strong></span> <span class='ocrx_word' id='word_1_345' title='bbox 235 1836 391 1863; x_wconf 70' lang='lat' dir='ltr'><strong>orthodoxi:</strong></span> <span class='ocrx_word' id='word_1_346' title='bbox 403 1836 621 1870; x_wconf 71' lang='lat' dir='ltr'><strong>imperatoribus,</strong></span> <span class='ocrx_word' id='word_1_347' title='bbox 631 1841 654 1863; x_wconf 81' lang='lat' dir='ltr'><strong>et</strong></span> <span class='ocrx_word' id='word_1_348' title='bbox 665 1837 717 1871; x_wconf 77' lang='lat' dir='ltr'><strong>piis</strong></span> <span class='ocrx_word' id='word_1_349' title='bbox 745 1838 863 1871; x_wconf 80' lang='lat' dir='ltr'><strong>patriar-</strong></span> 
     </span>
    </p>
   </div>
   <div class='ocr_carea' id='block_1_55' title="bbox 72 1882 862 1917">
    <p class='ocr_par' dir='ltr' id='par_1_55' title="bbox 72 1882 862 1917">
     <span class='ocr_line' id='line_1_55' title="bbox 72 1882 862 1917; baseline 0 -7"><span class='ocrx_word' id='word_1_350' title='bbox 72 1884 122 1911; x_wconf 77' lang='lat' dir='ltr'><strong>rhis</strong></span> <span class='ocrx_word' id='word_1_351' title='bbox 136 1892 168 1910; x_wconf 82' lang='lat' dir='ltr'><strong>ac</strong></span> <span class='ocrx_word' id='word_1_352' title='bbox 182 1890 264 1910; x_wconf 72' lang='lat' dir='ltr'><strong>sacro</strong></span> <span class='ocrx_word' id='word_1_353' title='bbox 279 1886 382 1914; x_wconf 74' lang='lat' dir='ltr'><strong>senatu,</strong></span> <span class='ocrx_word' id='word_1_354' title='bbox 399 1882 513 1917; x_wconf 73' lang='lat' dir='ltr'><strong>ipsisque</strong></span> <span class='ocrx_word' id='word_1_355' title='bbox 524 1882 679 1909; x_wconf 80' lang='lat' dir='ltr'><strong>doctoribus</strong></span> <span class='ocrx_word' id='word_1_356' title='bbox 705 1888 785 1910; x_wconf 65' lang='lat' dir='ltr'><strong>recta:</strong></span> <span class='ocrx_word' id='word_1_357' title='bbox 800 1883 862 1917; x_wconf 76' lang='lat' dir='ltr'><strong>ﬁdei</strong></span> 
     </span>
    </p>
   </div>
   <div class='ocr_carea' id='block_1_56' title="bbox 72 1929 860 1964">
    <p class='ocr_par' dir='ltr' id='par_1_56' title="bbox 72 1929 860 1964">
     <span class='ocr_line' id='line_1_56' title="bbox 72 1929 860 1964; baseline 0.004 -9"><span class='ocrx_word' id='word_1_358' title='bbox 72 1936 177 1961; x_wconf 74' lang='lat' dir='ltr'><strong>unum,</strong></span> <span class='ocrx_word' id='word_1_359' title='bbox 190 1937 239 1964; x_wconf 80' lang='lat' dir='ltr'><strong>per</strong></span> <span class='ocrx_word' id='word_1_360' title='bbox 254 1929 322 1955; x_wconf 79' lang='lat' dir='ltr'><strong>hanc</strong></span> <span class='ocrx_word' id='word_1_361' title='bbox 333 1936 418 1956; x_wconf 81' lang='lat' dir='ltr'><strong>uocem</strong></span> <span class='ocrx_word' id='word_1_362' title='bbox 435 1933 464 1955; x_wconf 82' lang='lat' dir='ltr'><strong>ut</strong></span> <span class='ocrx_word' id='word_1_363' title='bbox 476 1933 538 1956; x_wconf 77' lang='lat' dir='ltr'><strong>ante</strong></span> <span class='ocrx_word' id='word_1_364' title='bbox 555 1930 700 1964; x_wconf 82' lang='lat' dir='ltr'><strong>cognitam,</strong></span> <span class='ocrx_word' id='word_1_365' title='bbox 728 1934 807 1964; x_wconf 83' lang='lat' dir='ltr'><strong>atque</strong></span> <span class='ocrx_word' id='word_1_366' title='bbox 828 1930 860 1958; x_wconf 79' lang='lat' dir='ltr'><strong>ab</strong></span> 
     </span>
    </p>
   </div>
   <div class='ocr_carea' id='block_1_57' title="bbox 73 1975 859 2011">
    <p class='ocr_par' dir='ltr' id='par_1_57' title="bbox 73 1975 859 2011">
     <span class='ocr_line' id='line_1_57' title="bbox 73 1975 859 2011; baseline 0.001 -8"><span class='ocrx_word' id='word_1_367' title='bbox 73 1976 190 2003; x_wconf 67' lang='lat' dir='ltr'><strong>Ecclesia</strong></span> <span class='ocrx_word' id='word_1_368' title='bbox 220 1980 361 2009; x_wconf 72' lang='lat' dir='ltr'><strong>receptant,</strong></span> <span class='ocrx_word' id='word_1_369' title='bbox 391 1983 438 2008; x_wconf 85' lang='lat' dir='ltr'><strong>pro</strong></span> <span class='ocrx_word' id='word_1_370' title='bbox 462 1975 509 2002; x_wconf 80' lang='lat' dir='ltr'><strong>hoc</strong></span> <span class='ocrx_word' id='word_1_371' title='bbox 537 1976 661 2010; x_wconf 78' lang='lat' dir='ltr'><strong>mysterio</strong></span> <span class='ocrx_word' id='word_1_372' title='bbox 688 1976 859 2011; x_wconf 82' lang='lat' dir='ltr'><strong>depugnavit.</strong></span> 
     </span>
    </p>
   </div>
   <div class='ocr_carea' id='block_1_58' title="bbox 74 2021 860 2057">
    <p class='ocr_par' dir='ltr' id='par_1_58' title="bbox 74 2021 860 2057">
     <span class='ocr_line' id='line_1_58' title="bbox 74 2021 860 2057; baseline 0.001 -7"><span class='ocrx_word' id='word_1_373' title='bbox 74 2023 145 2050; x_wconf 80' lang='lat' dir='ltr'><strong>Edita</strong></span> <span class='ocrx_word' id='word_1_374' title='bbox 162 2027 205 2050; x_wconf 81' lang='lat' dir='ltr'><strong>est</strong></span> <span class='ocrx_word' id='word_1_375' title='bbox 223 2021 318 2049; x_wconf 60' lang='lat' dir='ltr'><strong>Grece</strong></span> <span class='ocrx_word' id='word_1_376' title='bbox 343 2021 482 2057; x_wconf 83' lang='lat' dir='ltr'><strong>synodalis</strong></span> <span class='ocrx_word' id='word_1_377' title='bbox 511 2021 557 2048; x_wconf 88' lang='lat' dir='ltr'><strong>illa</strong></span> <span class='ocrx_word' id='word_1_378' title='bbox 589 2022 716 2050; x_wconf 82' lang='lat' dir='ltr'><strong>Deﬁnitio</strong></span> <span class='ocrx_word' id='word_1_379' title='bbox 743 2022 812 2050; x_wconf 78' lang='lat' dir='ltr'><strong>Jasii</strong></span> <span class='ocrx_word' id='word_1_380' title='bbox 833 2024 860 2051; x_wconf 93' lang='lat' dir='ltr'><strong>in</strong></span> 
     </span>
    </p>
   </div>
   <div class='ocr_carea' id='block_1_59' title="bbox 73 2066 860 2104">
    <p class='ocr_par' dir='ltr' id='par_1_59' title="bbox 73 2066 860 2104">
     <span class='ocr_line' id='line_1_59' title="bbox 73 2066 860 2104; baseline 0.001 -9"><span class='ocrx_word' id='word_1_381' title='bbox 73 2067 219 2099; x_wconf 81' lang='lat' dir='ltr'><strong>llohtavia,</strong></span> <span class='ocrx_word' id='word_1_382' title='bbox 235 2074 309 2094; x_wconf 85' lang='lat' dir='ltr'><strong>anno</strong></span> <span class='ocrx_word' id='word_1_383' title='bbox 326 2067 406 2100; x_wconf 73' lang='lat' dir='ltr'><strong>i694,</strong></span> <span class='ocrx_word' id='word_1_384' title='bbox 423 2074 437 2093; x_wconf 78' lang='grc' dir='ltr'><strong>ιι</strong></span> <span class='ocrx_word' id='word_1_385' title='bbox 455 2066 586 2094; x_wconf 86' lang='lat' dir='ltr'><strong>Dositheo</strong></span> <span class='ocrx_word' id='word_1_386' title='bbox 610 2066 860 2104; x_wconf 79' lang='lat' dir='ltr'><strong>Hierosolymitano</strong></span> 
     </span>
    </p>
   </div>
   <div class='ocr_carea' id='block_1_60' title="bbox 73 2111 859 2148">
    <p class='ocr_par' dir='ltr' id='par_1_60' title="bbox 73 2111 859 2148">
     <span class='ocr_line' id='line_1_60' title="bbox 73 2111 859 2148; baseline 0 -7"><span class='ocrx_word' id='word_1_387' title='bbox 73 2114 97 2141; x_wconf 89' lang='lat' dir='ltr'><strong>in</strong></span> <span class='ocrx_word' id='word_1_388' title='bbox 110 2114 178 2142; x_wconf 86' lang='lat' dir='ltr'><strong>libro</strong></span> <span class='ocrx_word' id='word_1_389' title='bbox 190 2118 286 2140; x_wconf 90' lang='lat' dir='ltr'><strong>contra</strong></span> <span class='ocrx_word' id='word_1_390' title='bbox 299 2111 431 2140; x_wconf 80' lang='lat' dir='ltr'><strong>Joannem</strong></span> <span class='ocrx_word' id='word_1_391' title='bbox 446 2111 654 2148; x_wconf 83' lang='lat' dir='ltr'><strong>Caryophyiium</strong></span> <span class='ocrx_word' id='word_1_392' title='bbox 668 2113 859 2148; x_wconf 71' lang='lat' dir='ltr'><strong>Logothetam,</strong></span> 
     </span>
    </p>
   </div>
   <div class='ocr_carea' id='block_1_61' title="bbox 73 2159 858 2194">
    <p class='ocr_par' dir='ltr' id='par_1_61' title="bbox 73 2159 858 2194">
     <span class='ocr_line' id='line_1_61' title="bbox 73 2159 858 2194; baseline 0 -7"><span class='ocrx_word' id='word_1_393' title='bbox 73 2160 114 2187; x_wconf 82' lang='lat' dir='ltr'><strong>sed</strong></span> <span class='ocrx_word' id='word_1_394' title='bbox 127 2168 189 2187; x_wconf 79' lang='lat' dir='ltr'><strong>cum</strong></span> <span class='ocrx_word' id='word_1_395' title='bbox 205 2159 262 2186; x_wconf 92' lang='lat' dir='ltr'><strong>huc</strong></span> <span class='ocrx_word' id='word_1_396' title='bbox 274 2166 362 2194; x_wconf 87' lang='lat' dir='ltr'><strong>usque</strong></span> <span class='ocrx_word' id='word_1_397' title='bbox 378 2159 453 2186; x_wconf 86' lang='lat' dir='ltr'><strong>illum</strong></span> <span class='ocrx_word' id='word_1_398' title='bbox 467 2159 568 2186; x_wconf 82' lang='lat' dir='ltr'><strong>habere</strong></span> <span class='ocrx_word' id='word_1_399' title='bbox 594 2166 647 2185; x_wconf 91' lang='lat' dir='ltr'><strong>non</strong></span> <span class='ocrx_word' id='word_1_400' title='bbox 678 2161 858 2193; x_wconf 77' lang='lat' dir='ltr'><strong>potuerimus.</strong></span> 
     </span>
    </p>
   </div>
   <div class='ocr_carea' id='block_1_62' title="bbox 911 909 1706 947">
    <p class='ocr_par' dir='ltr' id='par_1_62' title="bbox 911 909 1706 947">
     <span class='ocr_line' id='line_1_62' title="bbox 911 909 1706 947; baseline -0.006 -8"><span class='ocrx_word' id='word_1_401' title='bbox 911 911 957 947; x_wconf 85' lang='lat' dir='ltr'><strong>qui</strong></span> <span class='ocrx_word' id='word_1_402' title='bbox 976 911 1106 946; x_wconf 91' lang='lat' dir='ltr'><strong>Spiritum</strong></span> <span class='ocrx_word' id='word_1_403' title='bbox 1123 920 1138 938; x_wconf 90' lang='lat' dir='ltr'><strong>a</strong></span> <span class='ocrx_word' id='word_1_404' title='bbox 1152 912 1231 939; x_wconf 85' lang='lat' dir='ltr'><strong>Patre</strong></span> <span class='ocrx_word' id='word_1_405' title='bbox 1248 911 1306 938; x_wconf 90' lang='lat' dir='ltr'><strong>solo</strong></span> <span class='ocrx_word' id='word_1_406' title='bbox 1322 911 1472 946; x_wconf 73' lang='lat' dir='ltr'><strong>procedere</strong></span> <span class='ocrx_word' id='word_1_407' title='bbox 1506 910 1635 942; x_wconf 82' lang='lat' dir='ltr'><strong>credunt,</strong></span> <span class='ocrx_word' id='word_1_408' title='bbox 1652 909 1706 936; x_wconf 76' lang='lat' dir='ltr'><strong>do-</strong></span> 
     </span>
    </p>
   </div>
   <div class='ocr_carea' id='block_1_63' title="bbox 912 958 1704 996">
    <p class='ocr_par' dir='ltr' id='par_1_63' title="bbox 912 958 1704 996">
     <span class='ocr_line' id='line_1_63' title="bbox 912 958 1704 996; baseline -0.001 -9"><span class='ocrx_word' id='word_1_409' title='bbox 912 965 973 987; x_wconf 89' lang='lat' dir='ltr'><strong>cent</strong></span> <span class='ocrx_word' id='word_1_410' title='bbox 987 960 1096 987; x_wconf 83' lang='lat' dir='ltr'><strong>tandem</strong></span> <span class='ocrx_word' id='word_1_411' title='bbox 1114 960 1217 996; x_wconf 89' lang='lat' dir='ltr'><strong>reliqua</strong></span> <span class='ocrx_word' id='word_1_412' title='bbox 1233 967 1295 994; x_wconf 62' lang='lat' dir='ltr'><strong>qua:</strong></span> <span class='ocrx_word' id='word_1_413' title='bbox 1322 959 1415 986; x_wconf 79' lang='lat' dir='ltr'><strong>Romae</strong></span> <span class='ocrx_word' id='word_1_414' title='bbox 1449 958 1629 986; x_wconf 87' lang='lat' dir='ltr'><strong>damnantur.</strong></span> <span class='ocrx_word' id='word_1_415' title='bbox 1666 958 1704 987; x_wconf 89' lang='lat' dir='ltr'><strong>Ea</strong></span> 
     </span>
    </p>
   </div>
   <div class='ocr_carea' id='block_1_64' title="bbox 912 1005 1707 1041">
    <p class='ocr_par' dir='ltr' id='par_1_64' title="bbox 912 1005 1707 1041">
     <span class='ocr_line' id='line_1_64' title="bbox 912 1005 1707 1041; baseline -0.001 -8"><span class='ocrx_word' id='word_1_416' title='bbox 912 1007 1018 1034; x_wconf 89' lang='lat' dir='ltr'><strong>ratione</strong></span> <span class='ocrx_word' id='word_1_417' title='bbox 1038 1006 1199 1034; x_wconf 85' lang='lat' dir='ltr'><strong>Gennadius</strong></span> <span class='ocrx_word' id='word_1_418' title='bbox 1215 1006 1314 1041; x_wconf 54' lang='lat' dir='ltr'><strong>etcjns</strong></span> <span class='ocrx_word' id='word_1_419' title='bbox 1326 1005 1447 1032; x_wconf 71' lang='lat' dir='ltr'><strong>homilire</strong></span> <span class='ocrx_word' id='word_1_420' title='bbox 1461 1006 1495 1032; x_wconf 89' lang='lat' dir='ltr'><strong>ab</strong></span> <span class='ocrx_word' id='word_1_421' title='bbox 1515 1005 1575 1039; x_wconf 87' lang='lat' dir='ltr'><strong>ipso</strong></span> <span class='ocrx_word' id='word_1_422' title='bbox 1589 1005 1707 1040; x_wconf 82' lang='lat' dir='ltr'><strong>prosrri-</strong></span> 
     </span>
    </p>
   </div>
   <div class='ocr_carea' id='block_1_65' title="bbox 911 1051 1707 1087">
    <p class='ocr_par' dir='ltr' id='par_1_65' title="bbox 911 1051 1707 1087">
     <span class='ocr_line' id='line_1_65' title="bbox 911 1051 1707 1087; baseline -0.001 -7"><span class='ocrx_word' id='word_1_423' title='bbox 911 1054 1015 1081; x_wconf 88' lang='lat' dir='ltr'><strong>buntur</strong></span> <span class='ocrx_word' id='word_1_424' title='bbox 1034 1062 1040 1080; x_wconf 93' lang='lat'><strong><em>:</em></strong></span> <span class='ocrx_word' id='word_1_425' title='bbox 1059 1061 1119 1080; x_wconf 87' lang='lat' dir='ltr'><strong>nam</strong></span> <span class='ocrx_word' id='word_1_426' title='bbox 1129 1053 1208 1080; x_wconf 88' lang='lat' dir='ltr'><strong>aliam</strong></span> <span class='ocrx_word' id='word_1_427' title='bbox 1227 1053 1330 1080; x_wconf 90' lang='lat' dir='ltr'><strong>nullam</strong></span> <span class='ocrx_word' id='word_1_428' title='bbox 1345 1052 1427 1080; x_wconf 83' lang='lat' dir='ltr'><strong>habet</strong></span> <span class='ocrx_word' id='word_1_429' title='bbox 1442 1060 1449 1085; x_wconf 83' lang='lat'><strong>;</strong></span> <span class='ocrx_word' id='word_1_430' title='bbox 1464 1052 1586 1087; x_wconf 86' lang='lat' dir='ltr'><strong>adeoque</strong></span> <span class='ocrx_word' id='word_1_431' title='bbox 1602 1052 1624 1080; x_wconf 84' lang='lat' dir='ltr'><strong>si</strong></span> <span class='ocrx_word' id='word_1_432' title='bbox 1634 1051 1707 1079; x_wconf 85' lang='lat' dir='ltr'><strong>Gen-</strong></span> 
     </span>
    </p>
   </div>
   <div class='ocr_carea' id='block_1_66' title="bbox 912 1099 1707 1134">
    <p class='ocr_par' dir='ltr' id='par_1_66' title="bbox 912 1099 1707 1134">
     <span class='ocr_line' id='line_1_66' title="bbox 912 1099 1707 1134; baseline -0.001 -8"><span class='ocrx_word' id='word_1_433' title='bbox 912 1100 1010 1128; x_wconf 91' lang='lat' dir='ltr'><strong>nadius</strong></span> <span class='ocrx_word' id='word_1_434' title='bbox 1020 1099 1164 1127; x_wconf 79' lang='lat' dir='ltr'><strong>Latinismi</strong></span> <span class='ocrx_word' id='word_1_435' title='bbox 1182 1104 1327 1134; x_wconf 86' lang='lat' dir='ltr'><strong>suspectus</strong></span> <span class='ocrx_word' id='word_1_436' title='bbox 1345 1103 1398 1130; x_wconf 88' lang='lat' dir='ltr'><strong>est,</strong></span> <span class='ocrx_word' id='word_1_437' title='bbox 1423 1099 1518 1127; x_wconf 84' lang='lat' dir='ltr'><strong>eadem</strong></span> <span class='ocrx_word' id='word_1_438' title='bbox 1545 1099 1707 1133; x_wconf 85' lang='lat' dir='ltr'><strong>suspicione</strong></span> 
     </span>
    </p>
   </div>
   <div class='ocr_carea' id='block_1_67' title="bbox 912 1144 1707 1181">
    <p class='ocr_par' dir='ltr' id='par_1_67' title="bbox 912 1144 1707 1181">
     <span class='ocr_line' id='line_1_67' title="bbox 912 1144 1707 1181; baseline -0.005 -7"><span class='ocrx_word' id='word_1_439' title='bbox 912 1147 1014 1174; x_wconf 83' lang='lat' dir='ltr'><strong>involvi</strong></span> <span class='ocrx_word' id='word_1_440' title='bbox 1031 1150 1139 1181; x_wconf 77' lang='lat' dir='ltr'><strong>oportet</strong></span> <span class='ocrx_word' id='word_1_441' title='bbox 1154 1146 1293 1174; x_wconf 66' lang='lat' dir='ltr'><strong>Mela-tium</strong></span> <span class='ocrx_word' id='word_1_442' title='bbox 1311 1146 1419 1179; x_wconf 74' lang='lat' dir='ltr'><strong>Pigam,</strong></span> <span class='ocrx_word' id='word_1_443' title='bbox 1438 1145 1594 1172; x_wconf 88' lang='lat' dir='ltr'><strong>Gabrieicm</strong></span> <span class='ocrx_word' id='word_1_444' title='bbox 1612 1144 1707 1171; x_wconf 83' lang='lat' dir='ltr'><strong>Phila-</strong></span> 
     </span>
    </p>
   </div>
   <div class='ocr_carea' id='block_1_68' title="bbox 911 1191 1706 1228">
    <p class='ocr_par' dir='ltr' id='par_1_68' title="bbox 911 1191 1706 1228">
     <span class='ocr_line' id='line_1_68' title="bbox 911 1191 1706 1228; baseline -0.004 -8"><span class='ocrx_word' id='word_1_445' title='bbox 911 1193 1111 1228; x_wconf 80' lang='lat' dir='ltr'><strong>delphiensem,</strong></span> <span class='ocrx_word' id='word_1_446' title='bbox 1128 1192 1275 1227; x_wconf 66' lang='lat' dir='ltr'><strong>Georgium</strong></span> <span class='ocrx_word' id='word_1_447' title='bbox 1290 1192 1462 1223; x_wconf 78' lang='lat' dir='ltr'><strong>Corcssium,</strong></span> <span class='ocrx_word' id='word_1_448' title='bbox 1477 1191 1615 1218; x_wconf 81' lang='lat' dir='ltr'><strong>Melctium</strong></span> <span class='ocrx_word' id='word_1_449' title='bbox 1629 1191 1706 1225; x_wconf 76' lang='lat' dir='ltr'><strong>Syri-</strong></span> 
     </span>
    </p>
   </div>
   <div class='ocr_carea' id='block_1_69' title="bbox 911 1237 1705 1274">
    <p class='ocr_par' dir='ltr' id='par_1_69' title="bbox 911 1237 1705 1274">
     <span class='ocr_line' id='line_1_69' title="bbox 911 1237 1705 1274; baseline 0 -9"><span class='ocrx_word' id='word_1_450' title='bbox 911 1247 987 1274; x_wconf 82' lang='lat' dir='ltr'><strong>gum,</strong></span> <span class='ocrx_word' id='word_1_451' title='bbox 1001 1239 1133 1274; x_wconf 84' lang='lat' dir='ltr'><strong>Cyrillum</strong></span> <span class='ocrx_word' id='word_1_452' title='bbox 1155 1244 1181 1267; x_wconf 88' lang='lat' dir='ltr'><strong>et</strong></span> <span class='ocrx_word' id='word_1_453' title='bbox 1196 1238 1384 1271; x_wconf 84' lang='lat' dir='ltr'><strong>Parthenium,</strong></span> <span class='ocrx_word' id='word_1_454' title='bbox 1396 1239 1442 1273; x_wconf 88' lang='lat' dir='ltr'><strong>qui</strong></span> <span class='ocrx_word' id='word_1_455' title='bbox 1460 1238 1487 1264; x_wconf 94' lang='lat' dir='ltr'><strong>in</strong></span> <span class='ocrx_word' id='word_1_456' title='bbox 1505 1237 1627 1273; x_wconf 82' lang='lat' dir='ltr'><strong>synodis,</strong></span> <span class='ocrx_word' id='word_1_457' title='bbox 1639 1245 1705 1265; x_wconf 87' lang='lat' dir='ltr'><strong>ann.</strong></span> 
     </span>
    </p>
   </div>
   <div class='ocr_carea' id='block_1_70' title="bbox 913 1283 1705 1317">
    <p class='ocr_par' dir='ltr' id='par_1_70' title="bbox 913 1283 1705 1317">
     <span class='ocr_line' id='line_1_70' title="bbox 913 1283 1705 1317; baseline -0.004 -5"><span class='ocrx_word' id='word_1_458' title='bbox 913 1285 981 1313; x_wconf 79' lang='grc'>1658</span> <span class='ocrx_word' id='word_1_459' title='bbox 995 1289 1022 1312; x_wconf 90' lang='lat' dir='ltr'><strong>et</strong></span> <span class='ocrx_word' id='word_1_460' title='bbox 1037 1285 1116 1317; x_wconf 71' lang='grc'><strong>1642,</strong></span> <span class='ocrx_word' id='word_1_461' title='bbox 1133 1284 1247 1312; x_wconf 87' lang='lat' dir='ltr'><strong>Lucaris</strong></span> <span class='ocrx_word' id='word_1_462' title='bbox 1270 1283 1473 1311; x_wconf 78' lang='lat' dir='ltr'><strong>confessionem</strong></span> <span class='ocrx_word' id='word_1_463' title='bbox 1490 1287 1520 1310; x_wconf 91' lang='lat' dir='ltr'><strong>ut</strong></span> <span class='ocrx_word' id='word_1_464' title='bbox 1549 1283 1705 1310; x_wconf 73' lang='lat' dir='ltr'><strong>hmreticain</strong></span> 
     </span>
    </p>
   </div>
   <div class='ocr_carea' id='block_1_71' title="bbox 913 1330 1706 1364">
    <p class='ocr_par' dir='ltr' id='par_1_71' title="bbox 913 1330 1706 1364">
     <span class='ocr_line' id='line_1_71' title="bbox 913 1330 1706 1364; baseline -0.005 -5"><span class='ocrx_word' id='word_1_465' title='bbox 913 1332 1113 1359; x_wconf 87' lang='lat' dir='ltr'><strong>damnaverunt</strong></span> <span class='ocrx_word' id='word_1_466' title='bbox 1133 1340 1138 1358; x_wconf 93' lang='lat'><strong>:</strong></span> <span class='ocrx_word' id='word_1_467' title='bbox 1167 1338 1263 1358; x_wconf 87' lang='lat' dir='ltr'><strong>omnes</strong></span> <span class='ocrx_word' id='word_1_468' title='bbox 1285 1330 1474 1364; x_wconf 84' lang='lat' dir='ltr'><strong>metropolitas</strong></span> <span class='ocrx_word' id='word_1_469' title='bbox 1487 1334 1514 1357; x_wconf 89' lang='lat' dir='ltr'><strong>et</strong></span> <span class='ocrx_word' id='word_1_470' title='bbox 1548 1330 1706 1364; x_wconf 65' lang='lat' dir='ltr'><strong>episcopos,</strong></span> 
     </span>
    </p>
   </div>
   <div class='ocr_carea' id='block_1_72' title="bbox 913 1375 1706 1412">
    <p class='ocr_par' dir='ltr' id='par_1_72' title="bbox 913 1375 1706 1412">
     <span class='ocr_line' id='line_1_72' title="bbox 913 1375 1706 1412; baseline -0.001 -9"><span class='ocrx_word' id='word_1_471' title='bbox 913 1377 1039 1412; x_wconf 87' lang='lat' dir='ltr'><strong>aliosque</strong></span> <span class='ocrx_word' id='word_1_472' title='bbox 1059 1376 1264 1405; x_wconf 77' lang='lat' dir='ltr'><strong>ecclesiasticos</strong></span> <span class='ocrx_word' id='word_1_473' title='bbox 1278 1377 1324 1410; x_wconf 86' lang='lat' dir='ltr'><strong>qui</strong></span> <span class='ocrx_word' id='word_1_474' title='bbox 1339 1375 1457 1403; x_wconf 76' lang='lat' dir='ltr'><strong>decretis</strong></span> <span class='ocrx_word' id='word_1_475' title='bbox 1468 1375 1706 1409; x_wconf 83' lang='lat' dir='ltr'><strong>subscripserunt.</strong></span> 
     </span>
    </p>
   </div>
   <div class='ocr_carea' id='block_1_73' title="bbox 913 1421 1706 1459">
    <p class='ocr_par' dir='ltr' id='par_1_73' title="bbox 913 1421 1706 1459">
     <span class='ocr_line' id='line_1_73' title="bbox 913 1421 1706 1459; baseline -0.005 -8"><span class='ocrx_word' id='word_1_476' title='bbox 913 1428 943 1451; x_wconf 88' lang='lat' dir='ltr'><strong>ut</strong></span> <span class='ocrx_word' id='word_1_477' title='bbox 959 1432 1005 1452; x_wconf 89' lang='lat' dir='ltr'><strong>eos</strong></span> <span class='ocrx_word' id='word_1_478' title='bbox 1027 1424 1071 1459; x_wconf 92' lang='lat' dir='ltr'><strong>qui</strong></span> <span class='ocrx_word' id='word_1_479' title='bbox 1085 1424 1179 1459; x_wconf 85' lang='lat' dir='ltr'><strong>synodi</strong></span> <span class='ocrx_word' id='word_1_480' title='bbox 1203 1422 1460 1458; x_wconf 73' lang='lat' dir='ltr'><strong>llierosoiymitanaz</strong></span> <span class='ocrx_word' id='word_1_481' title='bbox 1481 1429 1554 1449; x_wconf 89' lang='lat' dir='ltr'><strong>anno</strong></span> <span class='ocrx_word' id='word_1_482' title='bbox 1572 1421 1641 1448; x_wconf 70' lang='lat' dir='ltr'><strong>l672</strong></span> <span class='ocrx_word' id='word_1_483' title='bbox 1655 1421 1706 1448; x_wconf 86' lang='lat' dir='ltr'><strong>De-</strong></span> 
     </span>
    </p>
   </div>
   <div class='ocr_carea' id='block_1_74' title="bbox 912 1466 1703 1501">
    <p class='ocr_par' dir='ltr' id='par_1_74' title="bbox 912 1466 1703 1501">
     <span class='ocr_line' id='line_1_74' title="bbox 912 1466 1703 1501; baseline -0.005 -5"><span class='ocrx_word' id='word_1_484' title='bbox 912 1474 986 1496; x_wconf 88' lang='lat' dir='ltr'><strong>creta</strong></span> <span class='ocrx_word' id='word_1_485' title='bbox 996 1469 1236 1498; x_wconf 79' lang='lat' dir='ltr'><strong>confirmaverunt,</strong></span> <span class='ocrx_word' id='word_1_486' title='bbox 1247 1467 1402 1494; x_wconf 74' lang='lat' dir='ltr'><strong>Nectar-inin</strong></span> <span class='ocrx_word' id='word_1_487' title='bbox 1412 1466 1703 1501; x_wconf 81' lang='lat' dir='ltr'><strong>llierosolymitamnn,</strong></span> 
     </span>
    </p>
   </div>
   <div class='ocr_carea' id='block_1_75' title="bbox 914 1512 1705 1547">
    <p class='ocr_par' dir='ltr' id='par_1_75' title="bbox 914 1512 1705 1547">
     <span class='ocr_line' id='line_1_75' title="bbox 914 1512 1705 1547; baseline -0.004 -6"><span class='ocrx_word' id='word_1_488' title='bbox 914 1522 1010 1542; x_wconf 86' lang='lat' dir='ltr'><strong>omnes</strong></span> <span class='ocrx_word' id='word_1_489' title='bbox 1026 1514 1134 1541; x_wconf 76' lang='lat' dir='ltr'><strong>tandem</strong></span> <span class='ocrx_word' id='word_1_490' title='bbox 1145 1513 1255 1541; x_wconf 70' lang='lat' dir='ltr'><strong>Graecos</strong></span> <span class='ocrx_word' id='word_1_491' title='bbox 1265 1513 1478 1544; x_wconf 77' lang='lat' dir='ltr'><strong>sincerissimos,</strong></span> <span class='ocrx_word' id='word_1_492' title='bbox 1491 1512 1567 1546; x_wconf 88' lang='lat' dir='ltr'><strong>siqui</strong></span> <span class='ocrx_word' id='word_1_493' title='bbox 1585 1519 1705 1547; x_wconf 83' lang='lat' dir='ltr'><strong>unquam</strong></span> 
     </span>
    </p>
   </div>
   <div class='ocr_carea' id='block_1_76' title="bbox 915 1558 1706 1593">
    <p class='ocr_par' dir='ltr' id='par_1_76' title="bbox 915 1558 1706 1593">
     <span class='ocr_line' id='line_1_76' title="bbox 915 1558 1706 1593; baseline -0.005 -5"><span class='ocrx_word' id='word_1_494' title='bbox 915 1560 1036 1588; x_wconf 76' lang='lat' dir='ltr'><strong>fuerunt.</strong></span> <span class='ocrx_word' id='word_1_495' title='bbox 1052 1560 1146 1587; x_wconf 84' lang='lat' dir='ltr'><strong>Nullus</strong></span> <span class='ocrx_word' id='word_1_496' title='bbox 1164 1559 1236 1586; x_wconf 86' lang='lat' dir='ltr'><strong>enim</strong></span> <span class='ocrx_word' id='word_1_497' title='bbox 1251 1567 1345 1587; x_wconf 89' lang='lat' dir='ltr'><strong>eorum</strong></span> <span class='ocrx_word' id='word_1_498' title='bbox 1373 1563 1424 1591; x_wconf 88' lang='lat' dir='ltr'><strong>est,</strong></span> <span class='ocrx_word' id='word_1_499' title='bbox 1458 1559 1504 1593; x_wconf 81' lang='lat' dir='ltr'><strong>qui</strong></span> <span class='ocrx_word' id='word_1_500' title='bbox 1536 1558 1647 1586; x_wconf 77' lang='lat' dir='ltr'><strong>Decreta</strong></span> <span class='ocrx_word' id='word_1_501' title='bbox 1658 1558 1706 1584; x_wconf 89' lang='lat' dir='ltr'><strong>ad-</strong></span> 
     </span>
    </p>
   </div>
   <div class='ocr_carea' id='block_1_77' title="bbox 915 1604 1705 1641">
    <p class='ocr_par' dir='ltr' id='par_1_77' title="bbox 915 1604 1705 1641">
     <span class='ocr_line' id='line_1_77' title="bbox 915 1604 1705 1641; baseline -0.003 -9"><span class='ocrx_word' id='word_1_502' title='bbox 915 1614 1010 1634; x_wconf 82' lang='lat' dir='ltr'><strong>versus</strong></span> <span class='ocrx_word' id='word_1_503' title='bbox 1031 1605 1163 1641; x_wconf 86' lang='lat' dir='ltr'><strong>Cyrillum</strong></span> <span class='ocrx_word' id='word_1_504' title='bbox 1199 1604 1315 1632; x_wconf 87' lang='lat' dir='ltr'><strong>anarin</strong></span> <span class='ocrx_word' id='word_1_505' title='bbox 1344 1613 1398 1632; x_wconf 90' lang='lat' dir='ltr'><strong>non</strong></span> <span class='ocrx_word' id='word_1_506' title='bbox 1436 1605 1578 1639; x_wconf 79' lang='lat' dir='ltr'><strong>amplexus</strong></span> <span class='ocrx_word' id='word_1_507' title='bbox 1611 1604 1705 1634; x_wconf 81' lang='lat' dir='ltr'><strong>fuerit.</strong></span> 
     </span>
    </p>
   </div>
   <div class='ocr_carea' id='block_1_78' title="bbox 915 1650 1706 1687">
    <p class='ocr_par' dir='ltr' id='par_1_78' title="bbox 915 1650 1706 1687">
     <span class='ocr_line' id='line_1_78' title="bbox 915 1650 1706 1687; baseline -0.003 -8"><span class='ocrx_word' id='word_1_508' title='bbox 915 1653 1018 1687; x_wconf 88' lang='lat' dir='ltr'><strong>quique</strong></span> <span class='ocrx_word' id='word_1_509' title='bbox 1035 1653 1130 1680; x_wconf 85' lang='lat' dir='ltr'><strong>eadem</strong></span> <span class='ocrx_word' id='word_1_510' title='bbox 1148 1653 1332 1680; x_wconf 87' lang='lat' dir='ltr'><strong>sentientibus</strong></span> <span class='ocrx_word' id='word_1_511' title='bbox 1361 1659 1392 1679; x_wconf 87' lang='lat' dir='ltr'><strong>ac</strong></span> <span class='ocrx_word' id='word_1_512' title='bbox 1421 1651 1545 1679; x_wconf 86' lang='lat' dir='ltr'><strong>nefarius</strong></span> <span class='ocrx_word' id='word_1_513' title='bbox 1566 1651 1612 1678; x_wconf 89' lang='lat' dir='ltr'><strong>ille</strong></span> <span class='ocrx_word' id='word_1_514' title='bbox 1642 1650 1706 1678; x_wconf 79' lang='lat' dir='ltr'><strong>fidei</strong></span> 
     </span>
    </p>
   </div>
   <div class='ocr_carea' id='block_1_79' title="bbox 916 1697 1706 1732">
    <p class='ocr_par' dir='ltr' id='par_1_79' title="bbox 916 1697 1706 1732">
     <span class='ocr_line' id='line_1_79' title="bbox 916 1697 1706 1732; baseline -0.004 -6"><span class='ocrx_word' id='word_1_515' title='bbox 916 1699 994 1726; x_wconf 76' lang='lat' dir='ltr'><strong>avita:</strong></span> <span class='ocrx_word' id='word_1_516' title='bbox 1014 1698 1149 1732; x_wconf 90' lang='lat' dir='ltr'><strong>proditor,</strong></span> <span class='ocrx_word' id='word_1_517' title='bbox 1165 1699 1312 1726; x_wconf 89' lang='lat' dir='ltr'><strong>anathema</strong></span> <span class='ocrx_word' id='word_1_518' title='bbox 1329 1705 1383 1725; x_wconf 93' lang='lat' dir='ltr'><strong>non</strong></span> <span class='ocrx_word' id='word_1_519' title='bbox 1410 1697 1522 1726; x_wconf 77' lang='lat' dir='ltr'><strong>dixerit.</strong></span> <span class='ocrx_word' id='word_1_520' title='bbox 1548 1697 1585 1724; x_wconf 87' lang='lat' dir='ltr'><strong>At</strong></span> <span class='ocrx_word' id='word_1_521' title='bbox 1609 1704 1706 1723; x_wconf 86' lang='lat' dir='ltr'><strong>omnes</strong></span> 
     </span>
    </p>
   </div>
   <div class='ocr_carea' id='block_1_80' title="bbox 915 1743 1709 1778">
    <p class='ocr_par' dir='ltr' id='par_1_80' title="bbox 915 1743 1709 1778">
     <span class='ocr_line' id='line_1_80' title="bbox 915 1743 1709 1778; baseline -0.003 -6"><span class='ocrx_word' id='word_1_522' title='bbox 915 1746 954 1772; x_wconf 89' lang='lat' dir='ltr'><strong>illi</strong></span> <span class='ocrx_word' id='word_1_523' title='bbox 967 1745 1077 1772; x_wconf 80' lang='lat' dir='ltr'><strong>tandem</strong></span> <span class='ocrx_word' id='word_1_524' title='bbox 1095 1744 1132 1772; x_wconf 86' lang='lat' dir='ltr'><strong>ita</strong></span> <span class='ocrx_word' id='word_1_525' title='bbox 1148 1744 1239 1772; x_wconf 81' lang='lat' dir='ltr'><strong>Latini</strong></span> <span class='ocrx_word' id='word_1_526' title='bbox 1258 1749 1332 1777; x_wconf 84' lang='lat' dir='ltr'><strong>sunt,</strong></span> <span class='ocrx_word' id='word_1_527' title='bbox 1362 1748 1392 1770; x_wconf 91' lang='lat' dir='ltr'><strong>ut</strong></span> <span class='ocrx_word' id='word_1_528' title='bbox 1420 1743 1543 1778; x_wconf 85' lang='lat' dir='ltr'><strong>plerique</strong></span> <span class='ocrx_word' id='word_1_529' title='bbox 1572 1743 1709 1770; x_wconf 78' lang='lat' dir='ltr'><strong>adversus</strong></span> 
     </span>
    </p>
   </div>
   <div class='ocr_carea' id='block_1_81' title="bbox 914 1790 1710 1826">
    <p class='ocr_par' dir='ltr' id='par_1_81' title="bbox 914 1790 1710 1826">
     <span class='ocr_line' id='line_1_81' title="bbox 914 1790 1710 1826; baseline -0.003 -8"><span class='ocrx_word' id='word_1_530' title='bbox 914 1791 1025 1818; x_wconf 79' lang='lat' dir='ltr'><strong>Latinos</strong></span> <span class='ocrx_word' id='word_1_531' title='bbox 1038 1791 1108 1826; x_wconf 90' lang='lat' dir='ltr'><strong>styio</strong></span> <span class='ocrx_word' id='word_1_532' title='bbox 1128 1791 1264 1818; x_wconf 87' lang='lat' dir='ltr'><strong>acerrimo</strong></span> <span class='ocrx_word' id='word_1_533' title='bbox 1278 1790 1492 1821; x_wconf 87' lang='lat' dir='ltr'><strong>decertaverint,</strong></span> <span class='ocrx_word' id='word_1_534' title='bbox 1507 1797 1562 1824; x_wconf 87' lang='lat' dir='ltr'><strong>quo</strong></span> <span class='ocrx_word' id='word_1_535' title='bbox 1594 1790 1710 1817; x_wconf 72' lang='lat' dir='ltr'><strong>nomine</strong></span> 
     </span>
    </p>
   </div>
   <div class='ocr_carea' id='block_1_82' title="bbox 914 1836 1705 1871">
    <p class='ocr_par' dir='ltr' id='par_1_82' title="bbox 914 1836 1705 1871">
     <span class='ocr_line' id='line_1_82' title="bbox 914 1836 1705 1871; baseline -0.003 -7"><span class='ocrx_word' id='word_1_536' title='bbox 914 1837 1058 1864; x_wconf 87' lang='lat' dir='ltr'><strong>laudantur</strong></span> <span class='ocrx_word' id='word_1_537' title='bbox 1079 1844 1092 1863; x_wconf 89' lang='lat' dir='ltr'><strong>a</strong></span> <span class='ocrx_word' id='word_1_538' title='bbox 1109 1838 1166 1864; x_wconf 84' lang='lat' dir='ltr'><strong>suis</strong></span> <span class='ocrx_word' id='word_1_539' title='bbox 1180 1842 1208 1864; x_wconf 93' lang='lat' dir='ltr'><strong>nt</strong></span> <span class='ocrx_word' id='word_1_540' title='bbox 1220 1837 1325 1865; x_wconf 71' lang='lat' dir='ltr'><strong>Graeca:</strong></span> <span class='ocrx_word' id='word_1_541' title='bbox 1346 1836 1474 1864; x_wconf 64' lang='lat' dir='ltr'><strong>Ecclesiae</strong></span> <span class='ocrx_word' id='word_1_542' title='bbox 1492 1836 1613 1871; x_wconf 77' lang='lat' dir='ltr'><strong>insignes</strong></span> <span class='ocrx_word' id='word_1_543' title='bbox 1626 1836 1705 1863; x_wconf 86' lang='lat' dir='ltr'><strong>theo-</strong></span> 
     </span>
    </p>
   </div>
   <div class='ocr_carea' id='block_1_83' title="bbox 914 1882 1701 1918">
    <p class='ocr_par' dir='ltr' id='par_1_83' title="bbox 914 1882 1701 1918">
     <span class='ocr_line' id='line_1_83' title="bbox 914 1882 1701 1918; baseline -0.003 -8"><span class='ocrx_word' id='word_1_544' title='bbox 914 1883 1124 1918; x_wconf 74' lang='lat' dir='ltr'><strong>logi,illiusque</strong></span> <span class='ocrx_word' id='word_1_545' title='bbox 1135 1883 1306 1910; x_wconf 80' lang='lat' dir='ltr'><strong>defensores.</strong></span> <span class='ocrx_word' id='word_1_546' title='bbox 1327 1883 1354 1910; x_wconf 84' lang='lat' dir='ltr'><strong>Si</strong></span> <span class='ocrx_word' id='word_1_547' title='bbox 1378 1883 1463 1917; x_wconf 80' lang='lat' dir='ltr'><strong>igitur</strong></span> <span class='ocrx_word' id='word_1_548' title='bbox 1485 1882 1584 1910; x_wconf 86' lang='lat' dir='ltr'><strong>sinceri</strong></span> <span class='ocrx_word' id='word_1_549' title='bbox 1614 1882 1701 1909; x_wconf 64' lang='grc' dir='ltr'>ϐιωθί</span> 
     </span>
    </p>
   </div>
   <div class='ocr_carea' id='block_1_84' title="bbox 912 1927 1704 1962">
    <p class='ocr_par' dir='ltr' id='par_1_84' title="bbox 912 1927 1704 1962">
     <span class='ocr_line' id='line_1_84' title="bbox 912 1927 1704 1962; baseline -0.003 -6"><span class='ocrx_word' id='word_1_550' title='bbox 912 1937 967 1956; x_wconf 91' lang='lat' dir='ltr'><strong>non</strong></span> <span class='ocrx_word' id='word_1_551' title='bbox 983 1933 1058 1962; x_wconf 87' lang='lat' dir='ltr'><strong>sunt,</strong></span> <span class='ocrx_word' id='word_1_552' title='bbox 1074 1928 1122 1956; x_wconf 91' lang='lat' dir='ltr'><strong>ubi</strong></span> <span class='ocrx_word' id='word_1_553' title='bbox 1138 1928 1250 1956; x_wconf 84' lang='lat' dir='ltr'><strong>tandem</strong></span> <span class='ocrx_word' id='word_1_554' title='bbox 1268 1928 1362 1956; x_wconf 72' lang='lat' dir='ltr'><strong>Graeca</strong></span> <span class='ocrx_word' id='word_1_555' title='bbox 1374 1927 1494 1956; x_wconf 81' lang='lat' dir='ltr'><strong>Ecclesia</strong></span> <span class='ocrx_word' id='word_1_556' title='bbox 1510 1929 1544 1955; x_wconf 86' lang='lat' dir='ltr'><strong>ab</strong></span> <span class='ocrx_word' id='word_1_557' title='bbox 1557 1928 1637 1955; x_wconf 85' lang='lat' dir='ltr'><strong>annis</strong></span> <span class='ocrx_word' id='word_1_558' title='bbox 1652 1927 1704 1954; x_wconf 78' lang='lat' dir='ltr'><strong>du”-</strong></span> 
     </span>
    </p>
   </div>
   <div class='ocr_carea' id='block_1_85' title="bbox 913 1974 1704 2010">
    <p class='ocr_par' dir='ltr' id='par_1_85' title="bbox 913 1974 1704 2010">
     <span class='ocr_line' id='line_1_85' title="bbox 913 1974 1704 2010; baseline -0.001 -8"><span class='ocrx_word' id='word_1_559' title='bbox 913 1976 1000 2004; x_wconf 89' lang='lat' dir='ltr'><strong>centis</strong></span> <span class='ocrx_word' id='word_1_560' title='bbox 1014 1975 1082 2008; x_wconf 84' lang='lat' dir='ltr'><strong>fuit;</strong></span> <span class='ocrx_word' id='word_1_561' title='bbox 1101 1983 1197 2003; x_wconf 90' lang='lat' dir='ltr'><strong>omnes</strong></span> <span class='ocrx_word' id='word_1_562' title='bbox 1212 1975 1285 2003; x_wconf 90' lang='lat' dir='ltr'><strong>enim</strong></span> <span class='ocrx_word' id='word_1_563' title='bbox 1315 1981 1498 2010; x_wconf 86' lang='lat' dir='ltr'><strong>quoscunque</strong></span> <span class='ocrx_word' id='word_1_564' title='bbox 1519 1982 1552 2002; x_wconf 75' lang='lat' dir='ltr'><strong>ex</strong></span> <span class='ocrx_word' id='word_1_565' title='bbox 1590 1974 1704 2001; x_wconf 87' lang='lat' dir='ltr'><strong>historia</strong></span> 
     </span>
    </p>
   </div>
   <div class='ocr_carea' id='block_1_86' title="bbox 912 2020 1751 2054">
    <p class='ocr_par' dir='ltr' id='par_1_86' title="bbox 912 2020 1751 2054">
     <span class='ocr_line' id='line_1_86' title="bbox 912 2020 1751 2054; baseline -0.001 -6"><span class='ocrx_word' id='word_1_566' title='bbox 912 2026 939 2048; x_wconf 83' lang='lat' dir='ltr'><strong>et</strong></span> <span class='ocrx_word' id='word_1_567' title='bbox 951 2021 1029 2048; x_wconf 84' lang='lat' dir='ltr'><strong>libris</strong></span> <span class='ocrx_word' id='word_1_568' title='bbox 1043 2022 1180 2054; x_wconf 84' lang='lat' dir='ltr'><strong>n0vimus,</strong></span> <span class='ocrx_word' id='word_1_569' title='bbox 1195 2021 1295 2053; x_wconf 62' lang='lat' dir='ltr'><strong>Graeci,</strong></span> <span class='ocrx_word' id='word_1_570' title='bbox 1311 2022 1392 2048; x_wconf 89' lang='lat' dir='ltr'><strong>aliam</strong></span> <span class='ocrx_word' id='word_1_571' title='bbox 1409 2021 1489 2048; x_wconf 82' lang='lat' dir='ltr'><strong>fidem</strong></span> <span class='ocrx_word' id='word_1_572' title='bbox 1514 2028 1570 2048; x_wconf 92' lang='lat' dir='ltr'><strong>non</strong></span> <span class='ocrx_word' id='word_1_573' title='bbox 1602 2020 1704 2048; x_wconf 85' lang='lat' dir='ltr'><strong>habuc-</strong></span> <span class='ocrx_word' id='word_1_574' title='bbox 1748 2024 1751 2027; x_wconf 95' lang='lat'>&#39;</span> 
     </span>
    </p>
   </div>
   <div class='ocr_carea' id='block_1_87' title="bbox 913 2066 1704 2103">
    <p class='ocr_par' dir='ltr' id='par_1_87' title="bbox 913 2066 1704 2103">
     <span class='ocr_line' id='line_1_87' title="bbox 913 2066 1704 2103; baseline 0.001 -10"><span class='ocrx_word' id='word_1_575' title='bbox 913 2072 987 2094; x_wconf 90' lang='lat' dir='ltr'><strong>runt.</strong></span> <span class='ocrx_word' id='word_1_576' title='bbox 1010 2067 1230 2103; x_wconf 86' lang='lat' dir='ltr'><strong>Verumopponit</strong></span> <span class='ocrx_word' id='word_1_577' title='bbox 1256 2067 1398 2095; x_wconf 86' lang='lat' dir='ltr'><strong>Smilheus</strong></span> <span class='ocrx_word' id='word_1_578' title='bbox 1420 2067 1551 2102; x_wconf 86' lang='lat' dir='ltr'><strong>Cyrillum</strong></span> <span class='ocrx_word' id='word_1_579' title='bbox 1574 2066 1704 2100; x_wconf 88' lang='lat' dir='ltr'><strong>Lucarin,</strong></span> 
     </span>
    </p>
   </div>
   <div class='ocr_carea' id='block_1_88' title="bbox 912 2113 1706 2150">
    <p class='ocr_par' dir='ltr' id='par_1_88' title="bbox 912 2113 1706 2150">
     <span class='ocr_line' id='line_1_88' title="bbox 912 2113 1706 2150; baseline 0.001 -10"><span class='ocrx_word' id='word_1_580' title='bbox 912 2113 1073 2142; x_wconf 84' lang='lat' dir='ltr'><strong>Zachariam</strong></span> <span class='ocrx_word' id='word_1_581' title='bbox 1091 2114 1246 2150; x_wconf 78' lang='lat' dir='ltr'><strong>Gerganum</strong></span> <span class='ocrx_word' id='word_1_582' title='bbox 1263 2114 1337 2142; x_wconf 67' lang='lat' dir='ltr'><strong>Artaa</strong></span> <span class='ocrx_word' id='word_1_583' title='bbox 1353 2114 1458 2149; x_wconf 65' lang='lat' dir='ltr'><strong>exiguae</strong></span> <span class='ocrx_word' id='word_1_584' title='bbox 1483 2113 1620 2141; x_wconf 69' lang='lat' dir='ltr'><strong>urbeeulze</strong></span> <span class='ocrx_word' id='word_1_585' title='bbox 1647 2114 1706 2149; x_wconf 84' lang='lat' dir='ltr'><strong>epi-</strong></span> 
     </span>
    </p>
   </div>
   <div class='ocr_carea' id='block_1_89' title="bbox 912 2160 1705 2196">
    <p class='ocr_par' dir='ltr' id='par_1_89' title="bbox 912 2160 1705 2196">
     <span class='ocr_line' id='line_1_89' title="bbox 912 2160 1705 2196; baseline 0 -8"><span class='ocrx_word' id='word_1_586' title='bbox 912 2168 1038 2194; x_wconf 75' lang='lat' dir='ltr'><strong>seopum,</strong></span> <span class='ocrx_word' id='word_1_587' title='bbox 1056 2166 1083 2188; x_wconf 79' lang='lat' dir='ltr'><strong>et</strong></span> <span class='ocrx_word' id='word_1_588' title='bbox 1099 2161 1309 2196; x_wconf 79' lang='lat' dir='ltr'><strong>illetrophancin</strong></span> <span class='ocrx_word' id='word_1_589' title='bbox 1327 2161 1513 2196; x_wconf 83' lang='lat' dir='ltr'><strong>Critopulum.</strong></span> <span class='ocrx_word' id='word_1_590' title='bbox 1544 2160 1620 2188; x_wconf 76' lang='lat' dir='ltr'><strong>Nova</strong></span> <span class='ocrx_word' id='word_1_591' title='bbox 1643 2161 1705 2195; x_wconf 82' lang='lat' dir='ltr'><strong>jura</strong></span> 
     </span>
    </p>
   </div>
   <div class='ocr_carea' id='block_1_90' title="bbox 74 2204 1706 2240">
    <p class='ocr_par' dir='ltr' id='par_1_90' title="bbox 74 2204 1706 2240">
     <span class='ocr_line' id='line_1_90' title="bbox 74 2204 1706 2240; baseline -0.001 -8"><span class='ocrx_word' id='word_1_592' title='bbox 74 2206 223 2234; x_wconf 70' lang='lat' dir='ltr'><strong>versionem</strong></span> <span class='ocrx_word' id='word_1_593' title='bbox 252 2204 350 2232; x_wconf 85' lang='lat' dir='ltr'><strong>damus</strong></span> <span class='ocrx_word' id='word_1_594' title='bbox 386 2205 491 2232; x_wconf 84' lang='lat' dir='ltr'><strong>Nicolai</strong></span> <span class='ocrx_word' id='word_1_595' title='bbox 520 2204 652 2233; x_wconf 87' lang='lat' dir='ltr'><strong>Comneni</strong></span> <span class='ocrx_word' id='word_1_596' title='bbox 679 2205 858 2240; x_wconf 85' lang='lat' dir='ltr'><strong>Papadopoli,</strong></span> <span class='ocrx_word' id='word_1_597' title='bbox 878 2206 1054 2235; x_wconf 85' lang='lat' dir='ltr'><strong>Dcondcnda</strong></span> <span class='ocrx_word' id='word_1_598' title='bbox 1071 2211 1147 2238; x_wconf 87' lang='lat' dir='ltr'><strong>sunt,</strong></span> <span class='ocrx_word' id='word_1_599' title='bbox 1173 2211 1204 2233; x_wconf 88' lang='lat' dir='ltr'><strong>ut</strong></span> <span class='ocrx_word' id='word_1_600' title='bbox 1220 2206 1308 2234; x_wconf 90' lang='lat' dir='ltr'><strong>tribus</strong></span> <span class='ocrx_word' id='word_1_601' title='bbox 1339 2205 1457 2233; x_wconf 84' lang='lat' dir='ltr'><strong>testibus</strong></span> <span class='ocrx_word' id='word_1_602' title='bbox 1483 2205 1549 2232; x_wconf 84' lang='lat' dir='ltr'><strong>tides</strong></span> <span class='ocrx_word' id='word_1_603' title='bbox 1574 2205 1706 2232; x_wconf 88' lang='lat' dir='ltr'><strong>habeatur</strong></span> 
     </span>
    </p>
   </div>
   <div class='ocr_carea' id='block_1_91' title="bbox 74 2251 860 2287">
    <p class='ocr_par' dir='ltr' id='par_1_91' title="bbox 74 2251 860 2287">
     <span class='ocr_line' id='line_1_91' title="bbox 74 2251 860 2287; baseline 0.001 -8"><span class='ocrx_word' id='word_1_604' title='bbox 74 2253 199 2281; x_wconf 66' lang='lat' dir='ltr'><strong>insertam</strong></span> <span class='ocrx_word' id='word_1_605' title='bbox 210 2251 338 2286; x_wconf 63' lang='lat' dir='ltr'><strong>Epistulae</strong></span> <span class='ocrx_word' id='word_1_606' title='bbox 364 2251 397 2278; x_wconf 86' lang='lat' dir='ltr'><strong>ad</strong></span> <span class='ocrx_word' id='word_1_607' title='bbox 418 2251 620 2287; x_wconf 83' lang='lat' dir='ltr'><strong>Cbrysanthum</strong></span> <span class='ocrx_word' id='word_1_608' title='bbox 630 2251 757 2279; x_wconf 79' lang='lat' dir='ltr'><strong>Notaram</strong></span> <span class='ocrx_word' id='word_1_609' title='bbox 770 2253 860 2280; x_wconf 66' lang='lat' dir='ltr'><strong>Caesa-</strong></span> 
     </span>
    </p>
   </div>
   <div class='ocr_carea' id='block_1_92' title="bbox 77 2296 860 2332">
    <p class='ocr_par' dir='ltr' id='par_1_92' title="bbox 77 2296 860 2332">
     <span class='ocr_line' id='line_1_92' title="bbox 77 2296 860 2332; baseline 0.001 -7"><span class='ocrx_word' id='word_1_610' title='bbox 77 2306 124 2326; x_wconf 62' lang='lat' dir='ltr'><strong>rea</strong></span> <span class='ocrx_word' id='word_1_611' title='bbox 136 2296 352 2332; x_wconf 74' lang='lat' dir='ltr'><strong>metropolitani,</strong></span> <span class='ocrx_word' id='word_1_612' title='bbox 368 2304 428 2330; x_wconf 73' lang='lat' dir='ltr'><strong>quas</strong></span> <span class='ocrx_word' id='word_1_613' title='bbox 437 2297 510 2324; x_wconf 86' lang='lat' dir='ltr'><strong>edita</strong></span> <span class='ocrx_word' id='word_1_614' title='bbox 528 2301 570 2325; x_wconf 90' lang='lat' dir='ltr'><strong>est</strong></span> <span class='ocrx_word' id='word_1_615' title='bbox 584 2297 706 2326; x_wconf 82' lang='lat' dir='ltr'><strong>Venetiis</strong></span> <span class='ocrx_word' id='word_1_616' title='bbox 717 2306 763 2326; x_wconf 86' lang='lat' dir='ltr'><strong>an.</strong></span> <span class='ocrx_word' id='word_1_617' title='bbox 780 2299 860 2326; x_wconf 75' lang='lat' dir='ltr'><strong>l703.‘</strong></span> 
     </span>
    </p>
   </div>
   <div class='ocr_carea' id='block_1_93' title="bbox 107 2343 861 2379">
    <p class='ocr_par' dir='ltr' id='par_1_93' title="bbox 107 2343 861 2379">
     <span class='ocr_line' id='line_1_93' title="bbox 107 2343 861 2379; baseline 0 -7"><span class='ocrx_word' id='word_1_618' title='bbox 107 2344 134 2372; x_wconf 94' lang='lat' dir='ltr'><strong>ln</strong></span> <span class='ocrx_word' id='word_1_619' title='bbox 158 2352 190 2371; x_wconf 88' lang='lat' dir='ltr'><strong>ea</strong></span> <span class='ocrx_word' id='word_1_620' title='bbox 209 2351 290 2378; x_wconf 87' lang='lat' dir='ltr'><strong>porro</strong></span> <span class='ocrx_word' id='word_1_621' title='bbox 307 2343 437 2378; x_wconf 86' lang='lat' dir='ltr'><strong>synodica</strong></span> <span class='ocrx_word' id='word_1_622' title='bbox 453 2343 616 2371; x_wconf 85' lang='lat' dir='ltr'><strong>Detinitione</strong></span> <span class='ocrx_word' id='word_1_623' title='bbox 626 2344 680 2371; x_wconf 87' lang='lat' dir='ltr'><strong>duo</strong></span> <span class='ocrx_word' id='word_1_624' title='bbox 707 2349 771 2372; x_wconf 88' lang='lat' dir='ltr'><strong>sunt</strong></span> <span class='ocrx_word' id='word_1_625' title='bbox 800 2353 861 2379; x_wconf 61' lang='lat' dir='ltr'><strong>quae</strong></span> 
     </span>
    </p>
   </div>
   <div class='ocr_carea' id='block_1_94' title="bbox 75 2391 859 2426">
    <p class='ocr_par' dir='ltr' id='par_1_94' title="bbox 75 2391 859 2426">
     <span class='ocr_line' id='line_1_94' title="bbox 75 2391 859 2426; baseline 0.001 -8"><span class='ocrx_word' id='word_1_626' title='bbox 75 2392 211 2426; x_wconf 74' lang='lat' dir='ltr'><strong>diligenter</strong></span> <span class='ocrx_word' id='word_1_627' title='bbox 234 2391 373 2418; x_wconf 87' lang='lat' dir='ltr'><strong>observari</strong></span> <span class='ocrx_word' id='word_1_628' title='bbox 401 2397 491 2425; x_wconf 74' lang='lat' dir='ltr'><strong>operae</strong></span> <span class='ocrx_word' id='word_1_629' title='bbox 521 2392 640 2425; x_wconf 85' lang='lat' dir='ltr'><strong>pretium</strong></span> <span class='ocrx_word' id='word_1_630' title='bbox 660 2391 704 2419; x_wconf 87' lang='lat' dir='ltr'><strong>sit.</strong></span> <span class='ocrx_word' id='word_1_631' title='bbox 725 2392 859 2426; x_wconf 88' lang='lat' dir='ltr'><strong>Primum,</strong></span> 
     </span>
    </p>
   </div>
   <div class='ocr_carea' id='block_1_95' title="bbox 77 2436 861 2473">
    <p class='ocr_par' dir='ltr' id='par_1_95' title="bbox 77 2436 861 2473">
     <span class='ocr_line' id='line_1_95' title="bbox 77 2436 861 2473; baseline 0.003 -9"><span class='ocrx_word' id='word_1_632' title='bbox 77 2438 213 2465; x_wconf 85' lang='lat' dir='ltr'><strong>llomiiiam</strong></span> <span class='ocrx_word' id='word_1_633' title='bbox 235 2444 317 2472; x_wconf 81' lang='lat' dir='ltr'><strong>quam</strong></span> <span class='ocrx_word' id='word_1_634' title='bbox 330 2437 430 2472; x_wconf 88' lang='lat' dir='ltr'><strong>publici</strong></span> <span class='ocrx_word' id='word_1_635' title='bbox 445 2436 516 2471; x_wconf 85' lang='lat' dir='ltr'><strong>juris</strong></span> <span class='ocrx_word' id='word_1_636' title='bbox 540 2437 668 2471; x_wconf 80' lang='lat' dir='ltr'><strong>facimus,</strong></span> <span class='ocrx_word' id='word_1_637' title='bbox 694 2439 861 2473; x_wconf 87' lang='lat' dir='ltr'><strong>patriarchis</strong></span> 
     </span>
    </p>
   </div>
   <div class='ocr_carea' id='block_1_96' title="bbox 76 2483 862 2520">
    <p class='ocr_par' dir='ltr' id='par_1_96' title="bbox 76 2483 862 2520">
     <span class='ocr_line' id='line_1_96' title="bbox 76 2483 862 2520; baseline 0.001 -8"><span class='ocrx_word' id='word_1_638' title='bbox 76 2485 175 2512; x_wconf 80' lang='lat' dir='ltr'><strong>duobus</strong></span> <span class='ocrx_word' id='word_1_639' title='bbox 192 2483 327 2511; x_wconf 87' lang='lat' dir='ltr'><strong>Callinico</strong></span> <span class='ocrx_word' id='word_1_640' title='bbox 341 2488 370 2511; x_wconf 88' lang='lat' dir='ltr'><strong>et</strong></span> <span class='ocrx_word' id='word_1_641' title='bbox 382 2483 523 2515; x_wconf 86' lang='lat' dir='ltr'><strong>Dositheo.</strong></span> <span class='ocrx_word' id='word_1_642' title='bbox 542 2488 601 2512; x_wconf 92' lang='lat' dir='ltr'><strong>tum</strong></span> <span class='ocrx_word' id='word_1_643' title='bbox 635 2485 818 2520; x_wconf 86' lang='lat' dir='ltr'><strong>metropolitis</strong></span> <span class='ocrx_word' id='word_1_644' title='bbox 833 2490 862 2513; x_wconf 85' lang='lat' dir='ltr'><strong>et</strong></span> 
     </span>
    </p>
   </div>
   <div class='ocr_carea' id='block_1_97' title="bbox 77 2529 860 2566">
    <p class='ocr_par' dir='ltr' id='par_1_97' title="bbox 77 2529 860 2566">
     <span class='ocr_line' id='line_1_97' title="bbox 77 2529 860 2566; baseline 0.003 -9"><span class='ocrx_word' id='word_1_645' title='bbox 77 2531 205 2566; x_wconf 75' lang='lat' dir='ltr'><strong>episcopis</strong></span> <span class='ocrx_word' id='word_1_646' title='bbox 219 2531 266 2565; x_wconf 89' lang='lat' dir='ltr'><strong>qni</strong></span> <span class='ocrx_word' id='word_1_647' title='bbox 283 2529 431 2558; x_wconf 83' lang='lat' dir='ltr'><strong>scribendo</strong></span> <span class='ocrx_word' id='word_1_648' title='bbox 457 2529 619 2563; x_wconf 80' lang='lat' dir='ltr'><strong>adfuerunt,</strong></span> <span class='ocrx_word' id='word_1_649' title='bbox 647 2531 733 2559; x_wconf 80' lang='lat' dir='ltr'><strong>fuisse</strong></span> <span class='ocrx_word' id='word_1_650' title='bbox 746 2531 860 2560; x_wconf 82' lang='lat' dir='ltr'><strong>notissi-</strong></span> 
     </span>
    </p>
   </div>
   <div class='ocr_carea' id='block_1_98' title="bbox 79 2576 862 2613">
    <p class='ocr_par' dir='ltr' id='par_1_98' title="bbox 79 2576 862 2613">
     <span class='ocr_line' id='line_1_98' title="bbox 79 2576 862 2613; baseline 0.001 -9"><span class='ocrx_word' id='word_1_651' title='bbox 79 2585 140 2604; x_wconf 83' lang='lat' dir='ltr'><strong>mam</strong></span> <span class='ocrx_word' id='word_1_652' title='bbox 153 2587 160 2604; x_wconf 88' lang='lat'>:</span> <span class='ocrx_word' id='word_1_653' title='bbox 178 2581 262 2612; x_wconf 82' lang='lat' dir='ltr'><strong>atque</strong></span> <span class='ocrx_word' id='word_1_654' title='bbox 277 2576 348 2604; x_wconf 86' lang='lat' dir='ltr'><strong>adeo</strong></span> <span class='ocrx_word' id='word_1_655' title='bbox 363 2577 397 2604; x_wconf 88' lang='lat' dir='ltr'><strong>de</strong></span> <span class='ocrx_word' id='word_1_656' title='bbox 412 2577 471 2612; x_wconf 80' lang='lat' dir='ltr'><strong>ejus</strong></span> <span class='ocrx_word' id='word_1_657' title='bbox 484 2577 617 2613; x_wconf 71' lang='grc' dir='ltr'><strong>αὑοεντίᾳ</strong></span> <span class='ocrx_word' id='word_1_658' title='bbox 633 2578 760 2606; x_wconf 85' lang='lat' dir='ltr'><strong>dubitare</strong></span> <span class='ocrx_word' id='word_1_659' title='bbox 775 2579 862 2606; x_wconf 85' lang='lat' dir='ltr'><strong>nemi-</strong></span> 
     </span>
    </p>
   </div>
   <div class='ocr_carea' id='block_1_99' title="bbox 79 2623 861 2659">
    <p class='ocr_par' dir='ltr' id='par_1_99' title="bbox 79 2623 861 2659">
     <span class='ocr_line' id='line_1_99' title="bbox 79 2623 861 2659; baseline 0.003 -9"><span class='ocrx_word' id='word_1_660' title='bbox 79 2631 130 2650; x_wconf 85' lang='lat' dir='ltr'><strong>nem</strong></span> <span class='ocrx_word' id='word_1_661' title='bbox 142 2631 234 2658; x_wconf 84' lang='lat' dir='ltr'><strong>posse,</strong></span> <span class='ocrx_word' id='word_1_662' title='bbox 250 2624 303 2651; x_wconf 87' lang='lat' dir='ltr'><strong>nisi</strong></span> <span class='ocrx_word' id='word_1_663' title='bbox 315 2624 361 2658; x_wconf 86' lang='lat' dir='ltr'><strong>qui</strong></span> <span class='ocrx_word' id='word_1_664' title='bbox 384 2624 519 2659; x_wconf 75' lang='grc' dir='ltr'><strong>αὑτοψιαν</strong></span> <span class='ocrx_word' id='word_1_665' title='bbox 546 2623 733 2652; x_wconf 83' lang='lat' dir='ltr'><strong>Smitbeanam</strong></span> <span class='ocrx_word' id='word_1_666' title='bbox 759 2625 861 2653; x_wconf 87' lang='lat' dir='ltr'><strong>talibus</strong></span> 
     </span>
    </p>
   </div>
   <div class='ocr_carea' id='block_1_100' title="bbox 79 2668 860 2708">
    <p class='ocr_par' dir='ltr' id='par_1_100' title="bbox 79 2668 860 2708">
     <span class='ocr_line' id='line_1_100' title="bbox 79 2668 860 2708; baseline 0 -13"><span class='ocrx_word' id='word_1_667' title='bbox 79 2669 232 2696; x_wconf 75' lang='lat' dir='ltr'><strong>testimoniis</strong></span> <span class='ocrx_word' id='word_1_668' title='bbox 255 2668 449 2708; x_wconf 73' lang='lat' dir='ltr'><strong>praeferendam</strong></span> <span class='ocrx_word' id='word_1_669' title='bbox 462 2669 634 2696; x_wconf 69' lang='lat' dir='ltr'><strong>existimarit.</strong></span> <span class='ocrx_word' id='word_1_670' title='bbox 659 2669 784 2696; x_wconf 87' lang='lat' dir='ltr'><strong>Alterum</strong></span> <span class='ocrx_word' id='word_1_671' title='bbox 807 2673 860 2702; x_wconf 89' lang='lat' dir='ltr'><strong>cst,</strong></span> 
     </span>
    </p>
   </div>
   <div class='ocr_carea' id='block_1_101' title="bbox 81 2713 861 2748">
    <p class='ocr_par' dir='ltr' id='par_1_101' title="bbox 81 2713 861 2748">
     <span class='ocr_line' id='line_1_101' title="bbox 81 2713 861 2748; baseline 0 -6"><span class='ocrx_word' id='word_1_672' title='bbox 81 2714 138 2748; x_wconf 79' lang='lat' dir='ltr'><strong>quod</strong></span> <span class='ocrx_word' id='word_1_673' title='bbox 163 2714 306 2742; x_wconf 77' lang='lat' dir='ltr'><strong>antistites</strong></span> <span class='ocrx_word' id='word_1_674' title='bbox 325 2713 376 2748; x_wconf 84' lang='lat' dir='ltr'><strong>ipsi</strong></span> <span class='ocrx_word' id='word_1_675' title='bbox 404 2714 492 2742; x_wconf 83' lang='lat' dir='ltr'><strong>Graeci</strong></span> <span class='ocrx_word' id='word_1_676' title='bbox 526 2718 665 2742; x_wconf 85' lang='lat' dir='ltr'><strong>testantur</strong></span> <span class='ocrx_word' id='word_1_677' title='bbox 688 2715 861 2743; x_wconf 82' lang='lat' dir='ltr'><strong>Gennadinm</strong></span> 
     </span>
    </p>
   </div>
   <div class='ocr_carea' id='block_1_102' title="bbox 81 2758 862 2795">
    <p class='ocr_par' dir='ltr' id='par_1_102' title="bbox 81 2758 862 2795">
     <span class='ocr_line' id='line_1_102' title="bbox 81 2758 862 2795; baseline 0.004 -10"><span class='ocrx_word' id='word_1_678' title='bbox 81 2767 160 2786; x_wconf 81' lang='lat' dir='ltr'><strong>vocem</strong></span> <span class='ocrx_word' id='word_1_679' title='bbox 176 2758 385 2793; x_wconf 75' lang='grc' dir='ltr'><strong>μετονσιώπεως</strong></span> <span class='ocrx_word' id='word_1_680' title='bbox 399 2767 564 2794; x_wconf 84' lang='lat' dir='ltr'><strong>usurpasse,</strong></span> <span class='ocrx_word' id='word_1_681' title='bbox 581 2765 610 2787; x_wconf 93' lang='lat' dir='ltr'><strong>ut</strong></span> <span class='ocrx_word' id='word_1_682' title='bbox 637 2760 741 2794; x_wconf 80' lang='lat' dir='ltr'><strong>pridem</strong></span> <span class='ocrx_word' id='word_1_683' title='bbox 768 2761 862 2795; x_wconf 81' lang='lat' dir='ltr'><strong>cogni-</strong></span> 
     </span>
    </p>
   </div>
   <div class='ocr_carea' id='block_1_103' title="bbox 82 2805 861 2839">
    <p class='ocr_par' dir='ltr' id='par_1_103' title="bbox 82 2805 861 2839">
     <span class='ocr_line' id='line_1_103' title="bbox 82 2805 861 2839; baseline 0.003 -9"><span class='ocrx_word' id='word_1_684' title='bbox 82 2809 137 2839; x_wconf 77' lang='lat' dir='ltr'><strong>tam,</strong></span> <span class='ocrx_word' id='word_1_685' title='bbox 150 2805 232 2839; x_wconf 84' lang='lat' dir='ltr'><strong>idque</strong></span> <span class='ocrx_word' id='word_1_686' title='bbox 247 2805 391 2833; x_wconf 82' lang='lat' dir='ltr'><strong>verissime</strong></span> <span class='ocrx_word' id='word_1_687' title='bbox 403 2806 437 2833; x_wconf 90' lang='lat' dir='ltr'><strong>ab</strong></span> <span class='ocrx_word' id='word_1_688' title='bbox 453 2806 508 2833; x_wconf 91' lang='lat' dir='ltr'><strong>illis</strong></span> <span class='ocrx_word' id='word_1_689' title='bbox 523 2806 698 2833; x_wconf 81' lang='lat' dir='ltr'><strong>observatum</strong></span> <span class='ocrx_word' id='word_1_690' title='bbox 718 2806 778 2834; x_wconf 85' lang='lat' dir='ltr'><strong>fuit.</strong></span> <span class='ocrx_word' id='word_1_691' title='bbox 793 2807 861 2834; x_wconf 84' lang='lat' dir='ltr'><strong>Cum</strong></span> 
     </span>
    </p>
   </div>
   <div class='ocr_carea' id='block_1_104' title="bbox 82 2851 861 2884">
    <p class='ocr_par' dir='ltr' id='par_1_104' title="bbox 82 2851 861 2884">
     <span class='ocr_line' id='line_1_104' title="bbox 82 2851 861 2884; baseline 0.004 -6"><span class='ocrx_word' id='word_1_692' title='bbox 82 2851 142 2879; x_wconf 72' lang='lat' dir='ltr'><strong>enirn</strong></span> <span class='ocrx_word' id='word_1_693' title='bbox 163 2851 309 2880; x_wconf 81' lang='lat' dir='ltr'><strong>homiliam</strong></span> <span class='ocrx_word' id='word_1_694' title='bbox 325 2852 398 2881; x_wconf 90' lang='lat' dir='ltr'><strong>illam</strong></span> <span class='ocrx_word' id='word_1_695' title='bbox 415 2852 581 2881; x_wconf 83' lang='lat' dir='ltr'><strong>declamaret</strong></span> <span class='ocrx_word' id='word_1_696' title='bbox 601 2852 626 2881; x_wconf 90' lang='lat' dir='ltr'><strong>in</strong></span> <span class='ocrx_word' id='word_1_697' title='bbox 653 2852 754 2884; x_wconf 82' lang='lat' dir='ltr'><strong>palatio</strong></span> <span class='ocrx_word' id='word_1_698' title='bbox 769 2861 861 2882; x_wconf 87' lang='lat' dir='ltr'><strong>coram</strong></span> 
     </span>
    </p>
   </div>
   <div class='ocr_carea' id='block_1_105' title="bbox 911 2251 1706 2287">
    <p class='ocr_par' dir='ltr' id='par_1_105' title="bbox 911 2251 1706 2287">
     <span class='ocr_line' id='line_1_105' title="bbox 911 2251 1706 2287; baseline -0.004 -7"><span class='ocrx_word' id='word_1_699' title='bbox 911 2256 1008 2280; x_wconf 76' lang='lat' dir='ltr'><strong>contra</strong></span> <span class='ocrx_word' id='word_1_700' title='bbox 1029 2253 1105 2280; x_wconf 88' lang='lat' dir='ltr'><strong>mille</strong></span> <span class='ocrx_word' id='word_1_701' title='bbox 1121 2252 1201 2285; x_wconf 80' lang='lat' dir='ltr'><strong>alios,</strong></span> <span class='ocrx_word' id='word_1_702' title='bbox 1214 2253 1269 2280; x_wconf 90' lang='lat' dir='ltr'><strong>imo</strong></span> <span class='ocrx_word' id='word_1_703' title='bbox 1285 2256 1379 2280; x_wconf 86' lang='lat' dir='ltr'><strong>contra</strong></span> <span class='ocrx_word' id='word_1_704' title='bbox 1407 2251 1547 2287; x_wconf 86' lang='lat' dir='ltr'><strong>publicum</strong></span> <span class='ocrx_word' id='word_1_705' title='bbox 1566 2256 1591 2278; x_wconf 88' lang='lat' dir='ltr'><strong>ct</strong></span> <span class='ocrx_word' id='word_1_706' title='bbox 1607 2251 1706 2277; x_wconf 87' lang='lat' dir='ltr'><strong>multo-</strong></span> 
     </span>
    </p>
   </div>
   <div class='ocr_carea' id='block_1_106' title="bbox 912 2296 1708 2326">
    <p class='ocr_par' dir='ltr' id='par_1_106' title="bbox 912 2296 1708 2326">
     <span class='ocr_line' id='line_1_106' title="bbox 912 2296 1708 2326; baseline -0.001 0"><span class='ocrx_word' id='word_1_707' title='bbox 912 2298 964 2326; x_wconf 80' lang='lat' dir='ltr'><strong>ties</strong></span> <span class='ocrx_word' id='word_1_708' title='bbox 977 2300 1229 2326; x_wconf 79' lang='lat' dir='ltr'><strong>renovatumtotius</strong></span> <span class='ocrx_word' id='word_1_709' title='bbox 1245 2298 1371 2326; x_wconf 66' lang='lat' dir='ltr'><strong>Ecclesia!</strong></span> <span class='ocrx_word' id='word_1_710' title='bbox 1385 2296 1486 2324; x_wconf 64' lang='lat' dir='ltr'><strong>Graecae</strong></span> <span class='ocrx_word' id='word_1_711' title='bbox 1503 2297 1708 2325; x_wconf 58' lang='lat' dir='ltr'><strong>testimonium-</strong></span> 
     </span>
    </p>
   </div>
   <div class='ocr_carea' id='block_1_107' title="bbox 912 2343 1710 2380">
    <p class='ocr_par' dir='ltr' id='par_1_107' title="bbox 912 2343 1710 2380">
     <span class='ocr_line' id='line_1_107' title="bbox 912 2343 1710 2380; baseline -0.005 -8"><span class='ocrx_word' id='word_1_712' title='bbox 912 2345 946 2372; x_wconf 82' lang='lat' dir='ltr'><strong>At</strong></span> <span class='ocrx_word' id='word_1_713' title='bbox 959 2345 1066 2372; x_wconf 86' lang='lat' dir='ltr'><strong>illorum</strong></span> <span class='ocrx_word' id='word_1_714' title='bbox 1080 2345 1187 2380; x_wconf 89' lang='lat' dir='ltr'><strong>primus</strong></span> <span class='ocrx_word' id='word_1_715' title='bbox 1201 2346 1382 2372; x_wconf 87' lang='lat' dir='ltr'><strong>anathemate</strong></span> <span class='ocrx_word' id='word_1_716' title='bbox 1397 2343 1545 2370; x_wconf 85' lang='lat' dir='ltr'><strong>damnatus</strong></span> <span class='ocrx_word' id='word_1_717' title='bbox 1562 2347 1614 2373; x_wconf 86' lang='lat' dir='ltr'><strong>est,</strong></span> <span class='ocrx_word' id='word_1_718' title='bbox 1642 2350 1710 2377; x_wconf 72' lang='lat' dir='ltr'><strong>pro-</strong></span> 
     </span>
    </p>
   </div>
   <div class='ocr_carea' id='block_1_108' title="bbox 911 2389 1705 2426">
    <p class='ocr_par' dir='ltr' id='par_1_108' title="bbox 911 2389 1705 2426">
     <span class='ocr_line' id='line_1_108' title="bbox 911 2389 1705 2426; baseline -0.005 -8"><span class='ocrx_word' id='word_1_719' title='bbox 911 2391 1069 2426; x_wconf 88' lang='lat' dir='ltr'><strong>scriptaque</strong></span> <span class='ocrx_word' id='word_1_720' title='bbox 1083 2391 1199 2424; x_wconf 82' lang='lat' dir='ltr'><strong>iudiciis</strong></span> <span class='ocrx_word' id='word_1_721' title='bbox 1235 2391 1363 2426; x_wconf 78' lang='lat' dir='ltr'><strong>publicis</strong></span> <span class='ocrx_word' id='word_1_722' title='bbox 1381 2389 1560 2424; x_wconf 72' lang='lat' dir='ltr'><strong>synodalibus</strong></span> <span class='ocrx_word' id='word_1_723' title='bbox 1586 2393 1705 2423; x_wconf 78' lang='lat' dir='ltr'><strong>quatuor.</strong></span> 
     </span>
    </p>
   </div>
   <div class='ocr_carea' id='block_1_109' title="bbox 911 2434 1704 2472">
    <p class='ocr_par' dir='ltr' id='par_1_109' title="bbox 911 2434 1704 2472">
     <span class='ocr_line' id='line_1_109' title="bbox 911 2434 1704 2472; baseline -0.008 -7"><span class='ocrx_word' id='word_1_724' title='bbox 911 2438 1085 2465; x_wconf 85' lang='lat' dir='ltr'><strong>Caivinistica</strong></span> <span class='ocrx_word' id='word_1_725' title='bbox 1098 2438 1160 2472; x_wconf 76' lang='lat' dir='ltr'><strong>eius</strong></span> <span class='ocrx_word' id='word_1_726' title='bbox 1180 2436 1320 2465; x_wconf 85' lang='lat' dir='ltr'><strong>confessio</strong></span> <span class='ocrx_word' id='word_1_727' title='bbox 1336 2434 1575 2469; x_wconf 87' lang='lat' dir='ltr'><strong>Constantinopoli</strong></span> <span class='ocrx_word' id='word_1_728' title='bbox 1587 2434 1704 2466; x_wconf 84' lang='lat' dir='ltr'><strong>scilicet,</strong></span> 
     </span>
    </p>
   </div>
   <div class='ocr_carea' id='block_1_110' title="bbox 912 2480 1703 2518">
    <p class='ocr_par' dir='ltr' id='par_1_110' title="bbox 912 2480 1703 2518">
     <span class='ocr_line' id='line_1_110' title="bbox 912 2480 1703 2518; baseline -0.006 -6"><span class='ocrx_word' id='word_1_729' title='bbox 912 2484 992 2512; x_wconf 86' lang='lat' dir='ltr'><strong>annis</strong></span> <span class='ocrx_word' id='word_1_730' title='bbox 1005 2484 1084 2516; x_wconf 78' lang='grc'>1658,</span> <span class='ocrx_word' id='word_1_731' title='bbox 1100 2484 1179 2516; x_wconf 64' lang='lat' dir='ltr'><strong>ltili,</strong></span> <span class='ocrx_word' id='word_1_732' title='bbox 1195 2488 1221 2511; x_wconf 88' lang='lat' dir='ltr'><strong>et</strong></span> <span class='ocrx_word' id='word_1_733' title='bbox 1237 2483 1315 2515; x_wconf 87' lang='lat' dir='ltr'><strong>l69l,</strong></span> <span class='ocrx_word' id='word_1_734' title='bbox 1331 2481 1526 2518; x_wconf 78' lang='lat' dir='ltr'><strong>liicro’solymis</strong></span> <span class='ocrx_word' id='word_1_735' title='bbox 1535 2488 1606 2508; x_wconf 90' lang='lat' dir='ltr'><strong>anno</strong></span> <span class='ocrx_word' id='word_1_736' title='bbox 1621 2480 1703 2512; x_wconf 68' lang='grc'><strong>1672,</strong></span> 
     </span>
    </p>
   </div>
   <div class='ocr_carea' id='block_1_111' title="bbox 911 2528 1706 2566">
    <p class='ocr_par' dir='ltr' id='par_1_111' title="bbox 911 2528 1706 2566">
     <span class='ocr_line' id='line_1_111' title="bbox 911 2528 1706 2566; baseline -0.004 -9"><span class='ocrx_word' id='word_1_737' title='bbox 911 2539 972 2566; x_wconf 79' lang='lat' dir='ltr'><strong>quae</strong></span> <span class='ocrx_word' id='word_1_738' title='bbox 986 2531 1087 2565; x_wconf 82' lang='lat' dir='ltr'><strong>judicia</strong></span> <span class='ocrx_word' id='word_1_739' title='bbox 1104 2534 1252 2558; x_wconf 85' lang='lat' dir='ltr'><strong>retractata</strong></span> <span class='ocrx_word' id='word_1_740' title='bbox 1274 2536 1413 2564; x_wconf 88' lang='lat' dir='ltr'><strong>nunquam</strong></span> <span class='ocrx_word' id='word_1_741' title='bbox 1435 2528 1557 2559; x_wconf 89' lang='lat' dir='ltr'><strong>fuerunt,</strong></span> <span class='ocrx_word' id='word_1_742' title='bbox 1575 2534 1638 2555; x_wconf 90' lang='lat' dir='ltr'><strong>cum</strong></span> <span class='ocrx_word' id='word_1_743' title='bbox 1655 2532 1706 2554; x_wconf 80' lang='lat' dir='ltr'><strong>eas</strong></span> 
     </span>
    </p>
   </div>
   <div class='ocr_carea' id='block_1_112' title="bbox 912 2573 1704 2605">
    <p class='ocr_par' dir='ltr' id='par_1_112' title="bbox 912 2573 1704 2605">
     <span class='ocr_line' id='line_1_112' title="bbox 912 2573 1704 2605; baseline -0.008 0"><span class='ocrx_word' id='word_1_744' title='bbox 912 2585 1008 2605; x_wconf 84' lang='lat' dir='ltr'><strong>omnes</strong></span> <span class='ocrx_word' id='word_1_745' title='bbox 1019 2577 1171 2605; x_wconf 81' lang='lat' dir='ltr'><strong>sententias</strong></span> <span class='ocrx_word' id='word_1_746' title='bbox 1187 2575 1333 2604; x_wconf 88' lang='lat' dir='ltr'><strong>Dositheus</strong></span> <span class='ocrx_word' id='word_1_747' title='bbox 1345 2575 1505 2602; x_wconf 86' lang='lat' dir='ltr'><strong>Enchiridio</strong></span> <span class='ocrx_word' id='word_1_748' title='bbox 1525 2581 1576 2602; x_wconf 82' lang='lat' dir='ltr'><strong>suo</strong></span> <span class='ocrx_word' id='word_1_749' title='bbox 1593 2573 1620 2600; x_wconf 93' lang='lat' dir='ltr'><strong>in</strong></span> <span class='ocrx_word' id='word_1_750' title='bbox 1635 2573 1704 2600; x_wconf 83' lang='lat' dir='ltr'><strong>Mol-</strong></span> 
     </span>
    </p>
   </div>
   <div class='ocr_carea' id='block_1_113' title="bbox 912 2621 1706 2656">
    <p class='ocr_par' dir='ltr' id='par_1_113' title="bbox 912 2621 1706 2656">
     <span class='ocr_line' id='line_1_113' title="bbox 912 2621 1706 2656; baseline -0.006 -5"><span class='ocrx_word' id='word_1_751' title='bbox 912 2623 991 2651; x_wconf 86' lang='lat' dir='ltr'><strong>davia</strong></span> <span class='ocrx_word' id='word_1_752' title='bbox 1009 2624 1082 2651; x_wconf 88' lang='lat' dir='ltr'><strong>edito</strong></span> <span class='ocrx_word' id='word_1_753' title='bbox 1098 2623 1253 2651; x_wconf 86' lang='lat' dir='ltr'><strong>inseruerit.</strong></span> <span class='ocrx_word' id='word_1_754' title='bbox 1287 2621 1440 2656; x_wconf 75' lang='lat' dir='ltr'><strong>Garganus,</strong></span> <span class='ocrx_word' id='word_1_755' title='bbox 1461 2621 1506 2647; x_wconf 84' lang='lat' dir='ltr'><strong>vix</strong></span> <span class='ocrx_word' id='word_1_756' title='bbox 1527 2625 1608 2647; x_wconf 86' lang='lat' dir='ltr'><strong>notus</strong></span> <span class='ocrx_word' id='word_1_757' title='bbox 1634 2621 1706 2646; x_wconf 88' lang='lat' dir='ltr'><strong>inter</strong></span> 
     </span>
    </p>
   </div>
   <div class='ocr_carea' id='block_1_114' title="bbox 912 2667 1706 2705">
    <p class='ocr_par' dir='ltr' id='par_1_114' title="bbox 912 2667 1706 2705">
     <span class='ocr_line' id='line_1_114' title="bbox 912 2667 1706 2705; baseline -0.006 -7"><span class='ocrx_word' id='word_1_758' title='bbox 912 2678 988 2703; x_wconf 73' lang='lat' dir='ltr'><strong>suos,</strong></span> <span class='ocrx_word' id='word_1_759' title='bbox 1004 2674 1043 2698; x_wconf 89' lang='lat' dir='ltr'><strong>tot</strong></span> <span class='ocrx_word' id='word_1_760' title='bbox 1056 2669 1220 2705; x_wconf 87' lang='lat' dir='ltr'><strong>patriarcbis</strong></span> <span class='ocrx_word' id='word_1_761' title='bbox 1235 2674 1262 2696; x_wconf 86' lang='lat' dir='ltr'><strong>et</strong></span> <span class='ocrx_word' id='word_1_762' title='bbox 1274 2668 1411 2704; x_wconf 82' lang='lat' dir='ltr'><strong>episcopis</strong></span> <span class='ocrx_word' id='word_1_763' title='bbox 1419 2667 1518 2702; x_wconf 89' lang='lat' dir='ltr'><strong>opponi</strong></span> <span class='ocrx_word' id='word_1_764' title='bbox 1533 2675 1586 2693; x_wconf 87' lang='lat' dir='ltr'><strong>non</strong></span> <span class='ocrx_word' id='word_1_765' title='bbox 1598 2670 1706 2701; x_wconf 74' lang='lat' dir='ltr'><strong>potest.</strong></span> 
     </span>
    </p>
   </div>
   <div class='ocr_carea' id='block_1_115' title="bbox 913 2712 1705 2750">
    <p class='ocr_par' dir='ltr' id='par_1_115' title="bbox 913 2712 1705 2750">
     <span class='ocr_line' id='line_1_115' title="bbox 913 2712 1705 2750; baseline -0.008 -7"><span class='ocrx_word' id='word_1_766' title='bbox 913 2715 1106 2750; x_wconf 80' lang='lat' dir='ltr'><strong>Metrophanes</strong></span> <span class='ocrx_word' id='word_1_767' title='bbox 1122 2716 1144 2743; x_wconf 88' lang='lat' dir='ltr'><strong>si</strong></span> <span class='ocrx_word' id='word_1_768' title='bbox 1156 2722 1217 2743; x_wconf 87' lang='lat' dir='ltr'><strong>vere</strong></span> <span class='ocrx_word' id='word_1_769' title='bbox 1232 2719 1259 2743; x_wconf 85' lang='lat' dir='ltr'><strong>ct</strong></span> <span class='ocrx_word' id='word_1_770' title='bbox 1272 2722 1305 2742; x_wconf 81' lang='lat' dir='ltr'><strong>ex</strong></span> <span class='ocrx_word' id='word_1_771' title='bbox 1319 2713 1402 2741; x_wconf 86' lang='lat' dir='ltr'><strong>animi</strong></span> <span class='ocrx_word' id='word_1_772' title='bbox 1418 2712 1553 2741; x_wconf 86' lang='lat' dir='ltr'><strong>sententia</strong></span> <span class='ocrx_word' id='word_1_773' title='bbox 1564 2720 1624 2740; x_wconf 85' lang='lat' dir='ltr'><strong>eam</strong></span> <span class='ocrx_word' id='word_1_774' title='bbox 1636 2720 1705 2740; x_wconf 64' lang='lat' dir='ltr'><strong>con.</strong></span> 
     </span>
    </p>
   </div>
   <div class='ocr_carea' id='block_1_116' title="bbox 914 2759 1704 2796">
    <p class='ocr_par' dir='ltr' id='par_1_116' title="bbox 914 2759 1704 2796">
     <span class='ocr_line' id='line_1_116' title="bbox 914 2759 1704 2796; baseline -0.004 -7"><span class='ocrx_word' id='word_1_775' title='bbox 914 2762 1061 2791; x_wconf 82' lang='lat' dir='ltr'><strong>fessionem</strong></span> <span class='ocrx_word' id='word_1_776' title='bbox 1076 2761 1162 2788; x_wconf 78' lang='lat' dir='ltr'><strong>edidit</strong></span> <span class='ocrx_word' id='word_1_777' title='bbox 1177 2769 1239 2796; x_wconf 66' lang='lat' dir='ltr'><strong>qua:</strong></span> <span class='ocrx_word' id='word_1_778' title='bbox 1268 2759 1428 2789; x_wconf 86' lang='lat' dir='ltr'><strong>Helmstadii</strong></span> <span class='ocrx_word' id='word_1_779' title='bbox 1461 2765 1563 2786; x_wconf 76' lang='lat' dir='ltr'><strong>excusa</strong></span> <span class='ocrx_word' id='word_1_780' title='bbox 1591 2764 1643 2789; x_wconf 84' lang='lat' dir='ltr'><strong>est,</strong></span> <span class='ocrx_word' id='word_1_781' title='bbox 1671 2766 1704 2786; x_wconf 86' lang='lat' dir='ltr'><strong>se</strong></span> 
     </span>
    </p>
   </div>
   <div class='ocr_carea' id='block_1_117' title="bbox 913 2804 1702 2843">
    <p class='ocr_par' dir='ltr' id='par_1_117' title="bbox 913 2804 1702 2843">
     <span class='ocr_line' id='line_1_117' title="bbox 913 2804 1702 2843; baseline -0.005 -7"><span class='ocrx_word' id='word_1_782' title='bbox 913 2809 970 2843; x_wconf 85' lang='lat' dir='ltr'><strong>ipsc</strong></span> <span class='ocrx_word' id='word_1_783' title='bbox 987 2807 1125 2841; x_wconf 76' lang='lat' dir='ltr'><strong>retexuit;</strong></span> <span class='ocrx_word' id='word_1_784' title='bbox 1143 2815 1203 2834; x_wconf 92' lang='lat' dir='ltr'><strong>nam</strong></span> <span class='ocrx_word' id='word_1_785' title='bbox 1227 2807 1384 2842; x_wconf 87' lang='lat' dir='ltr'><strong>patriarcha</strong></span> <span class='ocrx_word' id='word_1_786' title='bbox 1407 2804 1612 2833; x_wconf 70' lang='lat' dir='ltr'><strong>Alexandrinus</strong></span> <span class='ocrx_word' id='word_1_787' title='bbox 1639 2812 1702 2832; x_wconf 83' lang='lat' dir='ltr'><strong>cuiu</strong></span> 
     </span>
    </p>
   </div>
   <div class='ocr_carea' id='block_1_118' title="bbox 913 2849 1702 2883">
    <p class='ocr_par' dir='ltr' id='par_1_118' title="bbox 913 2849 1702 2883">
     <span class='ocr_line' id='line_1_118' title="bbox 913 2849 1702 2883; baseline -0.008 -1"><span class='ocrx_word' id='word_1_788' title='bbox 913 2858 997 2883; x_wconf 75' lang='lat' dir='ltr'><strong>esset.</strong></span> <span class='ocrx_word' id='word_1_789' title='bbox 1008 2853 1104 2882; x_wconf 84' lang='lat' dir='ltr'><strong>svnodi</strong></span> <span class='ocrx_word' id='word_1_790' title='bbox 1120 2852 1436 2882; x_wconf 74' lang='lat' dir='ltr'><strong>Constantinoooiitanze</strong></span> <span class='ocrx_word' id='word_1_791' title='bbox 1451 2852 1564 2880; x_wconf 79' lang='lat' dir='ltr'><strong>Decreta</strong></span> <span class='ocrx_word' id='word_1_792' title='bbox 1579 2849 1702 2877; x_wconf 82' lang='lat' dir='ltr'><strong>subscri-</strong></span> 
     </span>
    </p>
   </div>
  </div>
