1863 3057
183 118 237 147 283

183 174 272 202 bendo
288 177 470 207 confirmavit.
486 182 678 219 Adjungantur
694 187 718 214 si
733 188 809 215 lubet
823 191 903 224 pauci
923 192 969 219 alii
985 195 1007 223 Α

182 227 306 254 errones,
320 223 384 257 quid
417 225 525 255 illorum
545 231 703 259 testimonia
728 223 830 263 valere,
844 241 963 270 possunt

181 271 274 292 contra
290 268 370 296 totius
389 269 516 300 Ecclesia.-
538 273 637 303 Grmczt.
655 282 788 307 constans
811 287 826 307 a
853 287 964 316 septua-

179 311 253 345 ginta
269 318 295 340 et
309 315 424 349 amplius
436 319 516 346 annis
536 322 723 352 testimonium
739 327 750 352 7

213 357 251 384 Ita
261 367 292 386 ex
306 361 444 390 abnormis
459 364 533 393 illius
563 367 634 402 juris
662 370 843 404 dispositione
863 374 964 410 Cyrillo

176 402 316 437 damnato,
342 412 369 433 et
383 411 527 438 sententiis
556 414 706 443 teterrimis
717 417 837 450 confixo,
856 428 911 447 non
930 422 964 450 de

176 455 225 474 sua
238 450 336 483 solum,
367 454 413 480 sed
430 455 463 482 de
489 458 571 486 totius
587 458 735 489 Orientalis
763 463 891 493 Ecclesia
911 468 963 495 fide

174 495 247 520 cretii
262 503 391 529 oportet:
409 499 511 529 Cumis
524 503 591 537 ipsis
600 505 631 532 de
643 514 691 533 sua
701 507 822 541 ipsorum
841 512 895 540 title
908 521 961 541 non

175 539 315 572 credetur,
333 544 382 571 etsi
401 552 449 578 per
467 554 554 574 21111οδ
569 555 679 578 centum
710 558 737 580 ct
752 556 878 589 amplius,
902 566 961 585 eam

171 585 282 618 Scriptis
296 589 410 621 privatis
427 596 453 617 et
482 594 600 627 publicis
627 585 884 636 disciplinaquesua
901 613 963 639 quae

173 632 293 659 omnium
311 636 398 662 oculis
413 644 500 671 patet,
514 642 750 675 confirmaverint.
776 648 853 681 Quod
870 650 962 686 itaque

173 675 192 686 ρ
214 685 225 686 η
279 679 294 686 ,.
354 683 358 686 .

780 675 797 681 η
841 675 960 686 μων,

172 675 329 707 Gennadius
344 683 478 717 docuerit,
508 691 845 722 transsubstantiationem
878 705 960 731 quam

881 722 960 731 τω..

170 722 290 757 Cyl-illus
307 726 419 756 informi
432 737 459 758 et
474 731 573 761 furtiva
588 736 774 767 Confessione
791 743 961 771 condemna-

168 767 218 800 vit.
233 771 284 798 erit
301 772 426 802 Sutitheo
443 777 639 816 ὑποϐολιμαῖος
652 784 822 815 Gennadius.
856 789 894 816 Et
908 790 958 817 fal-

168 821 198 842 sa
217 816 263 844 illa
278 818 424 853 ltypothesi
435 832 589 854 nascuntur
605 830 664 857 aliae
679 839 732 858 non
763 835 853 862 minus
870 836 956 867 falsat.

168 862 302 892 adversus
319 866 455 897 Gennadii
476 872 643 903 laudatorem
657 876 795 913 Syrigum,
810 880 956 916 Georgium
975 868 997 895 Β

168 905 233 916 ΙῚΑᾉΑ
243 915 247 916 ν
257 915 260 916 ν
269 909 274 916 '
380 913 397 916 “·

677 905 686 912 ,
721 905 736 913 υ
815 905 848 908 γ-

167 905 335 943 Coresslum,
348 913 469 948 reliquos
479 917 586 945 tandem
599 922 645 954 qui
671 925 956 955 transsubstantiatio-

169 959 230 979 nem
248 955 369 989 recipere
385 966 415 986 se
432 961 553 994 professi
567 971 642 998 sunt,
657 967 708 995 hoc
721 970 882 1001 estGrzecos
898 982 958 1001 om-

167 1005 216 1025 nes
237 1008 245 1026 .-
267 1008 328 1028 natn
345 1004 508 1041 quicunque
522 1017 537 1036 a
552 1010 654 1046 Cyrillo
672 1014 724 1043 ltuc
755 1025 841 1053 usque
868 1021 955 1054 patri-

165 1045 308 1079 archatns,
343 1053 516 1086 metropoles,
537 1045 724 1093 episcopatus,
752 1045 955 1101 dignitatesque

164 1091 367 1122 ecclesiasticas
385 1100 542 1133 tenuerunt,
572 1102 645 1131 haud
677 1106 756 1134 aliter
779 1091 954 1140 crediderunt

162 1141 191 1162 et
210 1137 292 1165 locuti
309 1146 384 1175 sunt,
417 1152 498 1178 quam
514 1146 761 1182 Synodiannorum
784 1155 860 1187 1658.

162 1182 241 1216 1672,
260 1186 491 1219 1ϋ91,εοιιΐθεδίο
506 1194 668 1231 orthodoxa,
697 1202 725 1226 et
756 1201 809 1229 alia

161 1231 337 1260 auctoritatis
353 1235 468 1270 scripta.
482 1238 511 1266 ld
523 1240 546 1266 si
566 1249 659 1270 verum
687 1249 740 1278 est,
767 1251 796 1274 ut
812 1231 854 1276 est
885 1258 952 1279 sane

159 1277 332 1306 verissimum
347 1289 378 1308 ex
399 1282 558 1313 Grecorum
575 1290 697 1318 omnium
713 1296 950 1326 consentientibus

158 1322 338 1357 testimoniis,
351 1334 405 1354 non
436 1336 497 1358 esse
522 1332 605 1361 debet
629 1334 773 1366 Latinismi
803 1347 949 1377 suspectus

768 1365 773 1366 ,
803 1365 949 1377 __,,l,_-...-

159 1365 328 1404 Gennadius,
344 1373 449 1402 etiamsi
484 1380 821 1413 transsubstantiationeut
849 1388 949 1416 docue-

157 1413 203 1444 rit.
222 1423 310 1451 neque
324 1418 441 1448 llOllllllEE
454 1423 512 1456 ejus
529 1424 595 1454 fides
608 1427 785 1465 detrahenda,
813 1413 879 1468 quia

159 1460 214 1488 lam
231 1471 326 1492 vocem
344 1474 539 1501 reprzeseutat.

192 1507 245 1535 Sed
258 1510 326 1538 nihil
346 1513 434 1542 simile
445 1516 479 1543 de
505 1516 648 1548 Gennadio
670 1527 718 1550 attt
748 1524 807 1559 ejus
817 1527 944 1561 operibus
958 1546 979 1575 ο

192 1557 388 1575 ηΙΙΩΙΩΙΙΙίηΛηΛΙῖ
405 1562 489 1575 .....|::.
520 1564 598 1575 O_,_5.|
733 1570 738 1575 .
762 1571 768 1575 .
821 1572 825 1575 .

153 1553 388 1593 Constantinopoli
404 1562 491 1590 audiit
520 1564 671 1600 Stnitheus,
694 1553 770 1603 quisi
786 1553 843 1598 vel.
860 1553 941 1600 ununi

152 1601 199 1635 qni
210 1602 290 1636 plane
306 1605 466 1636 illitteratus
476 1617 530 1638 non
543 1611 651 1646 fuisset,
681 1601 805 1644 Graecum
823 1619 943 1648 interro~

151 1652 253 1681 gasset,
267 1651 389 1680 audisset
404 1656 499 1688 procul
518 1656 603 1685 dubio
618 1661 692 1695 quod
722 1669 826 1691 omnes
849 1665 941 1693 sciunt

151 1693 288 1721 neminem
304 1695 409 1726 Latinis
426 1700 519 1729 minus
547 1693 687 1732 addictum
710 1708 864 1742 patriarcha
896 1711 943 1738 illo

152 1739 246 1772 fuisse,
263 1743 401 1771 neminem
435 1746 543 1783 Syrigo,
560 1749 700 1785 Coressio,
713 1757 759 1780 aut
776 1755 837 1782 aliis
872 1763 942 1790 quas

151 1790 205 1812 tant
222 1787 403 1818 inclementer
420 1791 510 1822 habet.
527 1795 784 1834 Constantinopolin
802 1809 858 1829 non
884 1808 943 1830 erat

151 1833 347 1868 navigandum,
366 1843 395 1864 ut
420 1839 552 1870 Claudius
584 1845 798 1874 exscriberetur.
827 1847 863 1875 At
878 1856 941 1875 cunt

149 1878 217 1905 nihil
235 1879 290 1907 illic
307 1883 442 1912 audiverit
458 1885 493 1914 de
507 1887 648 1918 Gennadio
660 1896 687 1919 et
706 1892 767 1921 aliis
777 1901 845 1928 quos
856 1899 941 1924 testes

149 1923 305 1957 producunt
316 1928 458 1964 catholici,
476 1932 548 1961 unde
565 1934 661 1963 habuit
672 1937 750 1964 itlutn
763 1923 850 1967 fdisse
859 1943 941 1968 Λατι-

147 1971 287 2004 νόφροναε
307 1973 405 2002 falsam
420 1983 480 2005 csse
507 1978 579 2007 illius
606 1980 747 2010 homiliatn
776 1993 782 2011 :
811 1985 938 2022 Sytigum

147 2017 236 2047 tenebt
245 2017 334 2045 iuttt'm
347 2019 439 2048 Romae
449 2022 609 2058 educatutn,
620 2026 830 2057 Confessioncnt
844 2032 940 2060 ortho-

145 2061 244 2090 doxam
267 2071 336 2099 opus
355 2065 441 2094 fuisse
456 2067 598 2097 hominum
611 2071 896 2110 Λατινοφρονούντων,
910 2082 939 2105 ut

144 2108 248 2143 reliqua
266 2115 458 2144 prmtcreamus
469 2113 544 2142 iNon
558 2116 615 2143 haec
626 2125 692 2146 sane
702 2126 716 2146 a
724 2120 826 2149 Graecis
834 2124 938 2158 acoepit

146 2151 194 2186 qui
211 2152 315 2181 dudum
332 2159 478 2191 antequam
509 2159 651 2189 Sntithcus
680 2151 936 2203 Constantinopolin

143 2200 378 2237 proficisceretur,
395 2210 421 2232 et
441 2211 547 2240 postea,
564 2212 704 2239 contraria
716 2221 832 2248 prorsus
845 2215 934 2250 publi-
949 2213 974 2244 D

143 2252 174 2272 ce
191 2248 281 2274 testati
294 2253 369 2277 sunt.
387 2250 443 2278 Cur
457 2261 540 2288 porro
564 2257 748 2290 patriarcham
775 2248 932 2297 Hierosoly-

144 2293 275 2320 initanutn
292 2295 317 2321 in
331 2296 602 2336 familiaricolloquio
615 2311 665 2338 quo
691 2313 761 2332 anno
775 2306 842 2333 1671
855 2293 931 2335 illum

142 2337 268 2373 dignatus
283 2345 330 2372 est,
347 2341 381 2369 de
391 2342 424 2370 iis
433 2345 562 2374 omnibus
591 2355 646 2374 non
674 2348 880 2386 interrogavit?
905 2352 932 2380 ls

141 2389 202 2411 erat
217 2384 361 2416 Nectarius
374 2394 421 2416 aut
439 2389 597 2424 Dositheus,
635 2397 752 2429 utroque
766 2384 846 2425 nemo
859 2397 932 2426 inter

141 2430 251 2459 Graecos
270 2435 439 2463 recentiores
458 2435 556 2464 Latino
575 2438 678 2466 nomini
696 2442 782 2476 magis
793 2442 929 2473 infensus.

141 2476 198 2504 Non
211 2478 284 2506 aliud
299 2487 372 2508 certe
382 2483 591 2516 respondissent
614 2493 696 2520 quant
721 2489 795 2522 quod
820 2491 926 2525 primus

141 2522 167 2549 in
184 2524 298 2558 cpistola
314 2527 347 2554 ad
367 2527 488 2555 Paisium
506 2529 732 2565 Alexandrinum,
751 2535 814 2562 etin
839 2537 926 2565 altera

140 2569 172 2595 ad
190 2572 340 2600 monachos
373 2572 505 2608 Sinaitas,
531 2575 590 2604 sine
617 2579 778 2615 ambagibus
811 2587 928 2612 testatus

139 2623 190 2647 cst,
207 2623 238 2643 ex
254 2617 365 2651 scriptis
379 2626 473 2648 eorum
487 2630 556 2657 quos
587 2624 735 2658 Smitltcus,
764 2631 793 2654 ut
809 2627 928 2657 Latinis-

141 2668 184 2687 Illo
212 2668 358 2697 corruptos
386 2665 486 2700 rejicit,
514 2670 657 2703 petendam
692 2680 754 2701 esse
768 2674 925 2704 Graecorum

141 2707 200 2734 titlei
216 2709 350 2737 sinceram
369 2713 579 2751 expositionem,
609 2725 664 2746 non
681 2726 711 2747 ex
729 2719 796 2749 falsa
811 2721 927 2752 Confes-

177 2811 214 2843 (ι)
232 2812 318 2839 smn.
345 2822 369 2841 ο.
387 2814 430 2842 99.

176 2847 214 2881 (2)
230 2847 293 2882 l’Jg.
309 2849 360 2876 203
378 2851 420 2878 eti.
448 2852 493 2880 Gr.

699 129 888 164 GENNADIl
905 135 960 166 (ΣΡ.
979 137 1238 170 ΡᾹΤΒΙΑΒΟΗᾹΞ

1769 151 1829 183 284

1022 195 1100 222 sione
1116 194 1211 231 Cytilli
1226 204 1306 231 quam
1326 206 1387 226 cum
1403 199 1517 228 horrore
1531 202 1669 236 rejiciuut.
1698 206 1828 234 Audiis-

1017 244 1059 267 set
1076 248 1159 274 quam
1188 241 1328 270 diversum
1355 252 1370 272 a
1397 245 1556 275 Stnltbcnuo
1589 255 1664 278 esset
1688 251 1826 281 Nectarii

1016 286 1048 314 de
1068 286 1324 322 Claudiojndiciutn
1334 291 1368 319 de
1383 291 1507 327 Calvino,
1517 295 1551 322 de
1565 294 1696 329 Luthero,
1714 299 1755 326 de
1769 299 1826 327 Le-

1015 338 1090 365 gero.

1050 378 1102 406 Sed
1130 387 1183 407 non
1211 382 1292 410 'solus
1326 384 1528 416 eonfodiendus
1556 397 1615 418 erat
1639 392 1824 426 Gennadius.

1015 424 1094 457 cujus
1110 426 1200 454 stabat
1213 428 1314 456 intacta
1329 433 1489 465 auctoritas,
1506 435 1528 462 si
1559 436 1823 474 llierOsolymitana

1015 474 1147 506 synodus,
1169 475 1321 502 ann01672
1336 481 1432 504 contra
1460 479 1627 510 Calvinistas
1657 484 1772 517 habita.
1794 487 1823 513 in

1015 525 1067 551 qua
1095 521 1371 550 transsubstantiatio
1398 526 1543 560 perspicue
1571 530 1724 562 stabilitur,
1760 540 1822 559 non

1014 564 1093 592 simul
1106 567 1269 594 concideret.
1280 568 1324 595 Sie
1337 570 1419 605 igitur
1427 579 1485 600 eain
1502 576 1657 609 aggreditur
1671 578 1722 613 (i),
1735 579 1823 606 Cra--

1013 611 1053 638 cis
1067 618 1097 638 ut
1113 613 1213 647 ubique
1228 614 1292 642 facit
1306 616 1424 645 illudens
1444 627 1451 645 :
1465 618 1548 652 Num.
1576 611 1679 657 inquit,
1692 632 1725 651 ex
1746 626 1823 651 inle—

1012 664 1059 691 gro
1075 658 1170 691 affectu
1195 664 1219 686 et
1247 669 1336 688 amore
1361 664 1480 691 veritatis
1508 665 1701 703 Hierosolymis
1725 679 1823 705 nnprr

1013 710 1186 731 convenerunt
1218 707 1329 734 oraculo
1361 716 1455 736 contra
1486 711 1647 740 Coit-iniam:
1666 716 1819 743 Iurreticos

1011 750 1110 776 edituri
1136 751 1149 778 1’
1172 751 1238 783 Qum
1253 760 1312 780 cum
1333 753 1449 789 legerim,
1477 757 1556 791 plane
1579 760 1715 795 obstupui,
1745 762 1819 789 dum

1012 796 1090 829 probe
1116 798 1293 825 meminisse-tt
1318 802 1500 834 patriarcham
1529 804 1817 842 Hierosolymitumtm

1012 841 1243 877 Constantinopoli
1256 851 1375 880 agentem
1392 848 1528 882 familiari
1544 859 1596 885 quo
1616 841 1660 880 me
1677 854 1818 889 digitulos

1013 892 1052 914 est
1072 889 1220 924 colloquio,
1241 893 1308 918 mihi
1322 893 1427 921 ineunte
1444 904 1514 923 anno
1530 898 1597 925 1671
1626 900 1652 926 in
1678 900 1815 935 Any/ium

1011 935 1161 968 propediem
1174 937 1292 965 redituro
1307 940 1416 972 dixisse.
1433 950 1460 969 ει
1471 944 1608 978 quidpiam
1635 952 1730 974 contra
1742 957 1815 983 pou-

1011 980 1106 1012 tiﬁrios
1119 981 1210 1009 moliri
1222 984 1291 1017 quod
1315 985 1371 1012 illic
1393 993 1502 1021 cuperet
1533 990 1673 1019 edendum.
1697 980 1813 1022 Nomen

1010 1024 1083 1054 illius
1099 1029 1260 1061 patriai-clue
1271 1034 1362 1058 tacere
1377 1039 1432 1059 non
1460 1032 1576 1062 debebat
1611 1038 1690 1065 testis
1708 1040 1814 1066 ocula-

1009 1075 1064 1105 tus,
1079 1073 1126 1101 sed
1143 1082 1215 1102 anno
1229 1075 1295 1103 1671
1313 1077 1458 1107 Nectarius
1486 1086 1545 1108 erat
1570 1087 1617 1110 aut
1642 1082 1812 1116 Dosithens.

1008 1119 1055 1152 qui
1069 1125 1132 1153 post
1146 1121 1220 1149 illius
1248 1122 1429 1151 voluntariam
1446 1125 1652 1160 abdicationem
1669 1129 1811 1158 Hieroso-

1007 1161 1268 1198 lymitanamsedem
1285 1167 1446 1197 diutissime
1468 1172 1588 1200 obtinuit
1618 1181 1626 1203 :
1656 1183 1720 1202 nam
1758 1176 1808 1203 vix

1006 1214 1070 1236 ante
1087 1207 1156 1239 iluos
1173 1219 1261 1240 annos
1275 1220 1399 1243 mortuus
1428 1221 1480 1245 est.
1497 1218 1550 1246 Sed
1569 1227 1666 1255 parum
1702 1222 1808 1250 refert:

1005 1263 1067 1282 nam
1081 1255 1242 1286 Nectarium
1270 1260 1375 1290 scimus
1393 1270 1462 1297 opus
1487 1264 1622 1294 adversus
1648 1268 1807 1302 primatum

1003 1301 1084 1336 Papae
1098 1303 1265 1338 elaborasse,
1278 1307 1350 1342 quod
1374 1308 1521 1339 Dositheus
1549 1312 1623 1340 illius
1650 1301 1807 1343 successor

1003 1355 1075 1377 anno
1086 1350 1227 1379 l682Jasii
1239 1354 1429 1382 excutiendum
1446 1358 1517 1392 typis
1529 1360 1646 1392 curavit.
1656 1366 1683 1388 et
1696 1361 1803 1391 Latine

1002 1397 1083 1423 vertit
1097 1397 1196 1426 Petrus
1216 1399 1346 1429 Allixius.
1359 1401 1424 1435 Quae
1450 1412 1533 1433 causa
1557 1405 1642 1441 igitur
1664 1408 1805 1443 obstupe-

1001 1444 1095 1470 scenili
1107 1443 1231 1475 Sinitheo
1244 1446 1294 1474 fuit
1307 1447 1430 1484 iNempe
1441 1450 1514 1485 quod
1528 1451 1551 1479 is
1565 1452 1611 1486 qui
1625 1458 1722 1481 contra
1739 1454 1802 1481 Ro-

999 1497 1112 1518 manum
1133 1491 1292 1522 Pontiﬁcem
1309 1495 1440 1531 scriptum
1452 1503 1570 1531 pararet,
1581 1506 1654 1527 almo
1665 1502 1801 1535 sequenti

999 1534 1197 1573 Hierosolymis
1221 1539 1364 1568 Calvinum
1378 1561 1386 1575 ,
1404 1541 1533 1578 Cyrillum
1562 1543 1694 1578 Lucarin,
1707 1534 1800 1575 Clau-

996 1582 1071 1609 dium
1085 1584 1501 1616 anathematedamnaretmam
1515 1589 1572 1618 haec
1599 1591 1638 1619 illi
1663 1593 1798 1622 videntur

995 1628 1147 1657 ἀσύστατα.
1165 1631 1230 1660 Inde
1244 1634 1368 1662 modeste
1389 1636 1561 1670 conticescit,
1573 1638 1621 1665 sed
1634 1639 1732 1667 aculeo
1749 1649 1797 1668 re-

995 1675 1070 1709 licto,
1082 1684 1180 1712 nempe
1192 1682 1220 1705 ut
1235 1680 1306 1714 apud
1316 1688 1346 1708 se
1361 1682 1478 1717 quisque
1485 1684 1596 1720 colligat
1607 1691 1733 1720 suspecta
1743 1692 1798 1715 aut

995 1721 1062 1749 falsa
1085 1730 1146 1750 esse
1162 1724 1272 1752 decreta
1297 1727 1370 1754 illius
1381 1729 1478 1763 synodi
1493 1738 1500 1756 :
1513 1730 1560 1757 sed
1573 1739 1654 1765 quam
1666 1733 1795 1760 vanailla

994 1768 1150 1803 conjectura
1159 1770 1204 1803 sit,
1214 1779 1266 1798 non
1277 1772 1369 1801 multis
1381 1775 1471 1802 verbis
1478 1776 1619 1804 coniicitur
1630 1786 1707 1805 :nant
1717 1780 1743 1805 in
1756 1787 1795 1808 eo

994 1812 1176 1848 ipsotractatu
1200 1816 1320 1846 Nectarii
1342 1824 1438 1848 contra
1452 1820 1533 1857 Papa:
1547 1823 1793 1857 primatutn,fellis

993 1860 1146 1897 venenique
1156 1863 1325 1899 plenissimo,
1338 1866 1402 1894 dum
1415 1867 1546 1896 miracula
1554 1871 1678 1904 quaedam
1692 1872 1718 1898 in
1733 1871 1792 1898 Eu-

993 1906 1124 1936 charistia
1153 1909 1224 1937 facta
1243 1911 1337 1945 refert,
1348 1914 1689 1945 transsubstantiationem
1702 1919 1789 1946 docet

992 1953 1137 1988 perspicue
1161 1963 1170 1982 :
1186 1960 1213 1983 et
1226 1957 1342 1992 epistola
1364 1958 1605 1996 Constantinopoli
1622 1963 1660 1998 (2)
1677 1964 1786 1998 scripta

992 1998 1061 2027 1692
1086 2000 1293 2031 Confessionem
1315 2004 1505 2032 Orthodoxam
1520 2007 1621 2034 eximie
1641 2016 1789 2037 commen-

992 2046 1038 2073 dat.
1054 2056 1062 2074 :
1083 2048 1192 2076 tandem
1203 2049 1382 2077 tenebrionem
1393 2051 1480 2084 illum,
1492 2057 1516 2079 et
1530 2051 1634 2080 Latinis
1645 2054 1787 2084 addictum

990 2092 1126 2120 Meletium
1142 2093 1279 2129 Syrigum,
1291 2095 1370 2130 cujus
1389 2097 1414 2123 in
1430 2104 1461 2124 ea
1475 2098 1619 2126 scribenda
1636 2102 1787 2136 praecipuae

990 2141 1082 2172 partes
1092 2137 1209 2170 fuerant,
1219 2144 1280 2173 post
1293 2139 1388 2168 laudes
1400 2142 1468 2170 alias
1480 2148 1559 2171 vocat
1574 2145 1612 2181 (ὅ)
1622 2154 1782 2182 praeconem,

989 2183 1157 2218 interpretem
1172 2191 1197 2213 et
1212 2187 1340 2214 amassint
1356 2194 1491 2217 rectorum
1522 2192 1585 2226 ﬁdei
1612 2193 1780 2229 dogmamm.

989 2229 1086 2264 κήρυξ,
1100 2230 1275 2267 διερμηνεὺς,
1291 2235 1338 2261 καὶ
1354 2236 1465 2272 στάθμη
1478 2238 1534 2265 τῶν
1551 2239 1640 2274 ὀρθῶν
1667 2241 1717 2276 τῆς
1735 2244 1783 2270 πί-

988 2284 1074 2308 στεως
1087 2277 1242 2313 δογμάτων.
1256 2280 1308 2314 Qui
1319 2287 1372 2310 tam
1402 2284 1549 2313 infeliciter
1577 2287 1610 2314 de
1624 2287 1722 2324 Syrigo
1733 2289 1781 2324 ju-

986 2321 1100 2356 dicavit.
1119 2332 1180 2352 eum
1191 2325 1227 2354 de
1243 2326 1385 2357 Gennadio
1400 2335 1426 2358 et
1443 2331 1504 2366 ejus
1520 2331 1633 2361 homilia
1645 2321 1777 2364 idoneum

983 2367 1104 2403 judicem
1120 2378 1201 2399 nemo
1212 2379 1350 2407 agnoscet.

1020 2413 1115 2450 Neque
1137 2421 1180 2444 est
1202 2419 1275 2453 quod
1298 2420 1415 2456 αὺτοψια
1436 2422 1481 2450 illa
1496 2431 1579 2458 quam
1603 2426 1725 2453 nonnulli
1741 2428 1774 2454 ad

984 2468 1118 2489 nauseam
1145 2470 1233 2499 usque
1261 2465 1386 2501 ingerere
1410 2469 1511 2501 solent,
1537 2471 1694 2505 objiciatur.
1723 2473 1773 2501 Cui

981 2506 1054 2534 enim
1071 2510 1247 2542 persuadebit
1264 2512 1413 2547 aliquando
1429 2513 1586 2548 Smilheus,‘
1601 2525 1631 2545 se
1653 2526 1714 2553 quae
1739 2519 1773 2547 de

981 2551 1084 2588 Cyrillo
1107 2554 1204 2583 Lucari
1230 2558 1353 2592 scripsit,
1371 2559 1607 2598 Constantinopoli
1632 2551 1770 2599 didicisse,

981 2601 1028 2624 aut
1043 2597 1069 2625 in
1085 2598 1206 2628 Ecclesia
1221 2600 1315 2630 Graeca
1328 2611 1390 2632 eum
1404 2611 1433 2633 ut
1444 2597 1569 2635 sanctum
1583 2613 1610 2636 et
1624 2615 1770 2646 martyrem

981 2644 1044 2676 coli,
1054 2645 1100 2679 qui
1111 2646 1329 2678 anathematibus
1340 2651 1463 2680 confixus
1477 2657 1529 2681 est.
1542 2654 1600 2682 lino
1606 2657 1628 2683 si
1640 2644 1771 2685 etaim.

982 2692 1123 2725 tas,cujus
1134 2699 1164 2720 se
1172 2695 1391 2724 amantissimum
1410 2702 1536 2737 testatur,
1561 2701 1676 2737 alicujus
1697 2703 1768 2738 apud

981 2743 1042 2763 cum
1053 2737 1131 2772 pretii
1143 2743 1342 2775 est,'agnoscat,
1350 2743 1524 2778 conjectanea
1534 2746 1608 2774 illum
1619 2748 1709 2776 omnia
1716 2737 1768 2777 sua

1015 2829 1051 2864 ('5)
1069 2830 1194 2860 Confess.
1213 2834 1285 2862 ortlt.
1299 2835 1340 2862 ad.
1359 2835 1432 2872 Lips.
1449 2845 1474 2872 p.
1488 2837 1507 2865 6
