1863 3057
48 156 100 189 Ξῖό

792 149 963 180 SCHlPTA.

1639 130 1694 171 2'86

49 212 320 247 Constantinopolim
334 209 441 243 tulisse,
456 213 483 237 et
499 212 529 236 ut
543 215 648 236 merces
667 215 762 243 parum
783 215 847 234 vrn-
863 212 884 236 Α
902 206 948 233 sed
968 203 1124 232 certissime
1140 202 1382 232 demonstramus;
1398 203 1480 233 atque
1495 196 1563 224 adeo
1580 194 1692 224 Genna-

50 260 147 287 dibiles
169 260 284 286 domum
309 257 444 284 retulisse.
469 255 530 288 Quo
553 255 627 281 enim
655 255 735 281 modo
757 253 846 280 Grzeci

52 307 149 334 falsum
173 304 244 332 illud
270 309 389 338 systema
404 310 459 329 non
483 304 670 336 lgnorassent,
689 299 760 334 quod
775 306 844 334 pra:-

53 357 177 386 terquam
201 348 320 377 Claudio
342 348 369 375 in
391 347 485 375 Graeca
503 346 656 377 litteratura
680 344 762 379 plane
786 343 851 370 bos-

53 398 111 433 piti,
129 396 235 424 nemini
250 401 371 429 unquam
388 396 499 420 venerat
515 393 544 419 in
562 391 703 419 mentem?
720 394 770 417 aut
784 396 851 424 quo-

55 444 133 471 modo
145 444 175 469 in
187 442 360 469 contrariam
374 437 495 467 Decretls
507 437 688 474 synodalibus
699 436 769 467 suis,
781 435 854 463 Con-

56 489 168 516 lessioni
184 487 358 517 orthodoxae,
379 484 542 520 disciplinae,
564 482 703 510 communi
718 480 853 508 doctrina:

56 535 222 563 sententiam
237 534 311 559 intra
332 538 433 567 paucos
447 537 534 558 annos
550 527 705 556 transducti
720 526 850 557 fuissent,

58 581 166 608 nemine
191 578 412 608 contradicente,
445 581 493 603 aut
516 572 775 602 animadvertente?
801 571 853 598 Sed

58 626 122 654 satis
140 624 287 652 confutata
305 627 370 651 sunt
401 623 459 650 haec
479 621 572 648 omnia
594 619 730 655 paradoxa
756 619 790 645 ab
804 617 854 644 ad-

59 674 181 702 versario
215 671 391 702 doctissimo,
421 677 511 704 neque
529 669 577 696 illa
599 667 712 694 uberius
729 665 854 693 refellen-

61 721 85 747 di
98 727 183 747 causa
199 718 255 745 ulla
275 717 356 750 foret,
371 716 424 744 nisi
439 715 704 742 animadverteretur
720 713 853 748 quotidie,

62 766 127 792 nihil
143 770 199 792 tam
219 762 369 790 absurdum
390 765 437 788 aut
449 760 546 787 falsum
559 767 575 786 a
587 766 723 794 quoquam
741 756 855 790 alicujus
869 759 880 766 '

65 811 185 838 nominis
193 809 346 838 Calviuista
356 806 481 834 allirmari
491 813 584 841 posse,
598 805 670 839 quod
695 811 749 835 non
764 803 855 830 statim

64 857 221 885 laudatares
233 854 359 882 credulos
369 853 500 885 inveniat,
524 858 641 885 moxque
651 850 721 885 apud
740 849 858 884 reliquos

65 907 186 931 transeat
213 901 416 937 quodammodo
426 899 453 926 in
467 906 523 925 rem
534 898 694 932 judicalam.
706 895 772 922 Nam
784 903 858 922 men-

66 951 173 978 dacium
194 948 262 975 illud
283 950 381 979 totum,
404 945 437 972 de
454 944 557 972 Graecis
580 943 646 969 nihil
667 942 756 969 minus
776 948 858 976 quant

68 997 166 1024 realem
186 993 360 1030 praesentiam
385 989 779 1022 transsuhstantiationemqne
803 994 862 1013 rre-

69 1042 210 1072 dentibus,
224 1040 271 1068 sed
286 1047 345 1067 eam
364 1038 443 1064 [idem
463 1035 705 1071 amplectentibus,
720 1041 799 1068 quam
812 1032 864 1068 Cy-

70 1089 148 1116 rillus
166 1094 218 1114 sua
234 1085 417 1113 (lonfessione
442 1082 581 1118 exposuit,
599 1089 613 1108 a
631 1080 746 1108 Claudio
764 1079 865 1106 conﬂa-

72 1141 129 1162 tum
152 1137 207 1164 est,
229 1131 434 1160 dissimulante,
456 1128 497 1155 vel
515 1129 656 1163 ignorante
672 1125 764 1159 potius
782 1131 864 1159 quant

72 1182 213 1209 diversum
232 1178 303 1205 foret
318 1183 372 1204 non
388 1175 546 1203 Gnecorum
564 1172 657 1204 modo,
676 1172 724 1199 sed
739 1171 868 1198 doctissi-

75 1236 180 1257 morum
202 1226 285 1253 etiam
308 1227 385 1251 extra
406 1222 559 1249 Romanam
584 1219 808 1246 communionem
835 1217 868 1244 de

76 1274 168 1302 eadem
186 1270 335 1306 judicium.
355 1267 497 1296 Creditum
518 1265 546 1292 id
564 1264 649 1292 fuisse
671 1263 705 1291 ab
722 1262 870 1290 illitteratis

78 1328 109 1348 ex
129 1319 191 1354 ejus
217 1320 304 1349 secta,
323 1321 404 1341 nemo
426 1311 572 1339 mirabitur
591 1319 598 1337 :
619 1309 681 1345 quis
702 1308 871 1336 existimaret

80 1366 149 1394 enim
168 1364 247 1391 verbi
269 1361 355 1389 divini
378 1359 537 1387 ministrum
554 1357 580 1383 in
605 1364 634 1382 re
657 1360 711 1382 tam
731 1354 802 1382 seria
825 1358 873 1381 aut

81 1413 224 1447 ignorasse
257 1406 329 1443 quod
349 1405 492 1436 scriberet,
513 1406 560 1430 aut
580 1401 653 1436 quod
673 1401 872 1435 incompertum

82 1444 132 1486 sibi
154 1457 236 1488 foret,
252 1459 308 1481 tam
333 1455 409 1480 certo
424 1449 596 1478 allirmasse?
615 1447 695 1475 Redit
709 1447 777 1474 alter
799 1444 874 1472 Con-

85 1501 274 1537 stantinopoli,
285 1504 309 1527 el
322 1507 382 1534 quae
392 1497 525 1525 Claudius
538 1495 721 1522 affirmaverat
734 1492 823 1520 oculis
847 1499 876 1519 se

84 1551 185 1578 vidisse
198 1552 226 1576 et
239 1547 334 1574 auditu
350 1544 492 1579 accepisse
507 1542 596 1569 tribus
609 1539 707 1567 libellis
718 1539 799 1566 editis
812 1544 877 1564 con-

85 1603 210 1625 testatur.
242 1593 300 1622 Nos
335 1590 464 1620 catholici
494 1587 712 1624 patriarcharum
741 1584 875 1614 omnium,

47 1659 51 1662 -
86 1642 323 1678 metropolitarum
341 1643 368 1666 et
389 1637 506 1665 aliorum
531 1632 778 1671 ecclesiasticorum
802 1627 877 1662 testi-

87 1674 186 1717 moniis
204 1686 322 1723 publicis
337 1683 517 1720 privatisque,
530 1680 608 1707 libris
619 1678 701 1706 editis
716 1681 742 1704 et
755 1674 876 1706 iueditis,

90 1736 158 1763 fama
173 1721 297 1769 publica,
315 1729 457 1764 disciplina
473 1734 534 1763 quae
547 1725 711 1752 obversatur
722 1721 809 1750 oculis
821 1727 879 1746 om-

90 1781 177 1812 nium,
191 1784 219 1807 et
236 1779 298 1806 aliis
309 1782 389 1805 certae
404 1772 575 1802 auctoritatis
587 1768 757 1806 argumentis
770 1765 880 1798 muniti,

91 1827 243 1855 Smitbeum
262 1832 315 1851 non
336 1822 438 1850 vidisse
460 1819 503 1847 vel
529 1817 668 1845 audivisse
683 1812 882 1842 Constantino-

94 1874 156 1910 poli,
171 1879 234 1908 qua‘.
249 1877 388 1905 nunquam
404 1867 526 1898 fuerunt,
542 1871 596 1891 non
606 1867 708 1890 temere
719 1859 883 1891 asserimus,

877 881 896 908 Β

109 1967 225 1978 Ρ--.

225 1949 1094 1972 ________________._________——

901 251 941 278 dii
954 258 1035 286 quam
1050 250 1147 276 damus
1159 247 1276 275 llomilia
1287 246 1424 274 oculatum
1437 243 1570 280 ejusmodi
1585 246 1692 273 testem,

904 300 932 324 et
950 296 1110 327 nasutiores,
1127 299 1157 321 ut
1173 293 1245 328 loqui
1261 296 1345 324 amat,
1363 291 1483 326 ejusdem
1500 289 1607 324 generis
1626 295 1694 314 ceu-

904 350 982 370 sores
997 349 1049 369 non
1069 340 1237 368 reformidat.
1268 338 1345 366 Unde
1360 341 1602 372 quantumcunque
1617 341 1693 360 com-

904 387 1049 414 mendetur
1060 393 1120 413 cum
1132 384 1258 411 laudibus
1271 384 1330 418 ejus
1345 382 1472 416 αὐτοψια,
1489 380 1617 407 recedere
1632 386 1694 405 scn-

905 433 958 460 sim
976 432 1101 459 videmus
1118 430 1151 458 ab
1169 429 1243 457 illius
1258 430 1394 456 sententia
1412 429 1508 454 doctos
1536 425 1696 452 Protestan-

907 484 948 506 tes
967 487 973 505 :
993 483 1021 504 ut
1043 476 1208 504 Laurentius
1229 475 1403 502 Normannus
1419 473 1482 500 fecit
1497 473 1570 499 circa
1583 471 1698 498 Confes-

905 525 1010 552 siouem
1027 523 1220 554 orthodoxam,
1237 521 1334 548 Petrus
1348 519 1464 546 Allixius
1480 518 1552 545 circa
1565 517 1698 552 synodum

905 571 971 598 Jasii
998 569 1117 597 habitam
1139 574 1212 595 anno
1229 567 1309 599 1642,
1333 569 1360 593 et
1386 564 1523 592 Meletium
1550 563 1697 597 Syrigum:

905 617 1062 650 dudumque
1099 621 1158 640 eam
1197 612 1372 646 etploserunt
1401 609 1593 640 Marbachius,
1622 608 1700 634 Calo-

905 663 975 692 vius,
985 660 1129 688 Felhavius
1140 660 1305 693 Augustana
1312 656 1499 684 Confessionis
1512 653 1640 689 theologi,
1651 654 1704 680 ci.-

906 716 937 736 ca
950 708 1045 743 Cyrilli
1060 705 1265 734 Confessioncm
1276 709 1300 731 et
1315 702 1433 738 synodos
1444 710 1487 728 an.
1502 700 1570 728 1658
1583 706 1609 727 et
1622 697 1702 731 16H,

910 762 924 781 a
937 755 1037 789 quibus
1053 753 1205 788 proscripta
1224 755 1275 778 est.
1294 749 1388 784 Neque
1407 749 1464 783 ipse
1480 747 1619 774 Smitheus
1644 753 1701 773 0m-

910 801 976 827 uino
997 803 1079 834 negat
1104 798 1214 825 Graecos
1239 796 1347 823 tandem
1376 794 1524 821 hodiernos
1549 791 1702 827 prmsentiat

909 846 992 873 realis
1019 849 1046 872 et
1076 840 1398 871 transsuhstantiationis
1416 840 1514 873 dogma
1531 838 1672 865 imbihisse
1691 845 1698 862 :

911 891 960 920 sed
974 891 999 918 id
1016 890 1117 917 factum
1136 888 1262 924 pessimis
1282 886 1441 913 Latinorum
1461 883 1615 914 fraudibus,
1633 889 1702 916 quas

912 944 1076 965 arcanorum
1104 934 1238 962 revelator
1263 933 1321 961 dies
1339 931 1458 959 docebit.
1488 930 1515 957 Si
1543 935 1706 964 supremum

912 983 1014 1011 Judicii
1027 982 1099 1010 diem
1117 980 1255 1015 intelligit,
1273 979 1310 1006 ita
1329 985 1396 1006 sane
1412 986 1419 1004 :
1438 984 1500 1003 nam
1517 983 1608 1003 coram
1628 982 1706 1002 sum-

915 1038 959 1058 mo
969 1029 1066 1057 .ludice
1084 1028 1216 1063 patebunt
1234 1025 1346 1053 omnia:
1363 1024 1386 1050 si
1402 1022 1582 1057 longinquum
1595 1020 1707 1055 aliquod

916 1081 1033 1110 tempus,
1049 1074 1104 1109 jam
1121 1073 1227 1107 aliquot
1242 1071 1308 1098 anni
1327 1070 1395 1104 lapsi
1408 1072 1473 1096 sunt
1486 1075 1519 1094 cx
1533 1074 1588 1100 quo
1600 1065 1709 1092 dubita-

916 1122 939 1150 ri
955 1129 1009 1148 non
1023 1124 1113 1156 potest
1127 1119 1193 1153 quin
1211 1117 1298 1145 Grzeci
1314 1115 1384 1143 nihil
1400 1114 1492 1141 minus
1506 1120 1588 1147 quam
1619 1112 1704 1137 Λατι-

917 1169 1057 1202 νόφρονες,
1080 1166 1113 1193 de
1140 1163 1234 1200 Cyrilli
1262 1161 1453 1191 Confessione,
1470 1159 1503 1185 de
1518 1157 1629 1193 synodis
1643 1164 1709 1182 ρους

920 1217 963 1240 tra
979 1220 1038 1240 eam
1058 1211 1173 1246 ejusque
1187 1213 1327 1236 auctorem
1353 1205 1464 1238 habitis,
1479 1204 1512 1231 de
1539 1202 1712 1230 confessione

919 1258 1084 1288 orthodoxa,
1109 1256 1142 1283 de
1159 1251 1484 1282 transsubstantiatione,
1502 1248 1534 1275 de
1554 1246 1709 1278 chnadio,

921 1305 955 1333 de
985 1303 1091 1340 Syrigo,
1108 1303 1141 1330 de
1154 1299 1339 1331 Coressio,'de
1354 1297 1488 1332 Gregorio
1501 1293 1715 1330 proto-synccllo

923 1351 983 1386 ejus
1000 1348 1146 1384 discipulo,
1157 1355 1217 1375 eam
1234 1346 1390 1380 opinionem
1408 1342 1566 1370 firmissime
1594 1343 1715 1371 teneant,

924 1404 1006 1432 quam
1033 1395 1159 1422 oculatus
1180 1393 1225 1420 ille
1241 1391 1320 1419 testis
1335 1390 1401 1417 totis
1427 1389 1529 1415 viribus
1553 1387 1715 1421 impugnare

927 1449 1073 1478 aggressus
1099 1445 1151 1468 est.
1171 1439 1239 1467 Cum
1257 1438 1330 1466 enim
1344 1436 1442 1472 synodi
1461 1432 1717 1468 llierosolymitanm

928 1477 1036 1515 decreta
1053 1487 1110 1521 ipse
1126 1485 1273 1512 Dositheus
1291 1483 1317 1509 in
1331 1482 1464 1509 Moldavia
1493 1479 1537 1506 edi
1569 1477 1719 1507 curaverit,

929 1533 1030 1568 quibus
1057 1531 1148 1559 ornnia
1178 1529 1323 1565 perspicue
1350 1527 1537 1558 continentur,
1567 1530 1628 1558 quae
1657 1529 1719 1549 cum

930 1578 1080 1608 Claudiana
1106 1576 1378 1611 Δατινοφρονούντων
1409 1571 1568 1600 definitione
1581 1575 1653 1597 stare
1667 1574 1721 1595 non

932 1630 1056 1661 possunt,
1083 1624 1129 1652 sed
1154 1623 1278 1651 sinceras
1303 1620 1413 1647 Grmcos
1441 1626 1502 1645 esse
1530 1620 1648 1648 constat,
1676 1614 1722 1649 qui

933 1671 1108 1707 praesentiam
1135 1669 1236 1696 realem
1254 1671 1281 1694 et
1300 1663 1636 1694 transmbstantiationem
1663 1667 1723 1686 ere-

934 1705 1014 1748 dunt,
1033 1716 1136 1744 frustra
1148 1715 1312 1750 ronjcetura:
1323 1719 1419 1739 omnes
1432 1714 1496 1738 sunt
1510 1708 1555 1736 ubi
1571 1707 1656 1735 Graeci
1675 1705 1726 1738 ipsi

935 1764 1094 1798 loquuntur.
1113 1760 1191 1788 Unde
1217 1757 1349 1792 quidquid
1376 1764 1407 1782 ex
1430 1755 1496 1782 falsa
1521 1754 1568 1780 illa
1585 1750 1728 1787 hypothesi

936 1797 1032 1838 contra
1042 1806 1212 1836 Genuadium
1228 1809 1255 1832 et
1270 1806 1330 1838 ejus
1347 1802 1473 1829 homilias
1487 1799 1628 1827 Smitlteus
1644 1797 1730 1825 dedu—

938 1856 989 1888 xit,
1002 1852 1167 1884 accuratiori
1177 1851 1343 1879 refutatione
1358 1857 1413 1876 non
1427 1847 1540 1882 indiget.

1096 1938 1725 1954 ,____..__.__————

392 2037 741 2100 GENNADII
783 2031 1073 2118 OPEBUM
1114 2025 1443 2084 NO'l‘lTIA.

141 2224 317 2258 Qumcnnque
337 2225 351 2244 a
373 2211 518 2243 Gennadio
549 2208 652 2243 scripta
671 2206 704 2234 ad
728 2214 777 2234 nos
795 2211 893 2240 perve-

107 2250 217 2301 ιιειῖυιιι,
242 2250 290 2294 aut
314 2267 378 2291 ante
409 2256 628 2296 patriarchatum
654 2253 777 2287 scripsit,
802 2250 890 2278 autin

945 2201 1017 2229 bene
1033 2200 1153 2230 multas,
1174 2204 1291 2232 quarum
1317 2195 1427 2223 selectm
1442 2192 1567 2228 quaedam
1591 2195 1742 2225 supersunt

944 2249 972 2275 in
987 2247 1050 2274 cod.
1064 2245 1148 2280 Regio
1160 2243 1242 2275 2955,
1259 2244 1311 2270 hoc
1328 2241 1417 2272 titulo,
1442 2239 1489 2265 Ἐκ
1501 2238 1555 2264 τῶν
1578 2236 1743 2263 Ἐπιστολῶν

108 2281 217 2301 nerunt,
242 2281 290 2294 ill"
314 2281 378 2291 anu.
411 2281 619 2296 γει-..-νἽ-,ν-νην
660 2281 664 2282 γ
713 2281 718 2287 _
771 2281 776 2284 γ

108 2321 166 2354 ipso
182 2313 388 2352 patriarchatu,
403 2311 450 2335 aut
463 2304 590 2340 deposita
606 2301 740 2334 dignitate
758 2306 820 2326 cum
839 2306 843 2332 ι

1008 2294 1086 2328 ργῑου
1101 2291 1148 2318 τοῦ
1161 2290 1310 2326 Exemplo»
1326 2287 1372 2314 τοῦ
1384 2286 1498 2321 ὕστερον
1518 2283 1673 2312 Γενναδίου,
1699 2281 1742 2308 Ex

1007 2339 1080 2354 ..ηιμ
1096 2337 1202 2354 [τη-κει
1220 2334 1351 2354 ςηιιηιητιί
1380 2334 1426 2354 nui
1457 2330 1610 2354 nennadius
1626 2332 1742 2354 postmo-

110 2345 190 2393 Iv'atus'
219 2362 248 2388 in
280 2354 475 2386 monasterium
513 2350 606 2379 Sancti
634 2347 748 2375 Joannis
768 2345 898 2380 Baptistae

113 2391 196 2446 prope
209 2408 308 2435 Serras
323 2402 357 2430 ad
370 2401 540 2428 Menmceum
557 2399 676 2422 montem
692 2400 723 2419 se
734 2391 899 2426 recepisset.

211 2453 336 2482 ordinem
361 2448 420 2483 ejus
452 2450 566 2480 operum
583 2441 628 2476 qui
647 2440 710 2466 vitae
731 2438 830 2466 seriem
855 2444 900 2464 se-

113 2504 218 2539 quitur,
245 2498 357 2534 quidam
382 2500 460 2521 mss.
482 2489 594 2518 codices
616 2489 828 2521 repraesentant,
852 2483 899 2517 qui

116 2531 217 2579 tamen?
235 2531 263 2574 id
290 2543 374 2572 habet
400 2535 580 2567 incommodi,
595 2532 669 2568 quod
685 2532 719 2559 de
734 2531 829 2558 multis
846 2537 900 2556 non

117 2575 277 2630 its-liquet,
302 2593 334 2617 ut
364 2585 476 2622 quando
497 2580 600 2616 scripta
623 2579 678 2606 sint
702 2581 777 2605 certo
799 2575 902 2603 habere

120 2622 337 2680 [tonitruum-quo
351 2635 378 2662 in
402 2635 502 2667 genere
517 2632 582 2655 sunt
599 2624 718 2653 homilim
731 2622 900 2657 complures,

583 2674 589 2680 ¹
637 2672 653 2680 η
683 2671 689 2680 Ι
715 2675 805 2680 --λνμμμ
831 2668 900 2680 ιη.-.

121 2668 148 2720 lct
167 2668 314 2717 minutiora
329 2681 452 2718 quaedam
473 2674 620 2712 opuscula.
637 2671 690 2699 Sed
715 2675 807 2697 tatnen
830 2668 906 2695 hunc

124 2738 258 2765 ordinem,
273 2731 337 2767 quia
352 2724 523 2756 commcdior
539 2726 591 2751 est.
605 2725 763 2753 sequemur.

160 2762 293 2815 Georgius
305 2775 463 2804 Scholarius
477 2771 566 2798 adhuc
577 2768 666 2795 laicus
680 2786 687 2798 ,
705 2765 778 2793 circa
795 2762 910 2790 Floren-

128 2830 177 2858 tini
191 2810 300 2856 concilii
312 2829 433 2856 tempora
444 2818 556 2853 scripsit
578 2814 723 2851 epistolas,
741 2817 769 2840 ut
786 2810 905 2843 videtur,

170 2913 207 2948 (ι)
223 2912 260 2939 De
277 2914 425 2938 consensu,
438 2911 464 2939 [ι.
479 2902 547 2944 961.

953 2339 1080 2375 Epistolis
1096 2337 1202 2372 Georgii
1218 2334 1351 2364 Sclwlarii
1380 2334 1426 2368 qui
1457 2330 1610 2358 Gennadius
1626 2332 1744 2362 postmo-

954 2372 1017 2414 dum
1033 2386 1097 2421 fuit.
1113 2385 1143 2412 l-
1160 2383 1263 2411 nemini
1279 2381 1413 2415 inscripta
1425 2387 1431 2410 ;
1442 2378 1474 2405 2ο
1496 2374 1672 2409 imperatoris
1688 2372 1746 2399 fra-

954 2434 987 2462 tri
1002 2441 1010 2466 ;
1026 2433 1058 2460 5⁸
1077 2438 1175 2465 magno
1189 2426 1414 2462 ehartophylaci;
1432 2425 1462 2452 4η
1481 2423 1569 2450 Marco
1585 2420 1748 2454 Lipomano,

955 2464 1096 2508 Florentia
1114 2464 1244 2504 Venetiae
1260 2474 1363 2505 missa;
1386 2473 1417 2499 5⁸
1433 2469 1578 2498 Ambrosio
1592 2464 1742 2494 Cantaldu-

958 2527 1028 2556 lensi
1043 2535 1051 2559 ;
1068 2526 1104 2553 6³
1123 2523 1221 2558 Magno
1243 2521 1324 2549 duci:
1341 2519 1444 2546 ibidem
1461 2523 1570 2552 quoque
1586 2513 1701 2546 scripta,
1720 2515 1750 2538 ut

961 2574 1082 2603 videtur,
1099 2578 1153 2597 non
1171 2577 1203 2596 ex
1221 2567 1335 2597 Graecia.
1356 2571 1385 2592 ut
1400 2565 1558 2599 suspicatus
1574 2566 1614 2588 est
1632 2557 1748 2586 Allatius

957 2622 1005 2657 qui
1026 2619 1102 2647 illius
1121 2615 1244 2644 rneruinit
1259 2614 1310 2648 (l).
1327 2612 1422 2640 Exstat
1437 2617 1547 2645 quoque
1563 2610 1590 2635 in
1606 2606 1668 2633 cod.
1683 2603 1752 2631 Col-

957 2650 1067 2696 liertino
1087 2663 1178 2696 4958;
1197 2663 1228 2689 7-
1261 2665 1397 2696 anonymo
1420 2657 1454 2684 de
1479 2654 1593 2691 privatis
1613 2650 1751 2687 negotiis:

960 2695 992 2742 έα
1009 2710 1153 2746 Philelplto
1169 2707 1354 2736 Mediolanum
1378 2698 1626 2734 Constantinopoli
1638 2695 1752 2730 scripta,

967 2766 996 2788 ut
1013 2744 1153 2789 existimo,
1179 2759 1206 2783 et
1236 2758 1300 2781 ante
1324 2749 1522 2787 prolectionem
1549 2745 1681 2774 Italicam,
1705 2744 1755 2767 aut

968 2812 1031 2845 post
1047 2806 1166 2835 reditum
1183 2812 1190 2837 ;
1206 2809 1268 2830 nam
1282 2801 1309 2828 in
1328 2807 1360 2828 ea
1374 2797 1450 2826 dolet
1466 2794 1536 2830 eripi
1553 2793 1604 2821 sibi
1621 2798 1668 2827 per
1683 2793 1756 2818 stre-
