1863 3057
138 90 193 124 287

137 150 225 182 pilum
238 151 406 187 judiciorum
425 160 587 191 occasiones
600 164 633 192 ad
646 168 752 197 amicos
769 171 908 200 scribendi
923 182 930 206 ς

136 197 168 224 9.
182 198 308 255 ρῖῖηοίρί,
323 203 464 239 πρίγκιπι,
480 207 539 236 sive
557 209 581 238 is
595 211 630 239 sit
647 197 926 255 Theodorus

136 247 177 276 ta,
190 245 248 272 sive
260 245 460 280 Constantinus
475 255 521 288 qui
532 262 626 290 postea
643 259 795 296 imperator
811 245 926 295 ultimus

137 289 209 325 fuit;
236 293 284 320 1οα
310 294 471 330 imperatori
489 289 691 341 Constantino:
715 316 798 344 quam
815 312 927 347 scripsit

678 337 684 341 ι
724 337 732 344 ι
793 337 797 338 ⁷
815 337 925 347 *“⁷“Γ“’“

134 337 190 370 jam
203 341 367 375 monachus,
376 345 479 379 gratias
489 355 574 383 agens
586 351 618 379 de
629 357 802 385 munusculis
813 358 925 393 missis';

139 384 147 393 .
157 383 183 393 ._
202 384 221 393 ..
242 387 247 392 .
266 387 272 393 .
321 388 338 393 ,-

791 383 799 385 ἡ
813 383 904 387 νη--.-
917 383 925 393 ,

137 383 184 410 HI
202 384 292 413 Paisio
318 388 418 424 Cretas,
442 399 471 420 ut
496 395 679 432 conjicimus,
704 403 926 441 archiepiscopo,

135 431 179 457 cui
203 439 352 467 perpetuos
368 445 418 472 pro
436 439 549 470 Christo
568 431 677 474 labores
692 451 719 474 et
735 431 925 479 liberationem

134 484 166 503 cx
196 486 309 509 carcere
340 485 515 520 gratulatur;
545 490 593 518 12η
618 492 751 522 Lemnum
776 497 810 524 de
838 499 926 527 turbis

133 523 449 562 Constantinopolitanis
467 542 474 567 ;
496 534 545 562 13⁸
563 536 722 573 Imperatori
741 523 925 577 Trapezuntis

134 569 168 626 de
187 572 269 600 missa
290 575 323 602 ad
348 575 430 605 ltalos
450 579 586 614 legatione
599 569 669 612 [Νι
685 569 925 626 Nomopl'tyia'ciin

134 615 354 671 Pel'opopnesum
369 632 375 656 ;
392 624 442 651 15-
461 626 550 656 Marco
567 629 705 664 Ephesino
718 615 926 671 praebita-opu;

132 664 194 692 culo
210 665 345 696 adversus
356 669 508 701 Gemistum
525 674 686 706 Plethonem
703 687 752 715 pro
766 681 924 712 Aristotelis

132 708 318 747 defensione;
343 715 391 742 16⁸
415 717 519 751 absque
539 721 630 755 titulo.
655 724 689 752 de
703 708 821 760 privatis
837 735 924 764 nego-

133 756 190 785 tiis.
216 757 272 787 Has
296 759 436 796 Epistolas
456 772 552 794 omnes
574 756 752 803 repraesentat
766 773 852 801 codex
869 756 921 802 ms.

130 802 304 834 bibliothecae
335 807 436 843 Regiis,
466 802 643 846 selectasput
658 817 788 852 videtur,
810 827 843 848 ex
860 820 921 849 aliis

128 849 265 885 pluribus,
288 855 367 888 quasi
386 855 528 892 digniores
542 867 601 894 qua:
611 861 638 888 in
648 849 922 895 codicem'referren-
936 873 960 903 Β

936 897 960 903 —
975 897 1023 906 υιιι
1041 897 1075 907 ιη
1096 897 1117 907 υ
1138 897 1191 909 "ll"

132 900 187 924 tur.
206 897 234 924 lu
263 899 425 929 Colbertino
441 904 581 940 adjunclae
592 913 658 936 sunt
674 915 798 939 veterum
814 913 922 948 aliquot
975 931 1004 954 υι
1019 897 1135 956 ,ξδιηιηζ
1150 929 1178 956 in
1192 897 1207 958 ἑ

132 943 253 958 “nia-"ll-
290 946 359 958 .._s,l-
384 952 405 958 κ.
426 950 443 958 ν
509 953 525 958 ,.
646 955 651 958 .
814 957 817 958 ,

129 943 272 977 epistolis,
290 946 361 975 unde
381 950 443 985 styli
470 953 562 986 potius
583 955 669 989 gratia
687 965 769 991 quam
783 957 817 987 ad
834 943 923 988 histo-

130 989 199 1018 riam
214 991 404 1023 illustrandam
422 997 551 1027 videntur
565 1002 696 1036 collectae,
710 1009 740 1032 ut
755 1006 836 1034 etiam
855 1015 922 1042 pau-

129 1044 169 1063 ca:
188 1038 293 1073 aliquot
312 1040 392 1070 Lurze
416 1043 524 1073 Notam
561 1046 652 1082 Magni
672 1050 762 1085 ducis.
783 1038 919 1082 Theodori

127 1082 254 1118 Dl-spotm
267 1107 274 1118 ,
286 1092 313 1115 et
330 1092 512 1125 quorumdam
525 1094 640 1123 aliorum
660 1097 767 1132 imperii
785 1099 920 1129 Constan-

128 1129 300 1164 tinopolitani
315 1144 471 1170 procerum.

163 1176 309 1208 Florentiae
343 1184 456 1219 scripsit
490 1187 636 1219 Orationes
664 1200 725 1227 quae
752 1200 812 1220 cum
841 1194 918 1222 Actis

126 1224 235 1251 concilii
251 1227 498 1266 circumferuntur,
516 1235 539 1262 si
560 1239 651 1264 tamen
668 1238 743 1267 illius
758 1244 823 1267 sunt
840 1249 848 1274 ;
866 1249 919 1276 po-

128 1270 181 1297 tuit
195 1278 263 1299 sane
283 1281 331 1302 cas
348 1277 514 1313 scripsisse,
536 1287 567 1309 ut
583 1290 614 1310 cx
635 1284 712 1312 Actis
727 1285 833 1319 liquet:
853 1295 916 1315 nam

126 1316 160 1343 ad
191 1326 286 1347 eorum
320 1326 485 1353 sententiam
514 1328 560 1362 qui
586 1329 716 1359 unionem
731 1340 794 1360 cum
811 1333 916 1362 Latinis

125 1365 285 1398 suadcrcnt.
311 1371 466 1400 accessisse
486 1373 634 1411 Georgium
654 1377 828 1407 Scholariutn
842 1381 915 1408 veri-

125 1411 216 1439 simile
243 1418 295 1446 est.
330 1417 385 1445 imo
415 1424 534 1453 certum.
558 1423 610 1451 nisi
625 1425 688 1460 quis
702 1425 769 1454 Acta
786 1427 915 1456 falsitatis

123 1465 246 1493 accuset,
271 1463 344 1496 quod
364 1466 448 1493 certis
476 1471 644 1503 argumentis
668 1473 788 1506 probare
806 1473 914 1503 diiiicile

123 1508 175 1532 cst.
192 1506 344 1536 Confirmat
358 1511 490 1541 Actorum
506 1515 586 1543 fidem
601 1517 718 1552 epistola
731 1519 814 1548 Marci
827 1520 914 1555 Ephe-

123 1551 176 1578 sini
198 1560 229 1580 ex
256 1556 318 1582 cod.
346 1557 506 1589 Florentino
530 1567 559 1590 et
575 1551 636 1598 qua:
660 1570 749 1594 exstat
774 1567 801 1594 in
827 1567 914 1602 Regio

123 1598 196 1626 295:.
211 1601 343 1636 producta
361 1607 396 1632 ab
414 1607 527 1642 Allalio,
544 1617 596 1645 qua
611 1611 638 1638 in
653 1611 825 1642 Scholarium
840 1598 915 1643 inve-

123 1645 215 1680 hitur,
242 1649 315 1682 quod
355 1651 474 1687 aliquam
504 1663 565 1683 cum
596 1657 705 1687 Latinis
734 1662 913 1691 concordiam

123 1691 181 1718 ﬁeri
208 1701 290 1728 posse
316 1697 514 1728 existimasset.
528 1701 629 1739 Verum
647 1712 701 1732 non
715 1713 803 1741 pauca
817 1707 844 1735 in
863 1709 913 1737 has

123 1739 263 1769 orationes
289 1742 437 1779 irrepsisse
467 1747 606 1777 fatendum
630 1756 685 1785 est,
701 1739 762 1788 qua:
780 1755 914 1784 adnotare

123 1787 278 1819 prolixioris
303 1796 375 1819 esset
392 1801 494 1828 operte.
512 1795 601 1825 Editze
619 1803 685 1827 sunt
700 1787 727 1827 et
742 1801 836 1831 Romae
849 1811 912 1831 cum

123 1835 244 1862 COncilio
263 1836 424 1868 Florentino
442 1840 470 1869 in
487 1842 535 1870 fol.
552 1842 768 1880 Graeco-Latine,
784 1848 912 1879 Matthteo

120 1877 304 1918 Caryophylio
319 1884 478 1921 interprete,
495 1894 522 1916 et
535 1889 561 1917 in
576 1892 605 1918 4·
621 1896 676 1919 tum
691 1893 718 1920 in
728 1877 912 1925 editione

122 1931 203 1953 mana
224 1929 406 1958 conciliorum
432 1939 479 1962 an.
495 1933 565 1962 1612
576 1954 584 1968 ,
598 1941 664 1964 tom.
681 1937 727 1966 IV.
742 1939 858 1968 Exstare
875 1943 912 1970 ait

121 1972 241 2001 Allatius
260 1975 287 2003 in
304 1977 384 2005 codd.
402 1987 470 2008 mss.
485 1980 672 2017 Scoriacensi,
686 1984 827 2015 Bavaricis
843 1989 910 2018 duo-

121 2018 400 2056 bus,AlIempsiano,
431 2028 459 2053 et
484 2026 549 2056 Ant.
581 2028 741 2065 Augustini.
770 2033 913 2064 [labentur

119 2071 233 2112 quoque
249 2067 276 2094 in
290 2069 371 2096 codd.
390 2069 484 2106 Regiis
495 2093 502 2107 ,
517 2078 545 2102 et
559 2075 586 2103 in
606 2076 732 2107 Caesarea
747 2081 911 2112 bibliotheca

120 2115 150 2137 ιι·
169 2110 213 2144 ﬁt,
231 2113 301 2141 inter
316 2114 427 2146 Graecos
445 2118 595 2150 historicos
608 2123 659 2158 (t).

157 2158 289 2194 Apologia
303 2168 353 2197 pro
368 2164 490 2201 quinque
504 2169 642 2204 capitibus
664 2174 775 2201 concilii
793 2174 911 2203 Floren-

117 2205 169 2232 t’ni
186 2206 276 2235 serius
300 2210 415 2246 scripta,
441 2213 513 2242 edita
543 2221 585 2244 est
601 2218 693 2246 Roma:
716 2220 785 2247 1577
809 2223 836 2249 in
863 2220 910 2251 fof.
927 2233 949 2262 υ

117 2262 126 2279 ‹
136 2261 179 2280 um
193 2255 287 2283 eodem
302 2258 421 2287 concilio
436 2260 549 2296 Graece;
566 2268 593 2290 et
607 2263 714 2301 Latine,
727 2267 811 2295 Fabio
823 2268 909 2298 Bene-

117 2300 238 2328 volcntio
248 2302 406 2339 interprcte,
419 2306 446 2334 in
457 2307 485 2334 4ο
498 2309 575 2342 1559,
592 2309 819 2341 Graece-Barbare
830 2323 908 2343 versa

116 2355 130 2371 a
145 2346 269 2376 Muttharo
285 2349 479 2388 Caryophyllo,
495 2360 523 2382 et
539 2355 684 2390 aliquoties
698 2358 725 2385 in
738 2358 906 2395 Bibliotheca

116 2393 238 2424 Patrum.
264 2396 330 2425 Eam
359 2399 558 2436 Caryophyllus
587 2393 905 2442 Gennadio‘ahjudicat,

115 2448 196 2475 quum
210 2443 307 2473 refellit
324 2446 449 2474 Allatius.
469 2447 580 2476 Illorum
599 2451 722 2480 rationes
737 2453 769 2480 ad
789 2461 905 2483 examen

117 2495 246 2518 revocare
259 2499 373 2526 prorsus
393 2493 490 2521 inutile
518 2495 638 2525 videtur.
657 2497 724 2526 Nam
742 2507 804 2527 cum
820 2509 853 2530 ex
873 2503 907 2531 iis

115 2542 177 2569 quae
192 2543 206 2563 a
225 2538 305 2566 nobis
323 2538 357 2566 de
372 2539 514 2569 Gennadio
533 2542 606 2570 dicta
626 2549 702 2577 sunt,
718 2552 828 2575 constet
842 2556 905 2576 eum

116 2582 209 2609 statim
222 2588 304 2619 atque
315 2584 575 2623 Constantinopolin
599 2598 727 2620 reversus
744 2598 798 2627 est,
816 2594 906 2624 Marco

117 2627 256 2664 Ephesino
277 2632 495 2666 reconciliatum,
522 2643 634 2672 operam
660 2646 769 2668 onmem
793 2642 820 2669 in
843 2650 905 2678 per-

153 2699 190 2735 (i)
204 2699 236 2727 V.
255 2699 429 2731 Lambecium
444 2704 462 2731 l.
479 2708 537 2740 vnit,
555 2714 582 2742 p.
602 2707 653 2736 505
670 2713 696 2736 ct
707 2718 765 2746 seq.

658 108 853 144 GENNADII
867 114 923 146 ΟΡ.
941 116 1203 154 ΡΑΤΒΙΑΒΟΗᾸΞ

1735 135 1801 166 288

947 180 1116 212 Avertenda
1144 183 1249 211 unione
1282 185 1444 222 contulisse,
1470 187 1573 218 frustra
1602 182 1802 226 quereretur

979 233 1034 261 quo
1053 231 1176 263 tempore
1191 230 1261 258 hanc
1275 231 1436 269 Apologiam
1451 235 1548 268 edidit,
1569 243 1630 272 qua:
1645 246 1704 265 non
1729 237 1795 264 nisi

978 278 1041 308 post
1069 275 1173 304 cladem
1200 277 1288 312 urbis,
1316 284 1400 315 atque
1426 281 1496 310 adeo
1523 283 1550 310 in
1581 285 1794 319 patriarcliatu

978 320 1082 355 scripta
1097 326 1236 357 censetur,
1253 325 1288 353 ab
1308 325 1343 354 iis
1358 327 1404 362 qui
1429 327 1502 356 illam
1528 329 1672 358 Gennadio
1695 331 1797 359 attri—
1841 366 1848 368 _

978 365 1066 394 buunt
1085 368 1123 403 (ιι)
1141 377 1149 396 :
1168 373 1310 406 nunqua‘m
1332 373 1404 401 enim
1434 380 1606 412 resumptum
1631 378 1725 406 semel
1761 378 1794 405 in

978 412 1091 442 LatinOs
1105 416 1198 443 odium
1208 417 1348 452 deposuit.
1363 420 1419 448 imo
1427 423 1568 456 perpetuis
1586 425 1794 452 accusationi-

977 459 1030 487 bus
1040 460 1069 488 in
1085 469 1134 490 eos
1149 463 1276 492 invectus
1287 470 1344 498 est.
1360 472 1390 495 et
1402 468 1429 495 in
1443 476 1473 496 ea
1489 471 1628 498 sententia
1641 472 1675 499 ad
1690 472 1790 500 tinent

978 515 1064 542 usque
1076 509 1140 537 vitae
1166 513 1361 546 perseveravit.
1392 514 1419 542 Si
1434 523 1501 551 ergo
1529 517 1603 546 Illius
1627 525 1699 553 opus
1718 519 1792 546 lucc

977 555 1108 589 Apologia
1135 559 1273 586 censenda
1297 565 1350 592 est,
1377 563 1508 597 scriptam
1536 563 1622 592 fuisse
1647 565 1792 601 oportuit.

977 607 1024 629 aut
1041 602 1198 638 Florentiae,
1214 611 1260 633 aut
1275 607 1367 635 statim
1385 613 1445 642 post
1459 609 1588 638 reditum.
1603 611 1655 639 Sed
1668 612 1692 640 si
1707 613 1789 647 quis

977 648 1014 675 ita
1029 654 1143 683 statuat.
1169 652 1293 680 eamdem
1316 653 1507 690 interpolatam
1539 656 1626 685 fuisse
1652 658 1790 687 fateatur

977 702 1091 723 necesse
1107 700 1160 735 est.
1177 697 1276 726 adsuta
1295 699 1329 727 de
1352 701 1557 730 calamitatibus
1574 702 1788 732 Constantino-

975 742 1106 776 politanis
1119 744 1188 771 satis
1207 745 1287 781 longa
1300 746 1412 775 lacinia.

1011 787 1155 817 Orationes
1166 790 1206 817 hae
1219 795 1328 819 exstant
1344 800 1352 819 ε
1370 794 1418 825 Εἰς
1432 793 1482 829 τὴν
1499 795 1584 830 ἁγίαν
1600 797 1649 824 τοῦ
1666 798 1786 833 Κυρίου

975 834 1054 868 ἡμῶν
1089 835 1179 870 Ἰησοῦ
1213 835 1333 872 Χριστοῦ
1364 839 1612 877 Μεταμόρερωσιν,
1643 845 1671 872 in
1704 844 1784 872 Iesu

975 879 1077 907 Christi
1096 880 1204 910 Domini
1222 884 1308 911 nostri
1334 882 1622 921 Trans/igurationem.
1647 890 1782 926 Scripta,

1208 930 1288 958 odice
1304 931 1388 967 Regio
1404 933 1485 967 2955,
1503 941 1565 962 cum
1579 935 1669 963 adhuc
1682 944 1784 965 saecu-

974 973 1041 1002 laris
1051 980 1137 1008 esset.
1155 977 1208 1005 sub
1224 975 1331 1006 Joanne
1361 979 1537 1014 imperatore.
1556 986 1663 1017 reperta
1679 981 1778 1011 Thes-

972 1020 1101 1049 salonicae
1117 1026 1179 1058 post
1190 1029 1296 1059 captam
1313 1025 1584 1061 Constantinopolin.

1010 1069 1036 1096 In
1055 1069 1125 1098 festo
1140 1070 1196 1098 τῶν
1212 1071 1332 1100 Εῑσόδων
1349 1075 1589 1109 προσφωνητικός.
1607 1075 1690 1104 Lecta
1707 1075 1778 1104 haec

972 1115 1060 1143 oratio
1074 1116 1101 1143 in
1119 1117 1288 1145 monasterio
1314 1118 1461 1155 Pcriblepti
1476 1120 1605 1156 primum,
1632 1128 1778 1157 praesente

971 1161 1154 1191 Constantino
1173 1163 1350 1198 imperatore.

1005 1208 1065 1236 Alta
1081 1209 1185 1245 absque
1203 1210 1296 1244 titulo,
1309 1211 1394 1240 πάλαι
1410 1213 1461 1249 μὲν
1480 1213 1614 1249 Ἰουδαῖοι,
1625 1216 1652 1244 in
1665 1217 1771 1244 eodem

969 1253 1074 1282 codice.

1005 1300 1032 1327 lu
1068 1300 1337 1331 Commemoratione
1371 1305 1566 1335 Decollationis
1597 1307 1626 1336 S.
1646 1308 1771 1339 Joannis

968 1346 1106 1381 Baptistae.
1124 1346 1220 1376 Oratio
1243 1354 1333 1378 exstat
1357 1351 1384 1378 in
1402 1352 1498 1380 eodem
1515 1354 1578 1382 cod.
1595 1355 1624 1382 ln
1651 1362 1767 1390 nostro,

968 1393 1020 1422 sub
1053 1393 1133 1421 titulo
1162 1393 1297 1424 chnadii
1325 1396 1465 1432 Monachi,
1498 1401 1595 1436 incipit
1621 1411 1628 1429 :
1653 1402 1683 1429 '0
1711 1404 1770 1439 μὲν

967 1440 1103 1475 μακάριος
1131 1440 1260 1478 Ἰωάννης
1287 1444 1334 1471 καὶ
1362 1444 1530 1482 Βιπτιπής.
1559 1447 1703 1476 Omittitur
1729 1450 1771 1479 ab

965 1485 1079 1514 Allatin.

1002 1535 1072 1567 Alia,
1097 1535 1137 1568 εἷς
1151 1537 1201 1571 τὴν
1233 1537 1305 1564 κατὰ
1323 1538 1412 1574 σάρκα
1427 1538 1555 1575 γέννησιν
1582 1540 1631 1568 τοῦ
1655 1542 1767 1577 Κυρίου

969 1580 1049 1616 ἡμῶν
1067 1581 1155 1617 Ἰησοῦ
1171 1583 1302 1617 Χριστοῦ,
1329 1583 1362 1612 1η
1386 1584 1562 1613 Nativitatem
1590 1587 1697 1615 Domini
1714 1598 1766 1617 no-

969 1627 1020 1654 stri
1034 1627 1100 1655 Iesu
1116 1628 1215 1657 Christi
1232 1631 1377 1658 secundant
1405 1640 1522 1659 carnem.
1549 1632 1681 1661 Gcnnadii
1701 1635 1762 1663 Mo-

969 1674 1049 1703 nachi
1077 1675 1104 1703 in
1130 1675 1226 1714 eodem
1255 1676 1318 1705 cod.
1348 1681 1375 1705 et
1398 1678 1426 1706 in
1457 1684 1563 1712 nostro,
1595 1681 1703 1715 incipit,
1729 1683 1764 1709 0t

966 1721 1158 1756 λαμπρότατοι
1190 1723 1241 1758 τῆς
1276 1723 1441 1758 Ἐκκλησιας
1467 1725 1624 1761 φωστῆρες.
1650 1726 1761 1762 Scripta

967 1771 1010 1795 est
1025 1772 1117 1797 autem
1134 1769 1161 1796 in
1178 1770 1347 1797 monasterio
1367 1770 1398 1800 S.
1420 1770 1533 1799 Joannis
1550 1771 1690 1808 Baptistae.
1706 1774 1763 1803 Ex-

968 1817 1024 1842 stat
1038 1815 1066 1842 in
1090 1814 1170 1843 codd.
1194 1814 1288 1851 Regiis
1312 1816 1383 1844 2955
1398 1821 1425 1845 et
1448 1817 1519 1846 2959
1533 1821 1560 1845 et.
1590 1818 1618 1846 in
1640 1825 1758 1849 nostro:

967 1859 1026 1894 ejus
1040 1867 1095 1888 non
1114 1861 1240 1888 meminit
1257 1860 1387 1889 Allatius.

1003 1907 1064 1935 Alia
1092 1908 1125 1936 de
1151 1907 1283 1937 Transitu
1311 1908 1342 1936 Β.
1371 1909 1464 1937 Mariae
1487 1909 1618 1946 Virginis,
1649 1912 1696 1939 ἐπὶ
1721 1914 1757 1948 τῇ

968 1954 1134 1988 μεταστάσει
1181 1954 1233 1989 τῆς
1272 1954 1427 1989 ὑπεραγιας
1476 1956 1631 1991 Δεσποίνης
1677 1957 1759 1993 ἡμῶν

966 1997 1111 2025 Θεοτόκου.
1138 1999 1234 2026 Exstat
1259 1999 1286 2027 in
1306 1999 1402 2027 eodem
1429 1999 1515 2035 Regio
1539 2001 1644 2033 codice,
1675 2007 1703 2030 et
1729 2004 1758 2031 in

966 2044 1049 2073 2959.
1074 2044 1113 2071 Ex
1129 2044 1189 2079 ejus
1214 2044 1294 2072 titulo
1310 2045 1450 2081 colligitur
1470 2046 1603 2080 scriptam
1620 2047 1707 2076 fuisse
1728 2050 1757 2077 in

966 2089 1134 2118 monasterio
1144 2089 1378 2122 Pammacarime.
1391 2098 1489 2125 nempe
1502 2090 1756 2129 Constantinopoli,

965 2137 1063 2164 lectam
1082 2137 1110 2163 in
1126 2136 1194 2171 festo
1211 2135 1385 2164 Dormitionis
1404 2136 1427 2164 B
1443 2136 1551 2170 Maria,
1565 2139 1592 2165 in
1609 2140 1698 2171 tertio.
1712 2141 1758 2169 in-

964 2183 1032 2217 quit,
1046 2187 1136 2210 nom'o
1147 2182 1182 2209 ad
1197 2181 1287 2210 urbem
1302 2183 1416 2211 violento
1431 2185 1529 2218 reditu,
1541 2184 1636 2213 indict.
1651 2187 1695 2219 η,
1708 2195 1754 2215 an.

965 2227 1008 2259 72.
1023 2227 1076 2256 hoc
1088 2232 1132 2255 est
1155 2235 1227 2255 anno
1243 2229 1336 2256 mundi
1352 2230 1506 2258 secundum
1536 2231 1646 2259 Graecos
1673 2233 1755 2266 6979.

964 2274 1008 2301 cui
1027 2273 1174 2309 respondet
1191 2274 1304 2303 iudictio
1326 2276 1445 2309 12,1.C.
1459 2277 1637 2313 MGLAtque
1649 2279 1685 2307 ita
1703 2281 1756 2308 fal-

964 2319 1059 2348 luntur
1072 2321 1118 2356 qui
1140 2329 1242 2349 annum
1266 2322 1501 2358 MGOsupremum
1515 2324 1657 2353 Gennadio
1669 2326 1755 2356 fuisse

961 2369 1036 2396 nullo
1052 2369 1232 2397 fundamento
1247 2368 1393 2398 ailirmant.
1411 2369 1545 2398 Videntur
1566 2377 1655 2400 autem
1671 2374 1753 2402 verba

961 2414 1012 2442 ista
1027 2422 1111 2442 manu
1132 2415 1219 2451 ipsius
1233 2415 1370 2444 Gennadii
1386 2417 1500 2451 scripta.
1519 2417 1628 2452 incipit.
1652 2419 1685 2446 'H
1703 2420 1754 2455 μὲν

958 2461 1006 2487 τοῦ
1022 2461 1099 2493 ἔτους
1117 2462 1202 2497 ἀργὴ.
1224 2461 1341 2490 habetur
1357 2470 1467 2498 quoque
1486 2464 1513 2491 in
1526 2469 1621 2492 nostro
1636 2465 1698 2493 cod.

994 2507 1067 2538 Alia,
1095 2509 1127 2534 de
1145 2507 1257 2534 secunda
1288 2508 1409 2535 Adventu
1432 2509 1540 2536 Domini
1566 2511 1660 2542 nostri,
1684 2512 1754 2539 etde

960 2551 1164 2579 Resurrectione
1176 2560 1329 2586 corporum.
1341 2554 1410 2589 Περὶ
1425 2554 1475 2589 τῆς
1503 2555 1633 2590 δευτέρας
1646 2565 1751 2590 ππρου-

959 2599 1020 2630 σίας
1046 2599 1094 2626 τοῦ
1111 2599 1213 2634 Κυρίου
1225 2599 1316 2635 ἡμῶν,
1328 2601 1376 2627 καὶ
1393 2601 1458 2636 περὶ
1481 2603 1530 2636 τῆς
1542 2603 1595 2628 τῶν
1617 2603 1753 2637 σωμάτων

960 2645 1098 2672 ἀναστὰσε
1107 2655 1155 2677 ως.
1167 2644 1261 2673 Exstat
1276 2645 1303 2673 in
1314 2646 1378 2675 eod.
1395 2648 1458 2675 cod.
1471 2647 1537 2682 Reg.

148 2785 184 2816 (α)
207 2785 319 2832 ξοξθβξίξ
328 2786 482 2832 “immensi
497 2793 604 2817 asseruit
621 2793 648 2818 ll.
663 2793 823 2825 P.t3uporus.
846 2802 927 2820 socius
956 2796 1138 2832 Bollapdianus,
1154 2798 1178 2821 in
1205 2796 1318 2832 Ilislorio
1341 2795 1544 2832 patriarcharum
1569 2798 1752 2832 Cpolt'turmrttm

153 2824 171 2832 vn
221 2820 263 2832 rl'r
314 2818 322 2825 ‘
376 2820 456 2832 που...ιέ
480 2825 485 2832 ι
514 2823 520 2832 l
545 2830 571 2832 κν
587 2831 590 2832 ν
624 2826 669 2832 -..v.
769 2825 822 2832 ιιι-.
847 2827 863 2832 -κ
915 2828 920 2832 ι

115 2822 171 2846 quit:

116 2848 198 2872 ucnsi.
213 2848 281 2874 lion.

200 2818 263 2861 Αξίίδ
284 2818 330 2842 ³⁸-
354 2820 456 2854 Ausum
480 2825 498 2848 ιι
513 2823 520 2847 Ι
544 2826 712 2855 rmmiuitur.
728 2818 751 2857 [ἰ.
769 2818 832 2851 195⁵.
847 2818 937 2853 natae
950 2818 1178 2859 quaesitam;
1192 2818 1317 2860 statim}?
1332 2818 1473 2854 nissum;
1495 2829 1519 2854 in
1533 2818 1641 2861 tose'irho
1656 2830 1749 2855 Metho-
