1863 3057
41 173 99 206 305

788 177 958 208 SCRIPTA.

1621 168 1676 203 3οι

41 232 138 258 tutoris
149 237 234 265 esset,
249 231 401 265 Sophiamn
419 233 572 265 uocabatur,
586 237 611 259 et
625 232 744 260 omnibus
759 233 840 259 vitam
854 236 878 265 Α
895 233 956 260 felix
968 233 995 260 in
1012 231 1191 267 coniectando
1205 231 1365 260 Lambecius
1384 230 1445 262 fuit.
1458 228 1531 265 quod
1553 218 1679 263 sequemi

43 279 220 306 monasticam
241 280 426 306 exercentibus
437 280 465 306 in
482 284 577 306 sancto
594 281 755 308 monasterio
772 280 838 308 Sina

43 326 221 353 sanctissimis
235 326 433 359 sacerdotibus,
445 331 470 353 et
483 327 545 354 aliis
569 327 715 354 monachis.
730 327 838 362 Incipit.

44 369 76 395 At
91 370 197 404 τριφιὶ
210 370 263 404 τῆς
278 370 331 404 τῆς
344 370 499 402 εὐλαϐείας.
518 371 617 406 Agitur
629 371 656 398 in
687 378 719 399 ea
737 371 770 398 de
793 378 841 398 va-

44 415 262 450 riiadisciplime
295 416 442 449 capitibus,
475 417 622 445 occasione
657 424 752 445 eorum
781 424 843 452 quae

46 468 99 488 non
111 465 189 488 recte
203 461 262 489 illic
274 469 304 490 se
319 461 421 490 habere
436 462 509 490 circa
525 471 572 491 eos
586 463 634 499 qui
646 463 680 490 ad
702 463 842 491 visitanda

46 507 104 533 loca
133 515 216 535 sacra
233 508 336 536 montis
361 508 435 536 Sinai
463 508 677 542 conﬂuebant.a
698 509 842 537 .loacltimo

46 559 72 580 et
81 553 217 589 Gregorio
229 554 375 582 monachis
387 554 534 594 didicerat.
554 554 591 583 De
605 555 738 590 episcopo
751 556 841 591 digni-

47 602 128 626 tatem
142 599 303 632 abdicante.
331 603 405 634 quod
420 600 525 634 absque
542 601 706 636 patriarchae
730 601 842 629 licentia

48 650 126 681 negat
143 653 227 680 posse
256 646 315 673 ﬁeri
334 655 341 673 :
359 654 393 673 an
424 647 531 681 absque
559 647 675 674 diacono
704 648 845 675 celebrare

48 692 197 727 episcopus
214 693 314 727 possit,
332 693 405 727 quod
424 694 506 722 licere
533 694 571 720 ait
597 693 624 720 in
652 693 764 726 sacello,
794 701 843 721 seu

51 738 263 774 παρεκκλησίῳ,
280 743 308 767 et
327 739 429 766 factum
447 739 481 767 ab
495 739 646 775 Enthymio
659 743 688 767 et
715 739 845 767 Mattlizeo

52 784 232 817 patriarchis.
251 792 306 812 non
327 785 437 819 publice
455 785 482 813 in
500 785 638 814 ecclesia:
655 785 689 813 de
714 785 846 821 episcopo

50 831 169 864 Bosniz,
187 832 236 866 qui
255 832 358 861 nmltos
374 840 406 860 ex
421 832 526 860 Latinae
535 832 676 868 religionis
688 832 847 862 hominibus

51 877 83 905 ad
99 878 182 906 ﬁdem
205 878 338 907 Ecclesia:
370 879 465 907 Graece
492 879 670 917 adducebat:
698 879 732 907 de
761 880 848 907 Char-

51 928 130 952 tseca
148 925 284 960 principe.
314 933 395 962 quem
411 925 446 953 ad
461 925 588 953 eamdem
613 925 750 954 adducere
775 926 847 955 idem

51 972 198 1007 episcopus
216 971 393 999 conabatur:
424 979 459 999 ne
477 972 504 999 in
527 971 651 1007 Liturgia
681 979 849 1000 commemo—

53 1018 125 1045 ratio
140 1018 200 1054 ejus
211 1018 324 1053 publice
339 1018 398 1050 ﬂat,
420 1018 486 1053 quia
503 1018 594 1046 adhuc
619 1018 790 1050 σκεπάζεται
803 1018 849 1045 τὸν

53 1063 278 1099 χριστιανισμόν,
304 1063 543 1092 christianismum
565 1064 732 1092 dissimulat.
748 1063 849 1092 Verum

54 1110 150 1137 asserit
165 1109 248 1137 licere
260 1109 288 1136 in
306 1108 457 1144 gratiarum
473 1109 580 1137 actione
596 1109 628 1136 ad
638 1117 853 1145 mensam,pra:-

55 1161 130 1183 sonte
143 1157 206 1191 ipso
223 1163 307 1184 orare
319 1163 368 1190 pro
384 1156 494 1184 eodem.
512 1156 559 1182 'Ev
586 1156 616 1183 δὲ
625 1157 659 1191 τῇ
690 1155 852 1191 εὐχαριςτιᾳ

55 1202 103 1236 τῆς
115 1201 352 1237 τραπέζηςήμῶν
380 1201 518 1237 παρόντος
545 1202 570 1229 el.
605 1202 697 1230 θέλετε
721 1201 853 1235 εὔξασθαι

57 1247 125 1282 ὑπὲρ
133 1247 232 1279 αὑτοῦ,
248 1248 290 1274 ὅτι
310 1247 415 1282 Κύριος
431 1249 444 1275 ό
455 1248 522 1279 Θεὸς
540 1247 705 1283 διαφυλάξαι
723 1247 771 1283 τὴν
781 1247 855 1283 ζωὴν

57 1293 102 1320 τοῦ
113 1294 248 1320 αὐθέντην
262 1293 420 1329 Χαρτζεκᾶ.
434 1285 501 1328 Quis
515 1294 559 1321 ille
571 1294 664 1327 fuerit,
678 1299 725 1322 aut
741 1294 853 1329 quinam

59 1341 168 1368 nomine
184 1340 386 1376 Κουδουγέρων
404 1360 412 1373 ,
433 1341 479 1376 qui
496 1345 524 1368 ut
540 1340 649 1369 videtur
660 1341 735 1369 illius
745 1341 849 1368 subditi

60 1391 148 1421 erant,
168 1387 341 1423 intelligendi
361 1387 428 1419 sint,
445 1387 596 1415 nescimus.
611 1386 680 1414 Tum
701 1387 736 1415 de
750 1386 857 1415 Latinis

61 1441 84 1462 et
99 1435 240 1462 Armeniis
254 1434 288 1461 ad
301 1434 359 1462 loca
385 1441 463 1461 sacra
479 1433 612 1462 adorandi
640 1441 723 1462 causa
740 1434 856 1461 venien-

64 1482 137 1509 tibus
149 1481 260 1514 detlnit,
278 1488 332 1508 non
351 1480 540 1516 repellendos,
561 1479 670 1509 etiamsi
696 1470 858 1507 heterodoxi

65 1533 90 1555 et
103 1528 257 1556 schismate
273 1527 307 1554 ab
332 1527 454 1554 Ecclesia
475 1527 568 1554 Graeca
594 1525 677 1554 divisi
706 1526 782 1554 sint:
809 1532 859 1553 nec

65 1579 155 1603 tamen
168 1575 290 1603 dandam
303 1574 370 1608 ipsis
397 1573 608 1606 eucharistiam.
623 1573 673 1602 sed
698 1573 857 1609 ἅντίδωρον,
874 1589 895 1619 c

66 1630 112 1650 seu
122 1630 223 1657 panem
236 1621 419 1653 benedictum,
431 1620 484 1648 nisi
497 1621 625 1656 proprias
634 1620 780 1655 opiniones
793 1627 860 1648 suas

67 1669 267 1704 abjuraverint.
285 1667 322 1694 De
339 1666 476 1701 simonia;
492 1674 551 1695 eam
574 1666 704 1703 deplorat
729 1671 861 1702 tanquam

68 1716 183 1748 malum.
201 1715 275 1751 quod
297 1718 451 1750 temporum
464 1713 623 1741 calamitate
638 1713 749 1740 tolerari
766 1712 862 1748 petitis

68 1764 267 1798 debeat,quam
287 1761 391 1789 idcirco
402 1760 588 1789 obedientiam
601 1759 740 1796 episcopis
756 1759 864 1795 negari,

70 1818 102 1837 ne
117 1808 281 1837 scandalum
297 1811 456 1843 generetur.
469 1814 503 1835 ex
518 1813 573 1841 quo
589 1805 758 1841 episcopalis
785 1805 865 1834 ordi-

67 1857 123 1891 nis.
140 1862 205 1883 mox
233 1854 322 1889 ipsius
344 1853 487 1888 religionis
511 1857 688 1887 contemptus
707 1856 839 1880 nascatur
856 1861 863 1880 :

73 1901 213 1929 terendum
230 1907 290 1928 esse
306 1899 377 1935 quod
390 1899 530 1927 emendari
546 1907 599 1926 non
617 1899 704 1934 possit
723 1908 731 1926 :
746 1906 776 1926 se
806 1898 866 1926 sal-

72 1953 127 1976 tem
165 1947 305 1976 neminem
334 1946 460 1980 pecuniis
481 1945 637 1978 ordinasse,
664 1944 720 1972 imo
743 1944 866 1980 propriis

73 1993 230 2029 sumptibus
248 1992 392 2028 episcopos
409 1991 508 2019 fecisse
526 1991 636 2024 multos,
656 1999 727 2027 quos
759 1981 799 2018 cx.
814 1998 862 2018 ca-

73 2041 199 2076 ptivitate
219 2038 365 2066 redemerit
379 2037 461 2065 :mali
485 2037 575 2070 initia,
588 2041 654 2065 ante
667 2037 866 2072 quinquaginta

74 2094 161 2114 annos
182 2085 291 2113 fuisse:
319 2083 447 2112 sutlicere
476 2087 506 2110 ut
531 2082 676 2118 episcopos
704 2081 865 2114 observent,

76 2134 168 2160 sintne
190 2129 351 2162 orthodoxi,
381 2132 408 2156 et
435 2128 502 2155 nihil
528 2127 648 2155 alienum
671 2127 708 2154 ab
738 2126 869 2154 Ecclesia:

75 2178 176 2207 Graeca
194 2177 247 2205 ﬁde
260 2176 392 2203 docentes
405 2183 413 2203 :
430 2174 559 2202 minutiis
571 2173 645 2202 circa
657 2173 728 2201 ritus
738 2178 765 2200 et
779 2171 868 2201 otiicia

76 2223 266 2252 ecclesiastica
283 2230 337 2250 non
351 2221 565 2250 attendendum.

891 279 1015 314 exemplo
1035 278 1211 305 manifestum
1228 278 1291 304 crit.

928 324 1074 352 Historiam
1089 324 1162 351 enim
1183 331 1275 350 rerum
1299 306 1370 350 int‘r
1387 322 1500 350 Latinos
1528 326 1556 349 ct
1570 321 1681 348 Cra-cos

890 369 1023 397 Ferraria:
1036 374 1063 397 et
1076 368 1222 396 Florentiae
1246 373 1384 404 gestarum
1399 368 1530 401 scriptam
1546 374 1561 393 a
1572 365 1680 394 Genna-

892 415 938 442 dio
961 414 1057 447 fuisse,
1078 422 1140 449 quas
1163 414 1189 441 in
1211 413 1336 442 Caesarea
1359 413 1525 440 bibliotheca
1543 416 1681 443 servetur.

893 461 990 490 scribit
1002 461 1020 488 1.
1035 469 1092 493 vtu,
1108 468 1134 496 ιι.
1144 460 1210 489 509.
1223 459 1351 488 Codicem
1367 460 1406 486 ait
1418 467 1480 488 esse.
1492 459 1682 488 cliartaceum,

893 512 1001 536 ccntnm
1027 512 1055 535 et
1080 507 1201 535 sedecim
1227 513 1364 533 annorum
1389 506 1447 541 (ita
1478 505 1614 532 scribebat
1636 511 1681 530 an.

894 555 964 582 5679
975 555 994 584 l.
1010 562 1060 588 quo
1076 554 1227 580 continetur
1242 552 1470 588 pseudo-historia
1496 549 1602 577 concilii
1621 549 1685 576 Fer-

895 599 1021 626 rariemis
1040 603 1064 626 et
1083 597 1234 625 Florentini
1254 606 1269 624 ιι
1287 596 1424 624 Gennadio
1441 595 1579 623 Sclinlario
1597 602 1686 620 mann-

895 646 944 672 cho
970 645 1140 672 schismatico
1166 643 1270 674 erro.
1299 648 1324 669 et
1350 642 1475 670 Ecclesiw
1505 641 1685 668 Occidentalts

895 696 1019 725 perpetuo
1039 698 1069 716 ac
1088 689 1266 724 infensiuimo
1294 688 1378 719 hoste.
1403 688 1448 722 qui
1468 691 1529 713 ante
1545 686 1686 712 monac/m-

899 741 954 764 tnm
972 735 1100 770 Georgius
1128 734 1280 762 Scholariua
1297 733 1444 769 appellatus
1473 732 1570 766 fueral,
1586 736 1609 757 et
1626 734 1688 757 ante

897 783 1119 818 oppugnationem
1145 779 1391 813 Constantinopolis
1414 786 1460 814 per
1479 778 1578 805 Turcas
1594 777 1689 803 abiisse

898 830 1010 862 videtur,
1028 828 1143 863 maligne
1160 831 1238 862 atque
1257 826 1388 859 injurioss
1415 825 1577 858 conscripta.
1604 823 1689 855 Quem

899 876 1010 904 titulum
1027 875 1078 902 sibi
1095 874 1155 910 ipse
1175 872 1342 900 Lambecius
1359 869 1564 899 consarcinavit
1587 875 1619 895 cx
1641 868 1692 895 ial—

901 923 1020 952 sissimis
1041 920 1209 956 coniecturis
1236 919 1342 946 Allatii.
1361 918 1390 946 In
1408 917 1469 945 rod.
1495 923 1559 943 vero
1584 923 1638 942 ms.
1655 914 1691 941 ita

899 969 1047 998 exhibetur
1063 977 1070 995 :
1089 965 1235 994 Γενναδιου
1262 965 1412 1000 Σχολαρίου
1431 963 1466 990 τὰ
1491 964 1519 989 ὲν
1540 964 1573 997 τῇ
1592 961 1694 996 συνόδῳ

902 1014 1062 1049 πραχθέντα
1096 1013 1131 1048 τῇ
1159 1011 1242 1046 ὀγδόῃ
1280 1008 1429 1044 Ξστορικῶς
1460 1009 1492 1043 τῇ
1525 1006 1693 1042 Φλωρεντίᾳ,

902 1060 1034 1088 Gennadii
1046 1058 1178 1087 Scholarii
1192 1061 1254 1085 acta
1280 1055 1428 1084 Florentia!
1441 1055 1467 1081 in
1484 1058 1578 1082 octava
1594 1052 1694 1088 synodo

902 1107 1026 1134 historice
1053 1105 1214 1138 conscripta.
1243 1102 1296 1136 Qui
1315 1102 1413 1130 titulus
1428 1100 1481 1128 nisi
1512 1098 1696 1136 lypograpln’h

903 1161 963 1183 rum
979 1153 1060 1188 culpa
1079 1151 1214 1184 est,~vitio
1232 1156 1287 1177 non
1305 1152 1393 1180 caret,
1420 1151 1448 1175 et
1471 1146 1599 1174 inertiam
1623 1144 1696 1172 scri-

904 1199 990 1236 ptoris
1000 1199 1112 1231 indicat,
1121 1197 1163 1225 vel
1172 1196 1262 1232 potius
1273 1192 1531 1231 possessoris.Nam
1544 1190 1697 1225 saepissime

905 1245 932 1274 in
950 1244 1030 1273 codd.
1048 1251 1115 1271 mss.
1134 1242 1312 1278 reperiuntur
1326 1238 1399 1267 tituli
1420 1237 1518 1273 scripti
1535 1236 1625 1263 aliena
1642 1242 1698 1262 ma-

905 1300 955 1324 nu,
982 1297 1100 1325 quorum
1116 1289 1202 1320 nulla.
1221 1287 1274 1314 nisi
1296 1285 1406 1313 aliunde
1419 1285 1605 1314 conﬁrmetur,
1633 1281 1700 1309 tidcs

906 1339 978 1374 apud
988 1337 1100 1366 criticos
1117 1343 1178 1364 esse
1191 1334 1271 1363 solet.
1294 1333 1443 1368 Spcc'unen
1458 1338 1524 1358 vero
1550 1337 1564 1356 a
1584 1328 1700 1356 Lambe-

907 1386 951 1413 cio
966 1383 1120 1411 exhibitum
1149 1386 1192 1410 est
1207 1379 1344 1416 ejusmodi
1360 1386 1368 1406 :
1391 1378 1425 1404 Ἦ
1446 1378 1487 1407 εὶς
1504 1376 1554 1410 τὴν
1577 1374 1702 1409 Φεράραν

908 1430 1056 1461 εισὲλευσις
1085 1429 1134 1455 σὺν
1167 1426 1236 1462 Θεῷ.
1266 1426 1344 1454 Μετὰ
1373 1425 1401 1452 δὲ
1428 1424 1459 1450 τὸ
1488 1421 1626 1451 mssa-.0»;
1652 1420 1702 1453 τῆς

909 1476 1073 1512 Τυροςράγηυ
1090 1474 1215 1510 εἰσῆλθεν
1230 1474 1244 1500 ό
1262 1471 1437 1507 πατριάρχης
1454 1470 1494 1501 εἷς
1511 1469 1560 1504 τὴν
1578 1467 1703 1512 Φεράραν

912 1511 994 1559 pars
1007 1521 1054 1548 τοῦ
1085 1519 1230 1556 βασιλέως,
1249 1518 1297 1545 καὶ
1318 1516 1443 1551 εἰσῆλθεν
1460 1515 1499 1545 εις
1514 1514 1560 1541 τὸν
1574 1514 1637 1540 ναὸν
1655 1511 1704 1540 τεοῦ

914 1569 992 1604 ἁγιου
1027 1567 1177 1603 Γεωργιου.
1212 1566 1268 1594 Καὶ
1302 1564 1412 1599 πρῶτον
1446 1561 1495 1596 μὲν
1526 1559 1706 1595 ὲρῤαντιαατο

914 1616 969 1651 (ita
998 1615 1050 1649 leg.
1076 1620 1126 1649 pro
1150 1611 1323 1645 ὲξαντὶσσιτο,
1343 1616 1411 1636 voce
1428 1606 1530 1640 nihili)
1555 1605 1605 1632 καὶ
1624 1604 1706 1651 aii-rb;

912 1650 960 1689 atad.
987 1662 1001 1688 ὁ
1034 1659 1210 1696 πατριάρχης
1245 1657 1290 1685 διὰ
1319 1655 1366 1683 τοῦ
1406 1652 1610 1690 ῥαντιστηριου·
1647 1650 1708 1677 εἶτα

913 1707 1056 1741 ὑπέδειξαν
1080 1705 1156 1740 αὐτῷ
1183 1705 1207 1732 οι
1234 1705 1326 1731 ἐκεῖσε
1357 1701 1544 1736 Λατινομάχοι
1570 1698 1708 1733 εὐμεγὲοη

913 1755 960 1782 καὶ
971 1753 1099 1788 εὐτραφῆ
1121 1753 1213 1788 χεῖρα,
1230 1751 1278 1778 τοῦ
1301 1750 1381 1784 ἁγίου
1410 1747 1550 1782 Γεωργιου
1582 1745 1708 1778 λέγοντες

914 1797 994 1832 εἶναι,
1015 1798 1068 1825 ὑπὸ
1094 1797 1202 1828 σανίδος
1216 1793 1413 1828 κοιλανθείσης
1430 1791 1642 1827 περιεχομένην,
1654 1794 1708 1817 ctc.

914 1843 974 1871 Non
986 1842 1106 1875 viderat,
1118 1840 1228 1876 opinor,
1242 1838 1407 1866 Lambecius
1422 1837 1570 1864 llistoriam
1584 1834 1708 1869 eiusdem

914 1889 1026 1918 concilii
1042 1897 1057 1917 a
1076 1888 1217 1924 Sylvestro
1229 1884 1365 1921 Syropulo
1381 1883 1524 1918 scriptam,
1540 1882 1592 1909 etsi
1605 1880 1708 1908 editam

915 1941 1063 1970 antequam
1080 1938 1208 1962 octavum
1234 1932 1294 1966 ipse
1319 1938 1397 1958 suum
1424 1929 1523 1956 librum
1545 1927 1710 1962 publicaret,

916 1983 997 2011 annis
1013 1980 1127 2016 integris
1136 1980 1231 2007 decem
1246 1979 1273 2006 e't
1284 1981 1357 2005 octo.
1369 1976 1398 2004 ιιι
1413 1983 1445 2004 ea
1457 1982 1540 2011 porro
1553 1974 1611 2002 hinc
1629 1972 1711 2001 verba

917 2037 980 2064 qua:
997 2028 1054 2057 sola
1072 2027 1152 2055 nobis
1165 2024 1290 2053 exhibuit
1300 2023 1459 2059 speciminis
1473 2022 1535 2050 loco
1548 2020 1674 2057 leguntur
1683 2028 1710 2055 p.

918 2077 952 2104 89
962 2074 1094 2103 editionis
1109 2080 1170 2109 qua:
1184 2072 1264 2099 unica
1275 2075 1327 2103 est.
1352 2068 1564 2105 llagm—COniitis
1577 2075 1623 2095 an.
1633 2067 1712 2098 £660.

918 2128 949 2150 ut
962 2122 1045 2150 etiam
1074 2121 1101 2148 in
1126 2119 1289 2147 authentico
1314 2122 1341 2145 et
1366 2116 1537 2151 autograple
1563 2114 1713 2149 exemplari

919 2169 1007 2204 ipsius
1039 2166 1167 2204 Syropuli
1205 2165 1394 2199 manuscripto
1419 2172 1426 2190 :
1454 2164 1528 2192 unde
1558 2161 1713 2196 exemplum

919 2212 1091 2251 descriptum
1121 2221 1137 2241 ιι
1163 2210 1284 2241 Claudio
1309 2210 1439 2238 Sarravio
1474 2208 1571 2236 habuit
1603 2207 1714 2235 lsnacns

113 2268 236 2304 Epistola
267 2267 327 2295 haec
357 2266 451 2294 eadem
482 2270 525 2294 est
552 2273 634 2300 quam
664 2260 1050 2295 refertexstarenVossius,
1086 2266 1122 2287 an
1141 2264 1183 2286 'eo
1212 2257 1347 2287 Robcrtus
1378 2253 1715 2304 Crcygthouusxinlidns

78 2315 245 2344 Lambecius
260 2314 289 2342 in
303 2314 471 2342 bibliotheca
489 2313 695 2341 Vindobonensi
719 2313 751 2339 ad
776 2319 872 2347 quem-

78 2363 139 2389 dam
160 2360 326 2389 monathum
351 2367 360 2386 τ
385 2366 448 2386 nam
467 2358 559 2387 verbis
574 2358 672 2386 iisdem
696 2357 804 2392 incipit.
819 2356 872 2384 Sed

79 2408 152 2444 quod
187 2407 271 2435 aliam
299 2409 425 2434 recenset
447 2405 482 2434 ad
507 2404 681 2435 Joacbimum
706 2404 873 2434 monachum

80 2455 215 2482 Sinaitam
239 2453 273 2480 de
300 2452 498 2480 controversiis
527 2451 693 2487 quibusdam
713 2450 812 2486 partim
839 2450 873 2478 ad

83 2501 267 2538 patriarcbam
286 2500 578 2536 llierosolymitanum,
600 2499 699 2534 partim
720 2497 753 2525 ad
775 2497 874 2524 Arme-

84 2549 144 2575 nios
155 2551 183 2574 et
207 2546 320 2573 Latinos
337 2545 397 2573 loca
411 2552 490 2572 sacra
507 2545 659 2572 lnvisentes
672 2542 873 2579 spectantibus,

84 2600 213 2620 veremur
227 2599 260 2620 ne
281 2592 412 2619 vitiosum
428 2591 570 2626 exemplar
584 2591 642 2618 viro
659 2589 876 2623 diligentissimo

85 2638 173 2666 iraudi
188 2639 285 2666 fuerit.
300 2638 367 2666 Nam
383 2638 417 2665 de
430 2645 464 2665 eo
477 2637 622 2665 Joacbimo
635 2636 755 2671 loquitur
765 2636 876 2664 Genna-

85 2685 146 2713 dius
159 2685 276 2718 cpistola
291 2685 324 2711 ad
347 2683 496 2711 Maximum
515 2683 698 2719 Sophianum,
716 2691 732 2710 a
756 2690 824 2719 quo.
846 2686 877 2709 ut

86 2738 100 2758 a
123 2731 259 2767 Gregorio
286 2730 423 2758 didicerat
439 2738 471 2758 ea
496 2738 559 2765 qua
584 2730 753 2758 Slnaitarnm
781 2737 876 2764 pacem

88 2777 244 2805 turbabant.
260 2777 329 2804 Cum
342 2777 426 2812 igitur
451 2784 500 2804 eos
514 2777 607 2804 statim
628 2776 782 2804 remisisset
801 2783 877 2803 man-

89 2823 157 2851 datis
169 2823 335 2855 instructos,
351 2829 380 2850 ut
398 2824 505 2858 plenius
519 2823 553 2851 de
566 2831 600 2851 eo
626 2827 789 2858 argumento
805 2823 877 2857 apud

90 2869 207 2899 Sinaitas
237 2870 424 2904 loqnercntur.
458 2870 491 2897 ad
518 2869 692 2897 Joachimum
722 2869 756 2896 de
781 2869 876 2897 eodem

91 2916 228 2944 scribendi
250 2923 334 2943 causa
359 2917 432 2944 nulla
446 2922 514 2944 crat.
538 2915 592 2944 Sed
618 2923 671 2944 non
694 2922 757 2943 raro
780 2923 876 2949 parum

923 2306 1001 2340 juxta
1025 2308 1052 2332 et
1068 2303 1215 2338 imperitus
1232 2302 1378 2336 interpres,
1408 2307 1462 2333 quo
1482 2305 1562 2325 unum
1588 2297 1715 2325 fortassis

925 2359 1045 2387 unquam
1062 2351 1090 2378 in
1116 2349 1326 2384 interpretando
1354 2345 1492 2374 init-licius
1519 2349 1636 2378 ungatus
1662 2349 1714 2376 est,

925 2398 994 2425 adeo
1010 2401 1039 2424 ut
1056 2404 1089 2423 ne
1103 2395 1214 2431 quidem
1238 2392 1344 2421 auctori
1359 2398 1458 2419 nomen
1483 2398 1565 2418 suum
1589 2394 1716 2416 constare

925 2452 1026 2480 passus
1041 2444 1079 2472 sit
1102 2452 1110 2470 :
1138 2446 1212 2470 tanta
1243 2445 1270 2468 et
1296 2445 1350 2467 tam
1380 2439 1471 2473 inepta
1501 2441 1716 2467 commentatus.

927 2497 956 2520 ut
981 2490 1148 2527 Syropnlum
1177 2489 1204 2516 in
1242 2486 1427 2522 Sguropulum
1461 2488 1590 2515 vcrterct,
1621 2489 1717 2510 contra

926 2547 1036 2567 manum
1049 2538 1180 2567 auctoris,
1198 2539 1224 2562 et
1249 2534 1373 2561 omnium
1389 2532 1462 2560 illius
1487 2529 1616 2566 temporis
1644 2534 1719 2556 ταιο-

926 2594 988 2614 rum
1009 2584 1100 2612 tidem.
1116 2583 1203 2616 Quam
1229 2588 1294 2615 ergo
1319 2578 1467 2606 Historiam
1489 2576 1630 2605 Gennadio
1644 2576 1719 2604 Grat-

927 2632 1007 2661 culus
1022 2629 1157 2666 quispiam
1172 2628 1326 2662 imperitus,
1344 2617 1448 2653 ct'cum
1466 2627 1577 2652 secutus
1602 2622 1720 2650 Lambe-

927 2681 998 2711 clus.
1022 2676 1160 2712 ascripsit,
1184 2682 1215 2702 ea
1234 2671 1359 2709 Syropuli
1384 2676 1437 2705 est,
1459 2675 1489 2698 ut
1513 2671 1595 2698 etiam
1614 2673 1718 2704 postre-

928 2734 973 2754 ma
989 2725 1070 2753 verba
1085 2724 1118 2750 ab
1136 2730 1169 2750 eo
1191 2722 1272 2749 citata
1289 2719 1435 2746 indicant:
1457 2718 1502 2750 Ἐξ
1515 2715 1552 2744 ὢν
1564 2717 1720 2751 πέπεισμαι

927 2772 965 2804 ὡς
980 2772 1010 2798 οὗ
1035 2769 1233 2806 παραχωρήσει
1255 2765 1321 2793 ποτὶ
1338 2765 1352 2791 ὁ
1369 2764 1446 2796 Sabe,
1472 2763 1603 2798 συστῆναι
1627 2762 1675 2792 τὴν
1690 2763 1719 2789 ἓν

928 2817 1088 2854 Φλωρεντίᾳ
1104 2815 1199 2846 κακῶς
1213 2812 1360 2849 γεγονυῖαν
1379 2810 1489 2837 ἕνωσιν.
1509 2809 1575 2843 Quae
1594 2809 1720 2843 leguntur

929 2853 1053 2894 extrema
1075 2872 1100 2899 p.
1117 2863 1180 2892 350.
1200 2859 1309 2889 Nullius
1324 2864 1389 2885 vero
1399 2854 1580 2884 auctoritatis
1599 2858 1641 2882 est
1656 2853 1722 2881 sub-

930 2913 1044 2948 scriptio
1058 2909 1204 2941 Thcodosii
1222 2907 1319 2938 notarii
1341 2904 1470 2933 Ecclesia:
1485 2901 1722 2935 Constantinopo-
