1863 3057
67 143 115 183 32‘s

592 143 801 176 CONFESSIO
822 136 930 172 FIDEI
956 139 1183 170 POSTERIOR.

1639 137 1692 169 330

66 209 124 243 τὴρ,
138 206 263 238 τοιοῦτος
278 206 326 233 καὶ
338 206 352 232 ὁ
366 205 439 239 Υἱὸς,
454 205 500 232 καὶ
513 206 601 240 τροπῇ
614 204 661 231 τοῦ
675 213 689 230 ο
706 203 745 234 εἰς
757 211 772 228 υ
787 201 853 232 υἱός·

955 207 976 232 ς,
997 199 1047 225 hoc
1062 203 1102 224 cst
1119 196 1200 228 talis;
1215 195 1305 231 qualis
1327 194 1403 222 enim
1423 198 1511 229 pater,
1528 194 1591 222 talis
1610 195 1694 227 ﬁlius.

67 258 154 292 ὅμοιος
174 255 231 291 γὰρ
246 257 261 282 ὁ
273 256 331 287 υίὸς
345 254 385 289 τῷ
401 253 496 289 πατρί.

101 347 133 373 Τ.
164 345 222 372 Καὶ
253 344 285 371 τὸ
314 343 427 379 Πνεῦμα
456 341 487 369 ἐδ
517 342 597 376 ἅγιον
622 341 667 368 διὰ.
689 340 716 366 τί
745 339 856 373 λέγεται

69 393 176 428 πνεῦμα
188 401 196 424 ;

101 440 133 466 Π.
159 432 276 472 Πνεῦμα
300 435 409 470 λέγεται
426 441 503 472 παρα
520 434 551 461 τὸ
576 435 667 461 νοεῖν·
690 434 781 460 πάντα
805 434 858 468 γὰρ

69 486 147 518 ὀξέως
156 482 365 516 ὲπινοεῖ,ἦγουν
377 482 468 508 πᾶσαν
483 481 577 515 νόησιν
590 479 731 514 συντόμως
744 479 861 504 ἐπινοεῖ-

69 539 122 558 ται·
141 531 172 557 τὺ
187 530 244 565 γὰρ
256 529 334 563 ἆγιον
348 522 460 562 Πνεῦμα
470 527 557 554 πάντα
570 525 670 561 ἐρευνᾷ
681 526 729 552 καὶ
742 524 776 551 τὰ
787 523 857 559 βάθη
874 530 885 541 ⁸

69 576 112 603 τοῦ
124 576 206 603 Θεοῦ.

103 623 134 649 Τ.
158 621 222 648 Ἐπὶ
239 611 307 647 Θεοῦ
324 620 394 647 πόσα
411 620 503 652 uitta;

106 669 194 696 [L'Ev
209 668 297 694 αἴτιον
305 668 350 693 ἐπὶ
361 665 430 692 Θεοῦ
441 666 523 699 λέγω,
538 666 584 692 καὶ
598 664 678 691 τοῦτό
691 665 764 690 ἐστιν
778 664 792 690 ὁ
808 665 863 691 Πα-

72 717 121 750 τήρ
131 723 137 729 ·
153 714 238 746 αὐτὸς
263 714 348 749 γεννᾷ
361 713 408 739 τὸν
433 713 496 739 Υἰὸν
511 713 559 739 καὶ
577 711 724 746 ἑκπορεύει
738 710 770 736 τὸ
785 711 862 744 ἅγιον

75 759 194 797 Πνεῦμα.
212 754 335 788 Γίνωσκε
352 761 395 787 ὅτι
410 761 424 786 ὁ
439 759 534 794 Πατὴρ
554 759 634 794 μόνος
664 758 738 784 ἐστὶν
762 757 860 790 αίτιος,

73 811 85 835 ὁ
98 809 125 835 δὲ
149 809 216 840 Tib;
234 807 286 834 οὐκ
312 807 388 833 ἔστιν
405 806 492 836 αἴτιος
517 805 585 831 ἀλλὰ
611 803 746 836 αἰτιατὸς,
766 803 815 829 καὶ
832 803 862 829 τὺ

74 856 145 889 ἅγιον
159 854 276 889 Πνεῦμα
288 853 389 888 ὁμοίως
405 852 455 878 οὐκ
469 851 543 877 ἔστιν
558 851 644 877 αίτιον
655 849 714 876 ἀλλ’
725 848 861 876 αἰτιατόν·

205 880 358 935 μὲναίτιον
371 880 400 925 έν
416 898 491 939 ἐστιν
507 899 521 924 ὁ
536 896 643 932 Πατὴρ,
656 897 692 922 τὰ
708 896 736 922 δὲ
751 894 863 921 αἰτιατὰ
878 880 899 907 Β

75 948 126 979 δύο,
138 948 152 973 ὸ
165 947 231 978 Υἱὸς
248 946 297 973 καὶ
311 946 340 971 τὺ
358 945 436 978 ἆγιον
462 943 585 976 Πνεῦμα.
606 942 698 972 Αῐτιος
721 941 831 974 λέγεται
850 941 864 966 ὁ

77 994 166 1029 Πατὴρ
178 993 223 1020 διὰ
234 993 265 1018 τὸ
277 985 374 1026 γεννᾷν
390 991 437 1017 καὶ
449 990 480 1016 οῦ
495 989 636 1023 γεννᾶται,
653 987 800 1022 ὲκπορεύει
816 983 864 1013 καὶ

75 1041 121 1067 οὐκ
135 1040 336 1075 ἐκπορεύεται·
358 1037 441 1072 γεννᾷ
462 1036 511 1071 μὲν
537 1036 582 1062 τὴν
612 1034 691 1067 Υίδν,
718 1033 864 1069 ὲκπορεύει

75 1088 102 1114 δὲ
118 1087 147 1113 τὸ
167 1085 284 1118 Πνεῦμα
301 1084 332 1111 τὸ
355 1084 453 1117 ἅγιον·
482 1083 527 1108 καὶ
550 1080 595 1108 διὰ
620 1081 701 1107 τοῦτο
723 1080 865 1114 λέγεταιὸ

78 1135 168 1168 Πατὴρ
182 1133 282 1163 αἴτιος,

109 1226 141 1252 Τ.
157 1226 214 1252 Καὶ
228 1225 300 1251 πόσα
315 1223 444 1255 atina-mi;

112 1271 144 1298 [1.
164 1270 283 1298 Αῑτιατὰ
297 1270 355 1301 δύο,
374 1271 388 1296 ὁ
409 1270 473 1301 Υἱὸς
490 1271 537 1296 καὶ
551 1270 582 1296 τὸ
601 1270 715 1304 Πνεῦμα
731 1269 760 1296 τὸ
776 1270 864 1303 ἅγιον.

78 1317 114 1345 Οὺ
130 1318 214 1352 γεννᾷ
229 1318 244 1343 ὁ
258 1316 334 1348 Υἱὸς,
355 1316 424 1343 ἀλλὰ
439 1317 581 1350 γεννᾶται,
596 1317 642 1343 διὰ
664 1316 743 1343 τοῦτο
756 1315 866 1349 λέγεται

80 1363 217 1395 αἱτιατός·
233 1363 334 1399 ὁμοίως
360 1364 408 1390 καὶ
433 1363 463 1389 τὸ
488 1363 565 1396 ἅγιον
584 1362 698 1397 Πνεῦμα
713 1363 764 1389 οὐκ
782 1363 866 1388 ἐκπο-

81 1411 162 1446 ρεύει,
179 1411 238 1438 ἀλλ’
253 1410 446 1443 ἐκπορεύεται,
463 1410 511 1436 καὶ
531 1409 576 1436 διὰ
600 1409 680 1435 τοῦτο
695 1409 806 1441 λέγεται
826 1407 867 1433 αί-

80 1458 178 1485 τιατόν.
205 1457 305 1484 Λοιπὸν
329 1457 378 1483 ὲάν
407 1464 449 1488 τις
467 1456 593 1491 ἐρωτήσῃ
621 1464 661 1486 σε,
679 1454 720 1481 ὄτι
738 1454 785 1480 ἐπὶ
798 1453 866 1481 Θεοῦ

81 1506 148 1532 πόσα
161 1505 240 1531 αἴτια
253 1504 344 1538 λὲγεις
355 1511 362 1536 ;
375 1502 436 1530 εἰπὲ
449 1502 478 1529 ἓν
492 1511 498 1517 ·
517 1504 594 1529 ποῖον
610 1501 704 1534 τοῦτο;
722 1501 829 1535 Πατήρ.

881 1552 903 1580 C

113 1597 144 1622 T.
165 1595 221 1622 Καὶ
236 1594 281 1621 διὰ
296 1593 322 1619 τί
336 1593 446 1626 λέγεται
462 1591 567 1624 αἴτιον;

114 1642 145 1669 ιι.
167 1641 218 1668 Διὰ
243 1640 273 1667 τὸ
297 1640 396 1675 γεννᾷν
420 1639 466 1666 τὸν
493 1639 558 1665 Υίὺν
584 1637 632 1664 καὶ
657 1636 816 1672 ἑκπορεύειν
839 1637 870 1663 τὸ

83 1684 192 1723 Πνεῦμα
205 1687 295 1721 ἅγιον.
776 1687 778 1689 ’

113 1733 145 1760 Τ.
167 1733 231 1760 Ἐπὶ
254 1732 303 1767 τῆς
325 1731 407 1766 ἁγίας
429 1732 544 1767 Τριάδος
564 1731 606 1763 τίς
631 1730 739 1766 πρῶτος
763 1731 795 1757 ὲκ
815 1730 870 1756 τῶν

82 1780 174 1815 τριῶν,
189 1780 204 1805 ὁ
219 1776 316 1813 Πατὴρ
330 1778 347 1813 ἢ
364 1778 378 1804 ό
393 1777 456 1808 Υἱὸς
471 1776 487 1812 ἢ
502 1777 532 1803 τὸ
547 1776 660 1810 Πνεῦμα
675 1776 705 1802 τὸ
719 1776 815 1810 ἃγιον;

115 1826 150 1852 Π.
167 1825 232 1851 Ἐπὶ
252 1824 302 1858 τῆς
322 1823 404 1857 ἁγίας
424 1818 539 1858 Τριὰδος
561 1823 648 1853 οὐδείς
669 1823 728 1848 ton
752 1822 870 1857 πρῶτος,

81 1872 167 1903 οὐδεὶς
185 1873 261 1898 ἔστιν
278 1870 407 1905 ὕστερος,
426 1869 494 1896 ἀλλὰ
511 1870 569 1905 ἃμα
587 1869 698 1904 Πατὴρ,
715 1868 773 1903 ἅμα
790 1868 869 1900 Υἱὸς,

81 1919 137 1954 ἇμα
152 1919 200 1945 καὶ
213 1919 244 1944 τ’)
258 1912 371 1952 Πνεῦμα
383 1916 413 1943 τὺ
427 1917 504 1950 ᾶγιον
514 1924 520 1930 ·
536 1917 584 1942 καὶ
598 1915 642 1942 διὰ
655 1914 734 1941 τοῦτο
746 1914 794 1941 καὶ
807 1923 871 1940 συν-

82 1966 195 2000 άναρχοι
212 1963 350 1997 λέγονται,
369 1962 399 1989 τὸ
417 1964 470 1998 πρὸ
484 1962 533 1997 τῆς
550 1961 639 1997 ἀρχῆς
655 1961 695 1989 ὅν.
713 1961 744 1989 '0
760 1961 789 1988 δὲ
805 1961 871 1992 Θεὸς

81 2012 130 2038 οὐκ
144 2012 203 2047 ἔχει
218 2010 316 2045 ἀρχὴν,
331 2009 400 2037 ἀλλὰ
415 2009 468 2044 πρὸ
483 2008 534 2043 τῆς
550 2008 636 2043 ἀρχῆς
652 2007 720 2040 ἔστι,
735 2008 779 2034 διὰ
793 2007 872 2034 τοῦτο

82 2058 189 2092 λέγεται
205 2057 323 2090 ἄναρχος
335 2063 343 2071 ”
360 2055 476 2089 ἄναρχος
490 2054 584 2080 λοιπὸν
597 2054 611 2079 ὀ
628 2053 737 2088 Πατὴρ,
753 2053 875 2086 ἄναρχος-

82 2102 175 2129 lor-nov
190 2102 205 2128 ὁ
225 2101 306 2133 Υἱὸς,
325 2100 445 2135 ἄναρχον
463 2099 509 2126 καὶ
526 2100 556 2126 τὸ
577 2098 689 2133 Πνεῦμα
710 2098 787 2132 ἅγιον
800 2106 807 2113 ·
825 2098 872 2123 καὶ

84 2149 138 2175 ἰδοὺ
155 2148 330 2182 συνάναρχοι,
344 2147 391 2173 καὶ
404 2146 492 2177 οὐδεὶς
508 2145 614 2180 πρῶτος
630 2145 676 2171 καὶ
691 2145 778 2176 οὐδεὶς
794 2144 871 2170 ὕστε-

83 2203 127 2229 ρος
143 2194 189 2220 ἐπὶ
204 2195 254 2229 τῆς
269 2193 350 2226 ἁγίας
364 2192 489 2225 Τριάδος.

908 249 936 271 et
954 244 1130 270 mutatioueo
1154 242 1179 269 in
1193 251 1208 267 υ
1230 242 1353 269 Graecum
1392 241 1460 272 υίὸς,
1482 241 1535 269 hoc
1551 245 1593 268 est
1610 240 1694 268 ﬁlius.

910 291 1015 317 Similis
1026 290 1097 316 enim
1123 288 1209 323 patris
1222 292 1262 314 est
1278 288 1360 315 (ilius.

947 336 978 363 T.
997 337 1030 363 Et
1044 335 1162 369 πνεῦμα,
1176 334 1195 361 i.
1210 342 1235 361 e.
1249 333 1381 368 Spiritus,
1398 335 1471 361 unde
1486 334 1601 362 dicitur?

946 419 976 453 Ρ.
995 425 1036 452 Ab
1064 425 1117 452 hoc
1143 424 1227 451 verbo
1251 423 1328 455 νοέω,
1351 423 1372 450 i.
1393 431 1419 451 e.
1438 424 1572 458 intelligo.
1596 424 1694 451 Omnia

911 473 982 500 enim
1000 471 1138 499 veraciter
1149 475 1174 498 et
1192 475 1272 497 acute
1290 470 1420 504 intelligit
1441 476 1469 497 et
1485 471 1620 504 providet.
1636 470 1697 505 Spi-

912 519 981 546 ritus
992 518 1065 546 enim
1081 524 1194 544 sanctus
1208 517 1300 543 omnia
1315 515 1441 550 inquirit,
1456 519 1481 542 et
1496 515 1698 549 profunditatcs

913 566 993 592 etiam
1011 565 1068 591 Dci.

950 610 981 638 T.
997 611 1026 638 in
1044 611 1098 637 Deo
1113 617 1174 644 quae
1187 613 1252 636 sunt
1268 608 1404 644 principia
1420 608 1601 643 protluctira?

948 656 979 683 Ρ.
998 656 1085 683 Unum
1113 656 1228 682 dicimus
1255 654 1422 689 principium
1451 654 1638 688 generativutn
1672 654 1699 680 in

914 692 986 734 Deo,
998 702 1027 728 lt.
1046 709 1070 728 c.
1093 700 1186 732 Pater,
1204 701 1261 735 ipse
1274 700 1347 727 enim
1366 705 1478 733 generat
1492 699 1590 726 Filium
1606 705 1632 727 et
1645 700 1701 734 spi-

914 753 955 775 rat
971 746 1104 781 Spiritum
1124 751 1261 774 sanctum.
1280 746 1369 778 Scias,
1383 746 1456 780 quod
1469 746 1544 773 solus
1562 750 1604 773 est
1619 745 1700 772 Pater

914 794 1094 828 generativus
1118 793 1179 820 Filii
1199 791 1304 826 ;Filius
1318 798 1410 820 autem
1427 800 1480 819 non
1503 797 1546 819 est
1565 793 1701 827 generati—

915 848 977 873 vus,
995 841 1042 867 sed
1057 840 1167 874 genitus
1185 849 1192 872 ;
1213 839 1332 874 Spiritus
1347 844 1461 866 sanctus
1476 843 1585 866 nonest
1599 838 1702 873 produ—

915 888 1015 919 ctivus,
1032 888 1079 914 sed
1096 887 1258 921 productus.
1279 885 1371 920 itaque
1387 885 1703 921 principiutnproducti-

916 941 978 961 vum
1005 938 1048 961 est
1071 933 1151 960 Pater
1174 939 1200 960 et
1221 934 1304 961 etiam
1320 933 1421 966 Filius;
1456 933 1580 968 producti
1611 936 1701 960 autem

916 985 979 1007 sunt
996 979 1084 1007 Filius
1100 984 1127 1007 et
1144 978 1268 1014 Spiritus
1291 984 1420 1007 sanctus.
1431 979 1613 1014 gPrincipium
1640 987 1702 1014 pro-

917 1027 1058 1054 ductivum
1082 1027 1185 1054 dicitur
1205 1025 1296 1059 Pater,
1308 1027 1373 1062 quia
1387 1031 1498 1061 generat
1515 1031 1542 1053 et
1554 1033 1607 1053 non
1622 1034 1703 1061 gene-

917 1078 1005 1105 ratur,
1018 1073 1146 1108 producit
1159 1077 1186 1100 ct
1199 1081 1251 1101 non
1269 1073 1451 1115 producitur;
1463 1078 1578 1108 generat
1592 1072 1702 1105 quidem

916 1118 1027 1151 Filium,
1041 1119 1128 1153 spirat
1143 1123 1235 1146 autent
1250 1119 1383 1151 Spiritum
1396 1123 1537 1152 sant-tum,
1554 1123 1581 1146 et
1594 1118 1656 1146 ideo
1664 1119 1704 1146 di-

917 1166 990 1192 citur
1003 1165 1084 1193 Pater
1095 1165 1262 1200 principium
1278 1165 1485 1200 productivum.

954 1212 986 1238 T.
1003 1211 1036 1239 Et
1062 1216 1129 1246 quot
1157 1217 1221 1239 sunt
1235 1219 1360 1246 persona
1379 1213 1406 1239 in
1425 1212 1525 1239 divinis
1541 1212 1705 1246 produetzc?

954 1258 986 1286 P.
1000 1258 1064 1285 Duae
1080 1258 1185 1286 suntin
1202 1258 1304 1286 divinis
1318 1266 1442 1293 persona:
1455 1260 1606 1294 productae,
1620 1258 1706 1286 Filius

918 1308 946 1332 et
959 1303 1081 1339 Spiritus
1095 1310 1225 1332 sanctus.
1245 1303 1305 1331 Non
1321 1309 1434 1339 generat
1447 1304 1546 1337 Filius,
1562 1306 1606 1332 sed
1622 1313 1706 1340 gene-

918 1356 1006 1383 ratur,
1024 1355 1170 1386 propterea
1184 1350 1290 1378 dicitnr
1304 1351 1456 1386 productus
1472 1361 1478 1378 :
1500 1351 1631 1378 similiter
1646 1351 1707 1386 Spi-

919 1396 989 1423 ritus
1005 1401 1119 1424 sanctus
1137 1404 1190 1424 non
1220 1397 1318 1430 spirat,
1337 1398 1383 1424 sed
1402 1398 1534 1432 spiratur,
1547 1402 1575 1425 et
1590 1398 1650 1424 ideo
1664 1397 1709 1424 di-

919 1442 991 1470 citur
1004 1443 1167 1477 productus.
1193 1441 1222 1469 Si
1239 1443 1324 1478 igitur
1346 1443 1534 1478 interrogatus
1560 1442 1657 1473 fueris,
1680 1443 1708 1469 in

919 1488 1022 1515 divinis
1035 1496 1096 1522 qua:
1117 1488 1173 1515 sint
1189 1496 1313 1523 personae
1333 1489 1533 1523 producentes?
1553 1489 1709 1523 responde:

921 1543 986 1562 una.
1001 1533 1131 1567 Quanam
1146 1534 1192 1561 illa
1209 1534 1220 1560 ?
1233 1533 1325 1562 Pater.

959 1580 991 1607 T.
1009 1579 1040 1606 Et
1056 1587 1104 1607 cur
1119 1580 1220 1607 dicitur
1233 1580 1410 1614 producens?

956 1626 985 1654 P.
1003 1627 1072 1660 Quia
1086 1631 1199 1662 generat
1215 1627 1315 1655 Filium
1329 1633 1356 1655 et
1375 1627 1464 1662 spirat
1491 1627 1626 1663 Spiritum
1646 1635 1710 1656 san-

922 1679 1007 1701 ctum.
1253 1667 1258 1670 ’

957 1720 988 1748 Τ.
1004 1720 1031 1747 In
1046 1720 1141 1748 sancta
1158 1720 1294 1748 Trinitate
1306 1722 1368 1756 quis
1380 1721 1431 1748 fuit
1447 1721 1563 1757 primus,
1580 1721 1660 1750 Pater
1675 1729 1711 1749 an

922 1766 1009 1794 Filius
1023 1775 1056 1794 an
1070 1768 1190 1802 Spiritus
1209 1773 1320 1795 sanctus
1338 1768 1349 1794 Ἰ

958 1812 989 1841 P.
1001 1813 1031 1840 in
1047 1820 1144 1841 sancta
1165 1814 1299 1841 Trinitate
1323 1814 1413 1840 nullus
1434 1819 1476 1841 est
1499 1814 1604 1848 primus
1621 1822 1711 1850 neque

923 1857 1048 1891 ultimus,
1069 1859 1117 1885 sed
1135 1858 1216 1885 simul
1241 1859 1333 1890 Pater,
1351 1859 1433 1885 simul
1455 1857 1553 1890 Filius,
1576 1860 1658 1886 simul
1683 1865 1711 1887 et

924 1903 1043 1938 Spiritus
1056 1909 1180 1936 sanctus,
1199 1908 1226 1930 et
1241 1908 1390 1938 propterea
1408 1905 1489 1931 simul
1507 1913 1562 1933 non
1589 1906 1710 1933 inchoati

923 1951 1130 1983 dicuntur/ante
1146 1950 1320 1985 principium.
1341 1951 1412 1978 Deos
1432 1958 1496 1979 vero
1509 1951 1589 1979 Pater
1605 1952 1710 1987 princi-

923 1996 968 2030 pio
985 2001 1068 2028 caret,
1088 1996 1149 2024 licet
1165 2001 1208 2024 est
1237 2001 1301 2024 ante
1319 1996 1495 2032 principium,
1517 2002 1544 2025 et
1564 2003 1709 2033 propterea

923 2042 1024 2069 dicitur
1048 2043 1108 2070 sine
1139 2042 1293 2077 principio;
1318 2048 1344 2069 et
1361 2050 1414 2070 non
1444 2043 1588 2072 inchoatus
1612 2043 1709 2074 Filius.

925 2097 979 2117 non
1006 2090 1153 2117 inchoatus
1179 2090 1298 2123 Spiritus
1324 2095 1446 2118 sanctus.
1471 2090 1502 2117 Et
1530 2098 1594 2118 ecce
1628 2091 1711 2118 simul

924 2138 1063 2168 coaeterni,
1083 2141 1108 2164 et
1125 2137 1213 2164 nullus
1235 2137 1351 2172 primus,
1372 2138 1465 2165 nullus
1477 2137 1589 2164 ultimus
1605 2137 1632 2164 in
1646 2145 1710 2164 san-

924 2187 966 2211 cta
982 2183 1129 2210 Trinitate.

117 2240 150 2267 Τ.
169 2226 271 2266 Καὶ-τὺ
289 2238 401 2272 Πνεῦμα
417 2238 447 2264 τὸ
467 2238 545 2272 ἅγιον
562 2237 620 2269 πῶς
640 2236 821 2271 ἐκπορεύεται
841 2237 858 2262 ἐ;

961 2226 992 2254 Τ,
1020 2228 1053 2254 Et
1087 2227 1207 2262 Spiritus
1234 2233 1349 2256 sanctus
1375 2230 1513 2264 quomodo
1544 2229 1666 2265 procedit
1696 2238 1710 2256 a

83 2285 131 2313 ῖιοῦ
145 2285 253 2321 Πατρός
265 2294 272 2318 ;

119 2333 154 2360 ιι.
170 2332 245 2358 Ἔδει
260 2339 289 2357 σε
303 2331 352 2358 καὶ
364 2331 428 2365 περὶ
439 2330 536 2357 τούτου
552 2329 589 2365 μὴ
603 2330 718 2364 ἐρωτᾷν,
734 2329 780 2356 καὶ
793 2329 873 2355 τοῦτο

87 2378 138 2412 γὰρ
153 2377 369 2412 ἁνερμήνευτον.
386 2376 459 2411 Πλὴν
477 2375 596 2410 μάνθανε
612 2375 659 2401 καὶ
675 2376 741 2409 περὶ
755 2374 851 2400 τούτου
863 2395 871 2406 ,

85 2426 126 2450 ὅτι
144 2424 241 2457 ὥσπερ
259 2423 276 2458 ἡ
295 2422 418 2458 ἀναπνοὴ
434 2422 481 2449 τοῦ
501 2421 647 2455 ἀνθρώπου
667 2421 699 2447 ἐκ
715 2420 764 2455 τῆς
783 2419 873 2454 ψυχῆς

86 2470 287 2505 ἐκπορεύεται,
303 2468 376 2496 οὕτω
392 2469 440 2496 καὶ
456 2469 487 2495 τδ
504 2467 618 2502 Πνεῦμα
633 2469 664 2494 τὸ
681 2466 759 2502 ἅγιον
777 2467 809 2493 ὲκ
826 2465 873 2493 τοῦ

88 2516 194 2552 Πατρὸς
209 2515 398 2550 ἐκπορεύεται.

122 2562 155 2588 Τ.
169 2559 242 2596 Ἀρα
256 2562 385 2595 χωρείται
398 2561 412 2586 ὁ
426 2559 492 2591 Θεὸς
506 2560 535 2586 ἐν
549 2559 590 2585 ἑνὶ
604 2558 679 2593 τόπῳ
693 2558 709 2592 ἢ
725 2556 755 2584 οῦ
767 2567 774 2590 ;

123 2608 159 2634 Π.
177 2600 291 2637 Θὲςτδν
309 2606 372 2633 νοῦν
388 2614 434 2632 σου
453 2605 500 2631 καὶ
516 2605 628 2638 νόησον,
647 2604 688 2629 ὃτι
705 2604 718 2629 ὁ
735 2603 798 2634 Θεὸς
817 2603 875 2637 φῶς

89 2655 173 2686 ἔστιν,
187 2652 343 2686 ἀθεώρητος
360 2653 408 2678 καὶ
422 2652 574 2686 ἁχώρητος,
591 2649 653 2676 οὔτε
669 2647 715 2676 οὖν
729 2650 875 2684 θεωρεῖται

89 2701 104 2726 ὁ
117 2699 183 2730 Θεὸς
194 2718 202 2730 ,
218 2697 279 2725 οὔτε
294 2698 425 2732 χωριῖται
439 2698 478 2728 είς
495 2697 524 2723 τὸ
540 2697 596 2723 πᾶν
606 2716 613 2728 ,
629 2696 696 2721 ὅπου
714 2695 806 2730 μέλλει
822 2703 877 2729 χω-

93 2745 147 2779 ρεῖν
162 2745 210 2771 καὶ
225 2744 364 2770 κατοικεῖν
376 2751 384 2760 ν
400 2742 470 2769 ὥστε
485 2743 582 2777 δῆλον,
598 2743 641 2768 ὄτι
655 2741 686 2767 οὐ
702 2741 832 2775 χωρεῖται
848 2741 877 2766 ἐν

91 2790 131 2816 ἑνὶ
142 2791 230 2825 τόπῳ,
242 2788 309 2815 ἀλλὰ
322 2789 402 2815 παντὶ
415 2788 461 2814 καὶ
475 2787 614 2823 πανταχοῦ
628 2787 761 2821 πάρεστιν
774 2787 788 2811 ὁ
799 2785 875 2817 θεός.

93 2835 185 2862 Πάντα
197 2835 318 2870 ηκουοας
327 2834 446 2869 περὶτῆς
460 2833 540 2867 ἁγίας
554 2833 680 2868 Τριάδος,
694 2833 735 2858 ὅτι
751 2831 781 2858 ἓν
796 2831 879 2866 πρόσ-

92 2888 166 2908 ωπον
177 2882 191 2908 ὁ
207 2879 300 2914 Πατὴρ
328 2880 375 2906 καὶ
387 2880 416 2906 τὸ
429 2880 523 2913 ἕτερον
535 2879 647 2913 λέγεται
661 2878 774 2913 Πνεῦμα
788 2878 876 2912 ἅγιον,

254 2928 382 2958 l’nuot.
408 2929 468 2958 Gn.
484 2927 573 2957 CLX.

925 2273 1025 2301 Patre?
1460 2308 1465 2312 ι

961 2321 990 2348 Ρ.
1015 2321 1185 2356 Interrogare
1198 2321 1231 2348 de
1248 2322 1299 2349 hoc
1315 2321 1427 2348 minime
1445 2325 1470 2348 te
1490 2321 1579 2354 decet,
1598 2330 1652 2348 non
1669 2328 1713 2349 est

925 2367 1151 2402 interpretabile;
1167 2372 1289 2395 attamen
1305 2367 1417 2395 addisce
1432 2375 1526 2402 quaso
1540 2368 1574 2395 de
1589 2368 1640 2394 hac
1656 2376 1684 2395 re
1704 2378 1710 2395 ;

924 2414 1155 2448 quemadmodum
1179 2415 1295 2449 spiratio
1319 2414 1438 2441 hominis
1453 2414 1577 2449 procedit
1599 2414 1632 2441 ab
1654 2415 1712 2441 ani-

926 2468 980 2493 ma,
993 2460 1030 2487 ita
1042 2464 1069 2487 et
1083 2459 1201 2493 Spiritus
1214 2465 1326 2488 sanctus
1340 2460 1464 2495 procedit
1480 2467 1495 2487 a
1507 2459 1598 2488 Patre.

926 2542 936 2551 ’
962 2551 993 2578 'l.
1010 2550 1106 2578 Utrum
1122 2547 1182 2577 loco
1200 2551 1307 2585 capitur
1322 2550 1394 2578 Deus
1409 2558 1509 2578 annon
1523 2551 1534 2578 ?

962 2598 994 2624 Ρ.
1022 2598 1214 2624 Animadverte
1236 2602 1263 2624 et
1288 2596 1428 2632 intelliges
1458 2598 1615 2633 diligenter,
1643 2599 1714 2634 quod

928 2644 998 2670 Deus
1016 2644 1108 2670 lumen
1125 2650 1166 2670 est
1187 2643 1324 2670 invisibile
1339 2647 1366 2670 et
1383 2643 1445 2670 loco
1460 2652 1513 2671 non
1525 2645 1690 2679 receptabile
1704 2653 1712 2676 ;

927 2698 1016 2725 neque
1038 2690 1121 2724 igitur
1147 2690 1280 2724 aspicitur
1304 2689 1384 2721 Deus,
1412 2697 1502 2724 neque
1522 2691 1669 2725 respicitur
1688 2691 1714 2717 in

928 2741 997 2768 toto,
1020 2735 1065 2762 ubi
1087 2735 1262 2763 habitaturus
1275 2740 1301 2762 et
1317 2739 1526 2769 receptaturus;
1543 2735 1636 2769 itaque
1658 2737 1715 2763 cla-

929 2789 989 2810 rum
1013 2782 1245 2817 manifestumque
1268 2787 1322 2814 est,
1348 2783 1420 2817 quod
1447 2789 1500 2809 non
1528 2781 1663 2815 recipitur
1688 2782 1715 2808 in

929 2837 984 2857 uno
1000 2829 1071 2860 loco,
1087 2827 1135 2856 sed
1152 2829 1178 2855 in
1196 2833 1254 2856 toto
1271 2833 1297 2856 et
1317 2829 1416 2864 ubique
1429 2827 1505 2855 adest
1525 2827 1606 2853 Deus.
1626 2827 1715 2854 Etiam

929 2875 1058 2904 audivisti
1091 2874 1124 2902 de
1140 2881 1236 2903 sancta
1257 2875 1400 2908 Trinitate,
1416 2874 1489 2903 ouod
1515 2880 1569 2901 una
1596 2880 1716 2908 persona

1504 2921 1536 2952 11
