1870 3058
63 158 117 198 32's

594 156 802 190 CONFESSIO
823 148 931 185 FlDEl
957 151 1184 183 POSTERIDR.

1641 147 1694 179 330

62 223 128 258 τὴρ,
141 220 264 252 τοιοῦτος
280 220 327 248 καὶ
339 220 352 246 6
367 219 440 253 Υἱὸς,
455 219 502 246 καὶ
515 219 603 254 τροπῇ
616 218 663 244 τοῦ
677 226 690 242 ο
707 217 747 247 εἰς
759 225 773 240 υ
788 214 855 244 υἱός·

960 220 977 245 :,
998 211 1049 237 hoc
1063 215 1104 236 est
1121 208 1201 240 talis;
1217 207 1307 242 qualis
1329 206 1404 233 enim
1424 209 1512 240 pater,
1529 205 1592 234 talis
1611 205 1696 238 ﬁlius,

63 273 158 306 ιΣμοιος
178 270 233 306 γὰρ
249 271 262 296 6
275 270 332 301 υῑδς
347 268 386 304 τῷ
403 268 497 303 πατρί.

104 361 136 388 Τ.
168 360 224 386 Καὶ
255 359 287 385 τὸ
315 357 429 392 Πνεῦμα
458 355 489 383 τδ
519 357 599 390 ἆγιον
624 355 668 381 διὰ
691 353 718 380 τί
747 352 858 386 λέγεται

65 407 179 442 πνεῦμα
191 415 199 439 ς

103 454 136 480 Π.
162 451 278 487 Πνεῦμα
302 450 410 484 λέγεται
428 455 505 485 παρα
522 448 553 474 τὸ
578 448 669 474 νοεῖν
691 447 783 474 πάντα
807 447 860 481 γὰρ

66 500 150 532 ὀξέως
159 499 274 529 ἐπινοεῖ,
282 497 367 531 ἤγουν
379 490 470 522 πᾶσαν
485 495 579 528 νόησιν
592 492 733 527 συντόμως
746 492 863 517 ἐπινοεῖ-

66 554 123 573 ται·
144 546 175 572 τὸ
191 544 246 579 γὰρ
258 543 336 577 ἅγιον
350 541 462 576 Πνεῦμα
473 541 560 568 πάντα
573 539 672 574 ἐρευνᾷ
684 539 731 565 καὶ
744 537 778 564 τὰ
789 536 859 572 βάθη
876 543 887 554 ο

67 590 113 618 τοῦ
126 591 209 618 θεοῦ.

103 638 138 664 Τ.
161 636 225 663 Ἐπὶ
242 626 310 662 Θεοῦ
327 634 396 661 πόσα
413 634 506 665 uitta;

106 684 196 710 Π.Ἒν
212 683 299 709 αἴτιον
308 681 353 708 ἐπὶ
365 680 432 707 Θεοῦ
444 679 526 712 λέγω,
541 679 587 705 καὶ
601 677 681 704 τοῦτὸ
694 678 767 704 ἐστιν
780 677 794 703 6
810 677 865 704 Πα-

70 732 122 765 τήρ
133 738 140 744 ·
156 729 241 761 αὐτὸς
266 728 350 763 γεννᾷ
364 727 410 754 τὸν
436 727 499 753 Υἱὺν
514 726 562 752 καὶ
580 724 727 759 ὲκπορεὺει
741 723 773 750 τὸ
787 723 865 757 ἅγιον

72 774 198 811 Πνεῦμα.
214 769 338 802 Γίνωσκε
355 775 398 801 ὅτι
414 775 427 800 6
442 773 537 808 Πατὴρ
557 773 638 807 μόνος
667 770 741 798 ἐστὶν
765 770 863 802 αἴτιος,

71 825 84 850 6
98 824 127 850 δὲ
153 823 219 855 Υἱὸς
237 822 289 848 οὐκ
315 821 391 847 ἔστιν
408 819 495 849 αἴτιος
520 818 588 845 ἀλλὰ
615 817 749 849 αἰτιατὸς,
769 815 817 842 καὶ
835 816 866 842 τὸ

72 871 148 904 ἅγιον
163 868 279 904 Πνεῦμα
290 867 392 902 ὁμοίως
407 866 459 892 οὐκ
473 865 546 891 ἔστιν
561 864 648 891 αῐτιον
659 863 717 889 ἀλλ’
728 862 864 889 αἰτιατόν·

159 893 361 949 μῗὲναίτιον
374 893 403 939 ’ἐν
419 912 494 953 ἐστιν
510 912 524 938 6
540 910 646 945 Πατὴρ,
660 910 695 935 τὰ
711 909 740 935 δὲ
754 907 866 934 αἰτιατὰ
882 893 903 920 Β

74 963 130 994 δύο,
141 963 155 988 ὁ
170 961 235 992 Υἱὸς
252 960 299 987 καὶ
314 960 344 986 τὸ
361 959 439 992 ἆγιον
466 957 589 990 Πνεῦμα.
610 956 701 986 Atrio;
724 954 834 987 λέγεται
853 954 867 979 6

76 1009 169 1044 Πατὴρ
183 1008 228 1034 διὰ
239 1007 269 1033 τὸ
280 1000 378 1040 γεννᾷν
394 1005 440 1030 καὶ
453 1003 484 1030 οὐ
499 1002 640 1037 γεννᾶται,
657 1000 802 1035 ἑκπορεύει
820 999 868 1026 καὶ

75 1056 124 1082 οὐκ
139 1054 340 1089 ἐκπορεύεται·
361 1051 445 1086 γεννᾷ
465 1050 515 1085 μὲν
541 1049 586 1075 τὸν
616 1048 694 1079 Υἱὸν,
722 1046 868 1081 ὲκπορεύει

76 1103 104 1129 δι
121 1102 152 1128 τὸ
172 1099 288 1133 Πνεῦμα
305 1099 336 1125 τὸ
359 1098 456 1132 ἅγιον·
486 1097 531 1122 καὶ
554 1095 599 1122 διὰ
624 1094 704 1120 τοῦτο
728 1093 839 1127 λέγεται
855 1093 869 1119 6

79 1149 174 1183 Πατὴρ
188 1148 286 1178 αἴτιος.

113 1240 146 1268 Τ.
162 1239 220 1266 Καὶ
233 1239 305 1266 πόσα
319 1237 430 1268 αἰτιατὰ
442 1247 449 1270 ;

116 1286 149 1313 Π.
170 1284 287 1312 Αἱτιατὰ
301 1284 359 1316 δύο,
378 1285 392 1310 6
414 1284 477 1315 Υἱδς
494 1284 542 1310 καὶ
556 1284 586 1309 τὸ
606 1283 719 1317 Πνεῦμα
736 1282 764 1309 τὺ
780 1282 868 1316 ἅγιον.

80 1332 118 1360 Οὺ
135 1332 220 1367 γεννᾷ
235 1332 249 1357 ὁ
263 1331 338 1362 Υἱὸς,
360 1330 429 1358 ἀλλὰ
444 1330 586 1363 γεννᾶται,
601 1330 647 1356 διὰ
669 1329 747 1356 τοῦτο
761 1329 870 1362 λέγεται

82 1378 222 1410 αἱτιατός·
239 1377 339 1414 ὁμοίως
365 1378 413 1404 καὶ
438 1377 468 1403 τὸ
493 1377 570 1409 ἅγιον
589 1375 703 1410 Πνεῦμα
718 1376 769 1402 οῦκ
786 1375 871 1401 ἐκπο-

83 1426 168 1460 ρεύει,
185 1425 243 1452 ἀλλ’
258 1424 451 1457 ἐκπορεύεται,
468 1424 516 1449 καὶ
537 1423 581 1449 διὰ
605 1422 686 1448 τοῦτο
701 1422 811 1454 λέγεται
831 1420 872 1446 αἰ-

82 1473 184 1499 τιατόν.
211 1471 310 1498 Λοιπὸν
334 1471 384 1497 ἐάν
413 1478 454 1501 τις
472 1470 599 1505 ἐρωτήσῃ
627 1477 666 1499 σε,
684 1467 726 1494 ὃτι
743 1467 790 1494 ἐπὶ
804 1465 871 1494 Θεοῦ

83 1520 154 1547 πόσα
168 1519 245 1546 αἴτια
259 1518 350 1552 λέγεις
361 1525 368 1549 ;
381 1516 442 1544 εἰπὲ
454 1516 484 1542 ἓν
497 1524 504 1531 ·
523 1517 599 1542 ποῖον
615 1514 709 1546 τοῦτο;
727 1514 834 1548 Πατήρ.

118 1611 150 1637 Τ.
172 1609 227 1637 Καὶ
243 1608 287 1635 διὰ
302 1607 328 1633 τί
342 1607 452 1640 λέγεται
468 1605 573 1638 αἴτιον;

119 1657 152 1684 Il.
174 1655 225 1682 Διὰ
249 1655 279 1681 τὸ
303 1654 401 1689 γεννᾷν
426 1653 472 1680 τὸν
499 1652 564 1679 Υἱὺν
590 1650 638 1677 καὶ
663 1649 822 1685 ὲκπορεύειν
845 1649 875 1676 τὸ

86 1699 198 1737 Πνεῦμα
212 1701 301 1735 ἅγιον.
782 1700 784 1702 ’

120 1747 152 1774 Τ.
174 1747 238 1774 Ἐπὶ
261 1746 309 1781 τῆς
331 1745 413 1780 ἁγίας
435 1745 550 1780 Τριὰδος
571 1744 612 1776 τίς
637 1743 745 1779 πρῶτος
769 1744 801 1770 ἐκ
821 1742 876 1769 τῶν

85 1794 181 1829 τριῶν,
196 1794 211 1819 6
226 1790 321 1827 Πατὴρ
337 1792 354 1826 ἢ
370 1793 384 1817 6
399 1791 462 1822 Υἱὸς
477 1789 493 1825 ἦ
508 1791 538 1816 τὸ
554 1790 667 1824 Πνεῦμα
681 1789 711 1816 τὸ
725 1789 821 1822 ἆγιον;

123 1840 157 1866 Π.
175 1839 239 1865 Ἐπὶ
258 1838 308 1873 τῆς
328 1837 410 1871 ἁγίας
431 1832 545 1872 Τριάδος
567 1836 654 1867 οὐδείς
675 1836 734 1861 ἐστι
758 1834 876 1870 πρῶτος,

87 1886 175 1917 οὐδεὶς
193 1887 267 1912 ἐστιν
284 1884 413 1919 ὕστερος,
432 1883 501 1910 ἀλλὰ
517 1883 576 1918 ἅμα
593 1882 704 1917 Πατὴρ,
722 1881 779 1916 ἅμα
796 1881 876 1912 Υἱὸς,

88 1928 146 1969 ἅμα
160 1933 207 1960 καὶ
220 1933 251 1958 τὸ
264 1926 377 1965 Πνεῦμα
389 1930 419 1957 τὸ
433 1931 510 1964 ᾶγιον
520 1937 526 1944 ·
543 1930 591 1956 καὶ
604 1928 648 1955 διὰ
661 1927 740 1954 τοῦτο
753 1927 800 1954 καὶ
814 1935 877 1953 συν.

89 1979 202 2014 ἄναρχοι
219 1977 357 2011 λέγονται,
375 1976 405 2003 τδ
423 1978 476 2012 πρὸ
491 1976 540 2010 τῆς
557 1975 645 2010 ἀρχῆς
661 1974 701 2002 6v.
719 1973 751 2001 ’0
766 1974 795 2000 δὲ
811 1973 878 2004 Θεὸς

88 2026 137 2052 οὐκ
152 2025 210 2061 ἔχει
225 2024 322 2059 ἀρχὴν,
338 2023 406 2051 ἀλλὰ
421 2023 474 2058 πρὸ
489 2021 540 2056 τῆς
556 2021 643 2057 ἀρχῆς
658 2021 727 2052 ἐστι,
741 2020 785 2046 διὰ
799 2019 878 2046 τοῦτο

89 2072 196 2106 λέγεται
212 2071 329 2104 ἄναρχος
342 2077 350 2085 ⁶
366 2069 483 2103 ἄναρχος
497 2067 591 2094 λοιπὸν
604 2067 617 2092 6
634 2065 744 2101 Πατὴρ,
760 2065 878 2099 ἄναρχος

89 2117 182 2143 λοιπὸν
198 2116 212 2142 6
232 2115 312 2147 Υἱὸς,
331 2114 451 2149 ἄναρχον
469 2113 516 2140 καὶ
533 2113 562 2139 τὸ
583 2111 695 2146 Πνεῦμα
716 2107 794 2145 ἅγιον
807 2120 813 2126 ·
832 2110 879 2136 καὶ

91 2163 146 2190 ἰδοὺ
162 2162 337 2196 συνάναρχοι,
351 2161 398 2187 καὶ
411 2153 499 2191 οὐδεὶς
515 2159 621 2193 πρῶτος
637 2158 683 2185 καὶ
698 2158 784 2188 οὐδεὶς
801 2156 877 2183 ὓστε-

91 2217 135 2244 po;
150 2208 196 2235 ἐπὶ
211 2209 260 2243 τῆς
276 2207 358 2240 ἁγίας
371 2206 496 2239 Τριὰδος.

910 262 937 284 ct
956 256 1131 283 mulationco
1155 255 1181 281 in
1196 263 1210 279 υ
1232 253 1355 280 Graecum

912 303 1016 330 Similis
1028 302 1099 329 enim
1125 300 1210 335 patris
1224 304 1264 326 est
1280 299 1362 326 ﬁlius.

949 349 980 376 T.
998 349 1031 375 Et
1046 347 1164 381 πνεῦμα,
1179 347 1197 373 i.
1212 353 1236 373 e.
1251 344 1383 380 Spiritus,
1400 345 1473 373 unde
1488 345 1603 372 dicitur?

1394 252 1462 283 υἱὸς,
1484 252 1537 279 hoc
1553 256 1595 279 cst
1612 251 1695 278 ﬁlius.

948 431 978 466 Ρ.
997 438 1038 464 Ab
1066 437 1119 464 hoc
1145 436 1230 464 verbo
1253 435 1330 466 νοέω,
1353 435 1374 461 i.
1396 442 1421 462 e.
1441 435 1575 469 intelligo.
1599 435 1697 461 Omnia

913 486 985 512 enim
1003 483 1140 511 veraciter
1151 487 1176 510 et
1194 487 1274 509 acute
1292 481 1423 515 intelligit
1443 486 1471 508 et
1488 481 1623 515 providet.
1638 481 1700 515 Spi-

914 532 984 558 ritus
994 530 1067 558 enim
1083 536 1196 556 sanctus
1210 529 1302 555 omnia
1317 526 1444 561 inquirit,
1459 530 1484 553 et
1499 526 1700 560 proinnditatcs

915 579 996 605 etiam
1013 577 1071 603 Dei.

952 623 983 650 T.
999 623 1029 650 ln
1047 623 1100 650 Deo
1116 629 1176 656 quae
1190 625 1255 648 sunt
1271 620 1407 655 principia
1422 619 1604 654 productiva?

951 669 983 695 P.
1000 668 1088 696 Unum
1117 668 1232 694 dicimus
1258 666 1426 700 principium
1453 665 1641 700 generativum
1675 664 1702 691 in

917 705 989 746 Deo,‘
1000 713 1030 740 li.
1049 721 1073 741 c.
1096 713 1189 745 Pater,
1207 713 1264 747 ipse
1277 712 1351 739 enim
1369 716 1481 744 generat
1495 710 1593 737 Filium
1609 716 1635 738 et
1649 711 1704 744 spi-

917 765 958 788 rat
974 759 1108 794 Spiritum
1127 763 1264 786 sanctum.
1284 757 1372 789 Scias,
1387 757 1460 792 quod
1472 757 1548 784 solus
1566 760 1607 783 est
1622 756 1704 783 Pater

917 806 1098 841 generativus
1121 805 1183 831 Filii
1201 803 1308 838 gF'ilius
1322 809 1413 832 autem
1431 811 1483 830 non
1506 808 1549 830 cst
1568 804 1705 838 generati-

918 861 980 886 vus,
997 853 1045 880 sed
1061 852 1170 887 genitus
1189 861 1195 884 ;
1215 850 1335 886 Spiritus
1351 855 1465 878 sanctus
1479 857 1535 876 non
1547 853 1589 877 est
1603 849 1706 883 produ—

918 900 1019 931 ctivus,
1035 900 1082 926 sed
1099 899 1262 933 productus.
1283 898 1374 931 Itaque
1390 897 1555 932 principium
1566 896 1707 931 producti-

919 953 981 974 vum
1008 950 1051 973 est
1073 945 1154 972 Pater
1177 951 1203 972 et
1225 945 1307 972 etiam
1324 945 1425 976 Filius;
1459 944 1584 979 producti
1614 947 1705 970 autem

919 997 983 1020 sunt
999 992 1087 1019 Filius
1103 997 1131 1019 et
1148 991 1272 1026 Spiritus
1295 995 1423 1018 sanctus.
1435 989 1616 1025 gPrincipium
1643 997 1706 1024 pro~

920 1039 1062 1067 ductivum
1085 1039 1189 1066 dicitur
1209 1037 1300 1071 Pater,
1312 1039 1377 1073 quia
1391 1041 1502 1072 generat
1519 1042 1546 1064 et
1558 1044 1611 1064 non
1626 1044 1707 1072 gene-

922 1090 1008 1118 ratur,
1022 1085 1150 1120 producit
1163 1089 1190 1112 ct
1203 1093 1255 1112 non
1273 1085 1456 1126 producitur;
1467 1089 1582 1119 generat
1596 1083 1706 1116 quidem

920 1131 1031 1162 Filium,
1046 1131 1132 1165 spirat
1147 1135 1238 1158 autem
1254 1130 1388 1163 Spiritum
1400 1134 1541 1163 sanctum,
1559 1134 1585 1157 et
1598 1129 1660 1157 ideo
1668 1130 1708 1156 di-

921 1178 994 1205 citur
1007 1177 1089 1205 Pater
1100 1177 1266 1212 principium
1282 1177 1489 1211 productivum.

959 1224 990 1250 T.
1007 1223 1040 1251 Et
1067 1228 1134 1258 quot
1161 1229 1225 1251 sunt
1238 1231 1365 1258 personae
1383 1224 1410 1250 in
1430 1223 1529 1250 divinis
1545 1223 1710 1258 productm?

958 1271 990 1298 P.
1003 1270 1068 1297 Duo:
1084 1270 1189 1298 suntin
1207 1270 1308 1298 divinis
1322 1278 1446 1304 persona:
1459 1271 1610 1305 productae,
1625 1269 1711 1297 Filius

922 1320 950 1344 ci.
963 1316 1085 1351 Spiritus
1099 1321 1230 1344 sanctus.
1250 1315 1309 1343 Non
1325 1320 1438 1350 generat
1451 1315 1550 1348 Filius,
1566 1316 1611 1343 sed
1627 1323 1711 1351 gene—

923 1369 1010 1396 ratur,
1029 1367 1174 1398 propterea
1189 1362 1295 1389 dicitur
1309 1363 1461 1397 productus
1476 1371 1483 1389 :
1505 1362 1636 1389 similiter
1650 1362 1712 1397 Spi-

924 1409 994 1436 ritus
1010 1413 1124 1436 sanctus
1141 1416 1195 1435 non
1224 1409 1324 1442 spirat,
1341 1409 1388 1435 sed
1407 1409 1538 1443 spiratur,
1551 1413 1579 1436 et
1595 1408 1654 1435 ideo
1669 1408 1713 1434 di-

924 1455 996 1482 citur
1009 1455 1172 1489 productus.
1198 1453 1227 1481 Si
1244 1455 1329 1489 igitur
1351 1455 1539 1489 interrogatus
1565 1453 1662 1484 fueris,
1685 1454 1713 1480 in

924 1501 1027 1528 divinis
1040 1508 1101 1534 qua:
1122 1501 1178 1528 sint
1194 1508 1318 1535 personae
1338 1500 1538 1535 producenles?
1558 1500 1714 1534 responde:

926 1555 991 1575 una.
1006 1545 1136 1579 Quaenam
1151 1546 1197 1573 illa
1214 1546 1225 1572 ?
1238 1545 1330 1573 Pater.

964 1593 996 1619 T.
1014 1591 1045 1618 Et
1061 1599 1109 1619 cur
1124 1592 1226 1619 dicitur
1238 1592 1416 1625 produccns?

961 1638 991 1666 P.
1008 1639 1077 1672 Quia
1092 1643 1204 1674 generat
1221 1638 1321 1666 Filium
1334 1645 1362 1666 et
1381 1639 1469 1674 spirat
1496 1638 1631 1674 Spiritum
1651 1645 1715 1666 san-

927 1691 1013 1713 ctum.
1258 1679 1263 1681 ’

963 1732 994 1760 Τ.
1009 1732 1037 1759 In
1051 1731 1147 1760 sancia
1163 1731 1299 1760 Trinitate
1312 1733 1374 1767 quis
1386 1732 1436 1759 fuit
1452 1733 1568 1768 primus,
1586 1731 1665 1760 Pater
1681 1739 1716 1759 an

928 1779 1015 1806 Filius
1029 1787 1062 1806 an
1075 1779 1196 1814 Spiritus
1214 1785 1326 1807 sanctus
1343 1779 1355 1805 ἲ

964 1825 995 1853 P.
1007 1825 1037 1852 In
1053 1831 1150 1853 sancta
1171 1825 1305 1852 Trinitate
1328 1825 1419 1852 nullus
1440 1831 1482 1852 est
1505 1826 1610 1859 primus
1627 1833 1717 1861 neque

930 1869 1055 1903 ultimus,
1076 1871 1122 1898 sed
1141 1870 1222 1897 simul
1248 1871 1339 1902 Pater,
1357 1870 1440 1897 simul
1461 1869 1559 1901 Filius,
1582 1871 1664 1898 simul
1689 1876 1718 1898 et

931 1915 1050 1950 Spiritus
1062 1920 1187 1947 sanctus.
1205 1920 1232 1942 et
1248 1920 1396 1950 propterea
1414 1917 1495 1943 simul
1513 1924 1568 1944 non
1595 1917 1717 1944 inchoati

929 1963 1136 1994 dicunturante
1152 1962 1326 1996 principium.
1347 1963 1419 1989 Deus
1438 1969 1503 1990 vero
1515 1963 1595 1990 Pater
1611 1963 1716 1997 princi-

930 2009 975 2043 pio
991 2013 1074 2040 caret,
1095 2009 1155 2036 licet
1172 2013 1214 2036 est
1243 2013 1307 2035 ante
1325 2008 1501 2044 principiUm,
1523 2013 1551 2036 et
1571 2013 1715 2044 propterea

930 2055 1030 2082 dicitur
1054 2055 1115 2082 sine
1146 2054 1299 2089 principio;
1324 2059 1351 2081 et
1367 2062 1421 2082 non
1450 2055 1594 2082 inchoatus
1618 2054 1715 2084 Filius.

931 2110 986 2129 non
1012 2102 1160 2129 inchoatus
1185 2101 1305 2135 Spiritus
1330 2106 1453 2129 sanctus.
1477 2101 1509 2128 Et
1537 2109 1601 2129 ecce
1634 2101 1717 2129 simul

931 2150 1070 2181 coaeterni.
1089 2153 1115 2176 et
1131 2148 1219 2176 nullus
1241 2149 1357 2183 primus,
1379 2149 1471 2176 nullus
1483 2149 1595 2175 ultimus
1612 2148 1638 2175 in
1652 2156 1716 2175 san-

931 2200 973 2223 cta
989 2195 1136 2222 Trinitate.

124 2238 157 2282 τ.
177 2238 278 2280 Καὶ-τὸ
296 2238 408 2286 Πνεῦμα
424 2252 454 2278 τὸ
474 2252 552 2286 ἂγιον
569 2251 627 2282 πῶς
647 2249 828 2284 ἐκπορεύεται
848 2250 860 2274 ὲ

968 2238 999 2266 Τ.
1027 2240 1060 2266 ΕΙ.
1094 2240 1214 2274 Spiritus
1240 2245 1356 2268 sanctus
1381 2241 1520 2275 quomodo
1550 2240 1673 2276 procedit
1703 2249 1717 2267 a

91 2300 137 2328 τοῦ
153 2299 259 2335 Πατρός
272 2308 278 2332 ;

126 2347 162 2374 li.
178 2346 252 2372 Ἔδει
267 2354 296 2371 σε
310 2345 358 2372 καὶ
371 2344 435 2379 περὶ
447 2343 543 2371 τούτου
559 2343 597 2378 μὴ
610 2343 725 2378 ἐρωτᾷν,
741 2342 787 2368 καὶ
800 2341 880 2368 τοῦτο

95 2392 145 2427 γὰρ
160 2391 376 2426 ἁνερμήνευτον.
394 2390 467 2424 Πλὴν
484 2389 603 2424 μάνθανε
619 2388 666 2414 καὶ
683 2389 748 2422 περὶ
762 2386 859 2412 τούτου
871 2407 878 2419 ,

93 2440 134 2465 ὅτι
151 2438 248 2472 ὥσπερ
266 2438 283 2472 ὴ
303 2436 425 2472 ἀναπνοὴ
441 2435 489 2462 τοῦ
509 2434 655 2468 ἀνθρώπου
675 2434 707 2460 ἐκ
723 2433 771 2468 τῆς
791 2433 881 2467 ψυχῆς

94 2484 294 2520 ἐκπορεύεται,
311 2482 383 2509 οὕτω
400 2483 448 2509 καὶ⁵
463 2482 495 2508 τὸ
512 2481 626 2516 Πνεῦμα
641 2482 671 2506 τὸ
689 2479 767 2514 ἅγιον
784 2480 817 2506 ἐκ
833 2477 880 2505 τοῦ

96 2531 201 2566 lla-cpe;
217 2529 406 2564 ἐκπορεύεται.

130 2576 163 2603 Τ.
176 2574 250 2611 *Αρα
263 2576 393 2610 χωρείται
405 2575 419 2600 6
434 2573 500 2604 Θεὸς
514 2573 543 2600 ἐν
557 2573 597 2598 ἐνὶ
612 2571 687 2606 τόπῳ
701 2571 716 2606 ἢ
733 2569 763 2597 οὗ
775 2580 782 2603 ;

131 2622 166 2648 ll.
186 2617 299 2652 Θὲςτδν
317 2620 379 2646 νοῦν
396 2627 443 2646 σου
461 2619 508 2645 καὶ
524 2618 636 2652 νόησον,
654 2617 695 2642 ὅτι
713 2617 727 2642 6
743 2616 806 2647 Θεὸς
825 2616 883 2650 φῶς

98 2669 181 2699 ἐστιν,
195 2667 352 2700 ἀθεώρητος
368 2667 416 2693 καὶ
430 2666 583 2700 ἀχώρητος,
599 2663 661 2690 οὕτε
677 2660 723 2689 οὖν
737 2663 884 2697 θεωρεῖται

98 2716 112 2741 6
126 2713 192 2744 Θεὸς
203 2732 211 2744 ,
227 2712 287 2739 οὔτε
302 2712 433 2747 χωριῖται
447 2712 486 2742 εἰς
503 2710 532 2737 τδ
549 2710 604 2736 πᾶν
615 2729 622 2742 ,
638 2709 705 2735 ὅπου
722 2707 814 2742 μέλλει
830 2715 885 2742 χω.

102 2759 156 2794 ρεῖν
171 2759 219 2785 καὶ
234 2758 372 2785 κατοικεῖν
384 2765 392 2774 ο
408 2756 479 2783 ὥστε
493 2756 573 2790 δῆλον
583 2774 590 2788 ,
606 2756 650 2782 ὅτι
664 2755 694 2780 οὐ
710 2755 840 2788 χωρεῖται
856 2754 885 2778 ὲν

100 2804 140 2830 ἑνὶ
152 2805 239 2838 τόπῳ,
250 2802 317 2830 ἀλλὰ
330 2803 412 2830 παντὶ
424 2802 470 2829 καὶ
484 2800 622 2836 πανταχοῦ
636 2801 769 2835 πάρεστιν
782 2799 796 2825 6
808 2798 884 2829 Θεός.

102 2850 195 2876 Πάντα
207 2849 326 2883 ἡκούσας
335 2848 399 2883 περὶ
407 2848 455 2883 τῆς
468 2846 548 2881 ἁγίας
562 2846 689 2881 Τριάδος,
703 2846 744 2871 ὃτι
760 2845 789 2871 ἓν
805 2844 888 2879 πρόσ-

102 2902 177 2922 ωπον
188 2895 202 2921 6
218 2894 308 2929 Πατὴρ
336 2894 384 2921 καὶ
396 2893 426 2919 τὸ
438 2893 532 2926 ἕτερον
544 2893 656 2926 λέγεται
670 2891 783 2927 Πνεῦμα
796 2891 885 2925 ἅγιον.

262 2943 391 2972 ιἈτιιυι..
418 2942 477 2971 Gn.
493 2940 582 2971 CLX.

931 2286 1032 2313 Patre?

967 2333 998 2360 P.
1021 2333 1192 2368 Interrogare
1205 2333 1237 2360 de
1255 2334 1306 2361 hoc
1322 2333 1434 2360 minime
1452 2337 1477 2359 te
1497 2332 1586 2366 decet,
1605 2341 1658 2360 non
1676 2339 1719 2360 est

932 2380 998 2407 inter
1006 2379 1158 2414 prelabile;
1174 2384 1296 2407 attamen
1312 2379 1424 2407 addisce
1440 2387 1533 2414 quaeso
1547 2380 1581 2406 de
1597 2379 1647 2406 hac
1663 2387 1691 2406 re
1711 2389 1717 2406 :

932 2426 1162 2461 quemadmodum
1187 2427 1303 2461 spiratio
1327 2426 1446 2453 hominis
1460 2425 1584 2461 procedit
1607 2426 1640 2452 ab
1662 2426 1720 2452 ani-

934 2480 987 2506 ma,
1000 2472 1038 2499 ita
1050 2476 1076 2499 et
1090 2471 1209 2505 Spiritus
1222 2477 1334 2499 sanctus
1348 2472 1472 2507 procedit
1488 2479 1502 2499 τι
1514 2470 1605 2499 Patre.

934 2555 943 2563 ’
969 2564 1000 2590 Ἰ.
1017 2563 1114 2590 Utrum
1130 2560 1190 2590 loco
1208 2562 1315 2596 capitur
1330 2562 1402 2589 Deus
1417 2563 1542 2590 annon?

970 2610 1002 2637 Ρ.
1030 2609 1222 2637 Animadverte
1244 2613 1270 2636 et
1296 2608 1437 2643 intelliges
1466 2610 1623 2645 diligenter,
1650 2610 1721 2645 quod

936 2656 1006 2682 Deus
1024 2656 1116 2682 lumen
1133 2661 1174 2682 est
1195 2654 1332 2682 invisibile
1347 2658 1374 2680 et
1390 2654 1453 2681 loco
1468 2664 1520 2683 non
1533 2655 1697 2690 receptabile
1713 2664 1720 2688 ;

935 2710 1024 2737 neque
1046 2702 1130 2736 igitur
1155 2702 1288 2736 aspicitur
1312 2700 1392 2732 Deus,
1420 2708 1510 2735 neque
1530 2701 1676 2736 respicitur
1696 2702 1722 2728 in

937 2752 1005 2780 toto,
1029 2747 1073 2774 ubi
1095 2747 1269 2774 habitaturus
1283 2752 1310 2774 et
1325 2750 1535 2780 reccptaturus;
1551 2746 1644 2781 itaque
1665 2748 1723 2774 cla-

937 2801 998 2822 rum
1022 2794 1252 2828 manifestumque
1276 2798 1330 2826 est,
1356 2793 1429 2827 quod
1455 2800 1508 2820 non
1537 2793 1671 2827 recipitur
1695 2793 1723 2819 in

938 2849 992 2869 uno
1009 2841 1080 2872 loco,
1095 2839 1143 2868 sed
1160 2840 1186 2866 in
1204 2844 1262 2867 toto
1279 2845 1305 2867 et
1325 2839 1425 2874 ubique
1437 2839 1514 2866 adest
1533 2838 1614 2865 Deus.
1634 2837 1723 2864 Etiam

938 2888 1068 2917 audivisti
1100 2887 1133 2914 de
1149 2892 1244 2914 sancta
1265 2886 1407 2919 Triuitate,
1425 2885 1498 2913 ouod
1523 2891 1578 2911 una
1605 2891 1723 2920 persona

1513 2932 1545 2962 11
