1870 3058
175 114 229 146 355

714 106 907 141 GENNADH
925 107 983 138 CP.
1005 106 1266 138 PATRIARCHB

1792 104 1843 136 355

175 170 304 201 rebimini
320 177 430 199 carnem
446 169 559 197 edentes
574 168 735 199 humanam,
753 172 780 194 et
802 167 964 202 sanguinem
981 194 984 198 ,

1053 176 1067 194 ν
1079 167 1251 200 ὑφεστήκασι
1268 165 1316 192 καὶ
1339 165 1409 191 εἰσὶν
1424 165 1452 191 ἑν
1463 165 1524 200 ἐμοί
1540 172 1546 178 ·
1565 165 1626 192 ἀλλ’
1647 165 1704 196 ὠς-
1717 163 1752 190 ὲν
1771 165 1846 199 ἁρτῳ

179 220 301 248 bibentes
315 218 366 245 sub
382 216 477 244 eadem
493 216 579 243 forma
595 222 648 250 qua
661 214 829 244 subsistunt.
845 220 871 241 et
884 215 911 241 in
925 221 968 240 me

145 281 148 285 λ
179 271 252 298 sunt,
272 265 320 292 sed
349 269 478 298 tauquam
493 262 521 289 in
545 270 615 297 pane
631 265 658 289 et
675 261 741 288 vino
763 260 968 288 manducabitis

178 316 204 338 et
219 310 318 338 bibetis
334 318 341 337 :
357 309 437 344 panis
458 313 554 336 autem
579 312 607 336 et
621 307 678 334 vini
699 314 838 342 apparens
854 307 967 340 veritas,

179 356 324 383 veritatem
348 362 402 381 non
421 357 599 388 apparentem
627 353 753 388 corporis
770 358 797 380 et
814 345 969 387 sanguinis,

178 401 350 428 continebit:
369 399 524 427 substantia
544 399 869 434 quidenrtransmutata,
895 403 926 425 ut
941 398 969 425 in

181 447 257 475 vobis
268 451 471 475 sacramentum
498 449 647 478 operetur;
669 449 782 472 externa
799 452 865 471 vero
881 443 970 471 forma

180 495 275 521 eadem
288 497 476 528 permanente,
494 500 528 519 ne
541 499 595 527 qua
613 499 663 519 vos
679 492 819 518 haesitatio
832 495 859 518 et
871 491 971 518 horror

181 542 318 571 detinens,
331 548 347 566 a
364 540 561 566 communione
587 538 718 566 abducat.
734 538 798 565 Hec
821 537 915 572 itaque
930 537 971 565 sic

184 587 326 617 facientes,
342 591 396 611 non
409 584 540 611 amicitiae
554 584 657 615 solum,
676 583 724 611 sed
739 582 871 610 utilitatis
884 582 969 609 etiam

182 639 276 664 causa,
307 638 467 659 sermonum
499 637 626 657 meorum
656 634 684 656 et
709 629 773 655 vitae
789 636 856 656 111Εέ
868 635 973 656 memo-

184 679 251 706 riam
269 678 411 709 habentes,
438 681 495 703 tnm
522 676 549 703 in
568 675 706 711 epirituali
725 675 781 702 vita
807 675 972 710 proﬁcietis,

184 730 239 751 tum
258 724 352 750 futura
379 723 426 750 illa
444 723 499 750 vita
516 723 593 758 digni
609 726 768 757 opportuno
783 726 905 756 tempore
918 721 973 748 em-

182 770 305 800 eiemini,
319 769 445 804 adquam
462 776 511 796 vos
529 768 658 800 antehac,
675 768 891 803 quantumvsatis
903 771 973 799 erat.

184 817 344 852 praparavi.
359 815 433 843 Talis
447 820 490 843 est
510 816 593 850 hujus
612 814 781 843 sacramenti
793 821 905 849 scopus.
925 820 974 840 au-

1023 215 1070 240 καὶ
1097 213 1163 248 οἴνῳ
1191 213 1294 240 ἐσθίειν
1326 213 1374 239 καὶ
1401 212 1489 238 πίνειν
1518 211 1652 247 μέλλετε,
1675 212 1734 238 καὶ
1762 212 1781 246 ἡ
1800 211 1846 238 τοῦ

1023 260 1107 295 ἄρτου
1132 259 1179 285 καὶ
1205 259 1278 286 οίνου
1295 258 1449 294 φαινομένη
1467 258 1593 293 ἀλήθεια,
1607 258 1672 293 τὴν
1701 258 1846 292 ἀλήθειαν

1023 305 1113 340 ἀφανῆ
1127 306 1174 332 τοῦ
1192 305 1320 340 σώματος
1335 305 1384 332 καὶ
1401 304 1519 339 αἵματος
1536 304 1687 340 περιέξει,
1712 303 1772 338 τῆς
1799 305 1846 338 μὲν

1024 352 1118 383 οὐσίας
1137 351 1369 386 μεταϐληθείσης,
1384 351 1423 382 ὡς
1436 350 1469 377 ἂν
1487 351 1516 377 ὲν
1533 351 1599 385 ὑμῖν
1613 351 1653 377 τὸ
1675 350 1846 385 μυστήριον

1025 401 1136 435 ἐνεργῇ,
1154 399 1202 434 τῆς
1229 398 1258 424 δὲ
1273 397 1374 430 ἔξωθεν
1389 396 1539 428 διαθέσεως
1564 397 1613 432 τῆς
1631 396 1743 430 αὐτῆς
1763 395 1849 427 σωζο-

1028 445 1122 480 μένης,
1137 445 1181 472 ῐνα
1197 444 1292 480 μηδεὶς
1306 445 1381 480 ὑμᾶς
1397 443 1502 479 ἴλιγγος
1520 444 1680 479 κατασχὼν
1699 443 1849 478 ἀπαγάγῃ

1026 492 1075 527 τῆς
1090 492 1282 527 μεταλήψεως.
1300 491 1394 518 Ταῦτα
1416 490 1509 518 τοίνυν
1528 490 1600 517 οὕτω
1615 489 1802 521 ποιοῦντες,
1821 490 1849 516 ο]

1027 539 1120 574 φιλίας
1134 539 1218 566 ἕνεκα
1239 539 1331 573 μόνον.
1346 538 1416 565 ἀλλὰ
1444 539 1493 565 καὶ
1506 538 1659 572 ὠφελείας,
1687 537 1744 564 καὶ
1760 537 1844 570 λόγου

1027 586 1074 612 καὶ
1090 585 1148 620 βίου
1170 584 1389 620 μνημονεύοντες
1410 584 1464 611 τῶν
1479 585 1566 620 ἐμῶν,
1583 586 1612 610 ἐν
1640 585 1684 618 τῇ
1716 591 1849 616 πνευμα-

1027 633 1089 667 τικῇ
1113 631 1171 667 ζωῇ
1199 631 1352 666 προκόψετε
1377 631 1484 666 δήπου,
1509 631 1557 657 καὶ
1587 630 1640 665 τῆς
1677 629 1849 665 μελλούσης

1027 677 1134 712 δκείνης
1161 677 1299 713 ἑγκαίρως
1322 675 1522 712 ἀξιωθήσεσθε,
1539 677 1607 710 πρδς
1629 677 1671 712 ἠν
1691 677 1780 711 ὑμᾶς
1797 676 1849 709 ἁρ-

1028 723 1149 756 κούντως
1171 723 1291 758 πρόσθεν
1316 723 1483 758 κατήρτισα.
1498 722 1584 755 Οὗτος
1607 723 1621 749 ὁ
1643 722 1703 749 τοῦ
1735 729 1849 757 μυστη-

1029 771 1088 807 ρίου
1109 770 1222 803 σκοπδς,
1237 767 1260 796 ὧ
1284 769 1430 803 παρόντες,
1445 769 1483 801 ὡς
1507 770 1536 797 ὲν
1562 769 1672 804 ὀλίγοις
1696 769 1775 802 περὶ
1799 767 1848 794 τοῦ

1030 816 1159 852 μεγίστου
1178 817 1225 842 καὶ
1241 815 1382 843 θειοτάτου
1397 815 1545 842 διαλαϐεῖν.
1564 815 1619 842 Καὶ
1644 814 1704 841 νῦν
1733 813 1769 840 τδ
1797 822 1849 848 μυ-

184 863 298 895 ditores,
313 866 446 897 quantum
463 861 561 896 paucis
575 861 610 888 de
627 860 748 888 maximo
762 865 789 888 et
800 860 975 888 divinissimo

1051 865 1138 899 τήριον
1153 864 1210 894 τοῖς
1226 862 1372 897 μετέχουσι
1384 861 1529 897 προκοπὴν
1546 862 1595 895 τῆς
1609 861 1690 888 κατὰ
1711 859 1844 896 Χριστοῦ

184 910 356 934 sacramento
379 905 472 933 dicere
483 905 561 933 licet.
575 905 608 932 Et
623 913 697 933 nunc
714 910 919 933 sacramentum
946 907 973 933 in

184 954 463 985 communicantibus,
494 952 647 987 profectum
662 953 725 979 vitae
738 952 766 979 in
781 951 893 980 Christo
911 959 975 986 ope-

187 1005 273 1032 ratur,
287 1000 414 1034 quodque
433 999 613 1033 corporaliter
627 998 725 1030 eflicit,
742 997 769 1024 id
788 1006 844 1033 quo
857 997 975 1038 ejnsovi-

185 1046 339 1077 detunhoc
354 1049 462 1073 secreto
472 1050 499 1073 et
524 1045 701 1072 invisibiliter
713 1044 832 1080 perﬁcit,
854 1045 879 1072 id
902 1044 975 1079 quod

186 1093 301 1119 interius
312 1097 364 1119 est.
376 1091 470 1118 Nutrit
489 1092 562 1119 enim
579 1096 606 1119 et
618 1091 707 1119 reﬁcit
718 1092 838 1118 animam
853 1095 975 1118 nostram

184 1138 286 1165 Christi
306 1145 417 1172 corpus,
438 1138 510 1165 sicut
528 1134 607 1171 panis
627 1138 735 1172 corpori
761 1137 833 1163 idem
855 1141 976 1171 prmstat.

186 1183 217 1210 Et
231 1183 299 1210 sicut
319 1183 471 1217 regenerati
484 1187 512 1209 et
524 1181 657 1215 baptizati
674 1180 828 1215 accipimus
843 1187 904 1207 esse
917 1187 979 1214 gra-

186 1230 229 1256 tia:
241 1237 295 1264 quo
309 1229 410 1256 desinit
437 1236 499 1256 esse
524 1228 641 1263 peccati.
659 1228 734 1254 uncti
750 1234 813 1254 vero
828 1226 978 1254 chrismate

186 1285 211 1302 ιιι
225 1275 519 1310 regenerationisdono
533 1274 741 1305 conﬁrmantur,
756 1279 784 1300 et
799 1273 898 1308 signati
911 1281 978 1300 con-

186 1322 321 1348 futantur
337 1321 370 1347 ad
387 1320 542 1355 spiritualia
555 1321 719 1351 certamina,
735 1328 802 1354 qua),
823 1328 874 1347 nos
898 1320 980 1354 spiri-

187 1368 297 1395 tualiter
321 1368 427 1398 genitos
452 1366 547 1394 subire
573 1373 688 1400 prorsus
716 1374 830 1394 necesse
857 1371 916 1398 cst;
942 1367 978 1392 ita

186 1415 270 1441 etiam
286 1413 458 1441 robustiores
483 1412 570 1439 factos
589 1411 690 1438 nutriri
709 1416 827 1446 oportet,
855 1417 881 1438 et
906 1411 981 1438 acci-

188 1469 251 1496 pere
262 1459 494 1495 perseverantiam
508 1462 535 1486 et
550 1464 725 1494 augmentum
745 1459 772 1485 in
784 1459 878 1485 eadem
894 1458 980 1491 gratia

190 1515 237 1542 per
247 1511 452 1538 sacramentum
469 1505 685 1533 communionis.
703 1504 739 1532 Ut
755 1505 827 1532 enim
841 1504 917 1531 calor
931 1510 980 1530 na-

1026 911 1100 946 ζωῆς
1124 908 1304 946 ἐνεργάζεται
1328 909 1398 944 ὅπερ
1416 907 1582 943 σωματικῶς
1606 908 1661 943 δρᾷ
1683 907 1721 934 τὸ
1742 907 1849 941 eam,

1028 965 1110 992 μενον
1120 955 1203 982 αὐτοῦ
1213 964 1219 971 ·
1240 954 1319 981 τοῦτο
1335 953 1475 988 μυστικῶς
1488 963 1518 980 τε
1539 953 1586 980 καὶ
1601 953 1746 988 ἀοράτως
1767 953 1844 979 ἔνδον

1026 1003 1118 1029 ἀνύον.
1137 1003 1239 1038 Τρέφει
1267 1001 1323 1036 γὰρ
1347 1001 1393 1028 καὶ
1420 1002 1574 1028 ἁνακτᾶται
1604 1000 1656 1035 τὴν
1689 1000 1843 1036 ἡμετέραν

1026 1048 1117 1083 ψυχὴν
1140 1048 1170 1074 τὺ
1193 1047 1240 1074 τοῦ
1263 1047 1384 1080 Χριστοῦ
1401 1047 1492 1082 σῶμα,
1508 1046 1639 1082 καθάπερ
1655 1046 1672 1072 ὀ
1691 1046 1789 1080 ἄρτος
1805 1044 1843 1077 τῷ

1029 1095 1134 1129 σώματι
1159 1094 1237 1121 τοῦτο
1260 1094 1418 1129 ἐργάζεται.
1444 1094 1497 1119 Καὶ
1521 1093 1648 1128 καθάπερ
1667 1090 1842 1124 ἀναγεννὼ-

1030 1141 1101 1176 μεθα
1131 1141 1338 1176 βαπτιζόμενοι,
1355 1147 1403 1169 καὶ
1425 1141 1456 1167 τὸ
1469 1138 1538 1167 εἶναι
1561 1140 1610 1174 τῆς
1635 1141 1777 1174 χάριτος,
1793 1136 1842 1163 τοῦ

1029 1186 1099 1214 εἶναι
1122 1188 1172 1221 τῆς
1195 1188 1334 1223 ἁμαρτίας
1359 1186 1609 1222 ἀντιλαμϐάνομεν,
1626 1185 1788 1220 χριόμενοι
1815 1183 1842 1208 δὲ

1029 1235 1067 1268 τῷ
1084 1235 1163 1269 μύρῳ
1186 1235 1214 1260 ἐν
1236 1232 1312 1269 αὐτῷ
1337 1234 1386 1269 τῆς
1406 1233 1614 1268 ἁναγεννήσεως
1635 1230 1841 1268 βεϐαιούμεοα

1029 1281 1118 1316 δώρῳ.
1149 1280 1196 1306 καὶ
1223 1280 1292 1314 πρδς
1303 1280 1368 1312 τοὺς
1391 1280 1599 1314 πνευματικοὺς
1623 1279 1748 1314 ἀγῶνας
1786 1278 1840 1302 ὲνι⁴

1031 1327 1171 1361 σχυόμεθα
1197 1326 1415 1361 σημειούμενοι,
1443 1326 1489 1358 οὒς
1520 1327 1628 1361 ἀνάγκη
1657 1327 1745 1353 πᾶσα
1775 1325 1839 1353 τοὺς

1032 1373 1226 1408 πνευματικῶς
1250 1374 1440 1408 γεννωμένους
1472 1373 1653 1408 ὑπέρχεσθαι,
1687 1371 1772 1399 οὕτω
1801 1372 1841 1397 δεῖ

1032 1419 1079 1445 καὶ
1095 1418 1246 1454 τρέφεσθαι
1264 1419 1488 1454 δυναμωθέντας,
1506 1420 1552 1446 καὶ
1567 1420 1618 1453 τὴν
1631 1420 1661 1445 ὲν
1682 1420 1722 1454 τῇ
1742 1418 1838 1453 χάριτι

1032 1463 1181 1499 λαμϐάνειν
1194 1465 1326 1500 διαμονὴν
1342 1465 1389 1492 καὶ
1407 1465 1538 1496 ἐπίδοσιν,
1556 1465 1596 1500 τῷ
1613 1464 1772 1500 μυστηρίῳ
1788 1463 1837 1498 τῆς

1036 1510 1345 1545 μεταλήψεως.Ὢσπερ
1372 1512 1426 1547 γὰρ
1453 1513 1469 1547 ή
1497 1512 1599 1547 φυσικὴ
1623 1511 1672 1538 τοῦ
1702 1511 1838 1546 σώματος

191 1552 284 1579 turulis
304 1551 428 1586 corporis
440 1555 615 1578 consumeret
628 1551 772 1578 humidum
796 1550 919 1585 ejusdem
937 1550 979 1576 in-

1051 1555 1123 1590 ἐρμη
1138 1554 1272 1582 ἀναλώσει
1298 1556 1332 1582 ἂν
1347 1557 1398 1592 τὴν
1416 1557 1539 1592 ἔμφυτον
1556 1557 1699 1592 ὑγρότητα
1718 1556 1837 1586 τούτου,

191 1601 296 1627 natum,
310 1596 360 1623 nisi
374 1596 568 1624 alimentorum
587 1596 746 1624 accessione
771 1595 845 1622 facta
871 1599 982 1622 susten-

192 1647 311 1675 taretur,
341 1647 367 1670 et
402 1642 505 1670 idcirco
530 1643 594 1670 cibo
619 1647 646 1670 et
680 1647 746 1677 potu
780 1646 983 1669 conservantur

192 1689 293 1723 optimc
307 1689 400 1716 vitalia
416 1689 544 1720 interius.
570 1689 670 1724 quibus
686 1693 784 1715 natura
807 1692 898 1715 nostra
917 1695 983 1714 con-

191 1735 274 1766 sistit,
288 1739 416 1769 corrupta
429 1736 520 1762 calore
534 1739 699 1770 reparantur
721 1739 749 1761 et
769 1739 980 1765 conservantur,

190 1787 217 1808 et
232 1781 400 1815 impossibile
414 1786 452 1808 est
477 1782 556 1807 aliter
581 1781 726 1807 humanam
744 1780 828 1806 vitam
845 1779 983 1814 qualiter-

191 1835 298 1861 cnnquc
317 1826 466 1854 sustentari
486 1835 494 1854 ε
517 1827 553 1853 ita
582 1831 609 1853 et
633 1826 742 1854 malitia
767 1826 842 1853 calor
867 1826 983 1852 interius

192 1875 312 1902 animam
340 1874 503 1908 depasceus,
526 1873 690 1908 pietatisque
723 1874 823 1901 bonam
841 1871 982 1899 habitudi-

191 1928 251 1947 nem
285 1920 448 1951 emacians,
483 1919 585 1945 iaceret
611 1926 670 1945 eam
717 1918 829 1944 omnino
855 1916 982 1948 deﬁcere,

189 1966 241 1993 nisi
258 1966 350 1993 anima
369 1966 441 1991 hunc
457 1964 630 1999 spiritualem
646 1964 736 1990 cibum
766 1964 914 1998 acciperet,
933 1963 982 1989 ob-

191 2011 336 2038 sistentem
360 2010 385 2036 vi
404 2010 570 2044 corruptrici
591 2009 712 2041 maliti-az,
734 2015 761 2035 ct
777 2009 803 2035 in
819 2008 900 2035 nobis
911 2008 983 2036 dona

191 2057 346 2093 spiritualia
357 2056 566 2083 conﬁrmantem
583 2059 610 2082 et
623 2060 761 2089 agentem.

227 2146 336 2182 Corpus
361 2149 454 2174 autem
481 2145 586 2173 Christi
614 2144 740 2180 corporis
756 2145 862 2173 ratione
874 2150 917 2173 est
932 2154 984 2173 nu-

1036 1601 1074 1636 μὴ
1088 1602 1147 1632 ταῖς
1160 1601 1214 1628 ἀπὸ
1226 1602 1280 1628 τῶν
1301 1603 1411 1637 τροφῶν
1430 1603 1601 1638 προσθήκαις
1621 1602 1836 1638 βοηθουμένην,

1034 1648 1083 1674 καὶ
1105 1647 1152 1674 διὰ
1167 1647 1246 1674 τοῦτο
1263 1649 1296 1683 τῇ
1316 1650 1405 1684 τροφῇ
1421 1650 1468 1677 καὶ
1482 1650 1521 1684 τῷ
1538 1649 1642 1685 πόματι
1658 1649 1838 1683 φυλάττεται

1035 1695 1085 1729 μὲν
1110 1696 1144 1720 τὰ
1169 1695 1341 1721 συνιστῶντα
1367 1696 1416 1731 τὴν
1431 1696 1514 1730 φύσιν
1539 1692 1613 1724 ἕπον
1639 1696 1752 1729 καλῶς,
1773 1697 1836 1722 ἀνα-

1035 1740 1186 1775 πληροῦται
1201 1740 1229 1767 δὲ
1248 1742 1281 1767 τὰ
1294 1741 1433 1777 φθαρέντα
1446 1745 1478 1778 τῇ
1497 1743 1597 1779 θέρμῃ,
1614 1744 1660 1769 καὶ
1684 1742 1835 1774 ἀνασώζε-

1034 1795 1097 1817 ται,
1125 1788 1172 1813 καὶ
1198 1786 1329 1815 ἀδύνατόν
1355 1789 1429 1815 ἐστιν
1455 1790 1544 1820 ἄλλως
1570 1790 1619 1825 τὴν
1649 1787 1834 1825 ἀνθρωπίνην

1035 1831 1119 1868 ζωὴν,
1139 1832 1193 1859 οὐδ’
1207 1834 1250 1867 ἐφ’
1276 1834 1388 1860 ὁσονοῦν
1412 1834 1575 1870 διαρκέσαι·
1592 1835 1679 1866 οὕτως
1704 1837 1722 1871 ὴ
1742 1835 1832 1870 θέρμη

1035 1879 1167 1914 πονηρίας
1182 1880 1289 1906 ἔνδοθεν
1305 1881 1354 1916 τὴν
1368 1880 1458 1916 ψυχὴν
1475 1882 1709 1916 κατατρώγουσα.
1720 1883 1763 1919 τῷ
1787 1882 1832 1916 τὴν

1034 1925 1151 1959 πιότητα
1163 1927 1213 1958 τῆς
1228 1926 1371 1958 εὐλαϐείας
1387 1927 1537 1962 ξηραίνειν,
1550 1929 1678 1963 ἐποίησεν
1693 1929 1732 1956 ἂν
1746 1928 1830 1962 αὐτὴν

1035 1971 1209 1998 παντάπασιν
1225 1971 1357 2004 ἐκλιπεῖν,
1374 1974 1397 1999 εἰ
1411 1973 1449 2007 μὴ
1461 1973 1509 2008 τὴν
1521 1976 1713 2009 πνευματικὴν
1726 1976 1829 2008 ταύτην

1038 2017 1054 2052 ὴ
1075 2016 1149 2052 ψυχὴ
1168 2018 1273 2052 τροφὴν
1301 2018 1540 2053 προσελάμσανεν,
1558 2020 1828 2056 ἀντικαθισταμένην

1035 2064 1068 2097 τῇ
1082 2063 1220 2098 φθαρτικῇ
1236 2063 1348 2097 δυνάμει
1374 2064 1423 2098 τῆς
1438 2065 1583 2099 πονηρίας,
1596 2066 1643 2092 καὶ
1655 2067 1828 2094 συνιστῶσαν

1035 2109 1063 2135 ὲν
1079 2110 1145 2143 ἡμῖν
1158 2109 1193 2135 τὰ
1204 2110 1379 2143 πνευματικὰ
1389 2109 1436 2136 τοῦ
1448 2110 1515 2137 Θεοῦ
1527 2111 1613 2146 δῶρα,
1626 2113 1827 2148 καὶαῠξουσαν.

1071 2155 1108 2180 Τὸ
1123 2154 1152 2180 δὲ
1179 2154 1225 2180 τοῦ
1240 2154 1359 2189 Χριστοῦ
1387 2149 1467 2191 σῶμῖι
1481 2157 1520 2192 τῷ
1547 2158 1597 2192 μὲν
1619 2159 1691 2195 λόγῳ
1713 2160 1764 2187 τοῦ
1780 2160 1829 2186 σώ-

193 2194 289 2225 triens,
316 2193 424 2221 ratione
452 2200 517 2220 vero
541 2192 669 2227 puritatis
687 2200 736 2227 per
763 2193 893 2221 unionem
920 2200 983 2220 cum

203 2240 246 2249 .--
275 2247 281 2249 .
414 2240 565 2249 sua.--“
588 2243 608 2249 -.
644 2239 778 2249 ,ημ-ημ
809 2248 812 2249 ,

1051 2208 1124 2249 ιατος
1146 2200 1259 2249 τρέφον,
1285 2201 1324 2236 τῷ
1346 2201 1375 2228 δὲ
1400 2203 1450 2237 τῆς
1473 2192 1662 2241 καθαρότητος
1677 2192 1767 2242 ’λόγῳ
1797 2208 1826 2240 τῇ

193 2240 286 2268 divina
301 2245 399 2267 natttra
414 2240 566 2275 puriﬁcans
584 2243 612 2265 et
642 2239 829 2272 sanctiﬁcaus,
843 2239 982 2268 sufﬁcien-

195 2293 236 2314 ter
263 2287 344 2315 nobis
366 2286 511 2322 spirituale
538 2286 642 2321 praebet
663 2286 837 2314 alimentum.
866 2287 903 2313 Ita
922 2293 987 2313 vero

193 2331 325 2365 praaclare
358 2330 497 2362 nutritus,
528 2331 561 2356 ad
594 2331 765 2364 spiritualem
784 2331 930 2365 puritatem
959 2336 988 2357 et

195 2378 343 2405 sanitatem
359 2377 474 2409 reducit,
494 2385 549 2412 qua
568 2377 633 2404 olim
649 2385 700 2405 nos
724 2377 800 2404 vetiti
822 2377 926 2404 fructus
941 2384 988 2403 co-

197 2425 294 2451 mestio
309 2424 456 2459 deiecerat.
477 2421 625 2458 Oportebat
651 2423 722 2450 enim
740 2430 805 2455 nos,
828 2423 874 2456 qui
889 2429 988 2456 corpo-

200 2478 248 2498 reo
261 2469 379 2505 quodam
396 2469 457 2497 cibo
475 2470 663 2498 innocentiam
680 2474 708 2497 et
726 2469 871 2496 sanitatem
887 2469 987 2496 amise-

194 2523 302 2548 ramus,
317 2523 450 2550 corporeo
461 2516 579 2550 quodam
591 2515 722 2542 alimento
733 2513 806 2540 illaut
820 2518 986 2545 restaurare.

196 2567 225 2588 ut
253 2562 290 2588 ita
318 2561 419 2589 similia
451 2562 609 2591 similibus,
627 2564 655 2587 et
679 2560 817 2586 contraria
841 2561 988 2588 contrariis

194 2612 349 2642 opportune
379 2613 555 2640 curarentur,
589 2607 821 2641 quemadmodum
853 2607 906 2634 cibi
935 2608 986 2639 illi,

197 2658 312 2688 uterque
331 2662 492 2690 corporeus,
506 2658 560 2680 tam
576 2654 623 2688 qui
637 2653 714 2687 prius
731 2653 815 2681 exitio
828 2653 889 2685 fuit,
904 2662 986 2689 quam

196 2702 245 2736 qui
266 2709 340 2730 nunc
352 2703 433 2730 saluti
456 2706 510 2734 est,
538 2701 643 2728 sanitas
663 2705 692 2728 et
707 2701 762 2728 vita
779 2701 942 2735 spirltualis,
961 2702 987 2728 id

196 2748 271 2781 quod
282 2756 354 2775 nunc
369 2747 466 2780 salvat,
478 2751 506 2774 et
518 2747 592 2782 quod
609 2747 673 2774 olim
689 2748 823 2783 corrupit.
841 2747 893 2775 Sed
911 2748 987 2775 illuni

196 2794 307 2828 quidem
321 2793 498 2828 elbum.Deas
514 2794 710 2828 prohibuerat,
727 2794 810 2822 istum
827 2802 893 2822 vero
915 2802 988 2822 nunc

195 2844 225 2867 et
242 2840 371 2875 usurpari
386 2839 510 2875 praecipit
538 2845 564 2868 et
580 2840 770 2868 subministrat
785 2849 792 2880 :_
808 2840 882 2868 illum
900 2842 987 2869 malus

1039 2246 1107 2280 πρὸς
1126 2245 1176 2281 τὴν
1196 2246 1273 2273 θείαν
1294 2248 1375 2282 φύσιν
1402 2249 1498 2276 ἐνὼσει
1522 2251 1653 2287 καθαῖρον
1675 2254 1722 2280 καὶ
1750 2253 1828 2288 ἁγιά-

1039 2293 1095 2324 ζον,
1122 2293 1280 2327 ἀρκούντως
1303 2295 1370 2329 ἡμῖν
1392 2295 1443 2331 τὴν
1467 2298 1656 2334 πνευματικὴν
1681 2300 1826 2336 παρέχεται

1037 2338 1145 2373 τέρψιν.
1159 2340 1327 2375 Τρεφόμενοι
1345 2341 1373 2368 δὲ
1388 2341 1459 2369 οὕτω
1476 2343 1566 2375 καλῶς
1593 2345 1661 2379 πρὸς
1681 2346 1730 2380 τὴν
1749 2355 1823 2372 πνευ-

1040 2386 1158 2420 ματικὴν
1183 2386 1359 2421 καθαρότητα
1386 2389 1433 2415 καὶ
1457 2390 1552 2423 ὑγείαν
1572 2391 1777 2426 ἐπαναγόμεθα,
1795 2389 1823 2426 ἧς

1038 2432 1111 2465 ἡμᾶς
1130 2432 1180 2466 τῆς
1199 2433 1393 2469 κεκωλυμένης
1421 2434 1523 2469 βρῶσις
1544 2437 1643 2469 ἐξέωσε
1665 2439 1737 2466 τότε.
1753 2438 1823 2464 Ἔδει

1039 2478 1093 2513 γὰρ
1121 2478 1195 2513 ἡμᾶς
1213 2481 1357 2514 σωματικῇ
1378 2489 1430 2507 τινι
1449 2481 1549 2516 βρώσει
1569 2484 1618 2518 τήν
1644 2485 1822 2519 ἀχεραιότητα

1039 2526 1086 2550 καὶ
1117 2525 1166 2559 τὴν
1196 2525 1289 2559 ὑγείαν
1314 2527 1422 2562 ἐκείνην
1453 2528 1651 2561 ἀποϐαλόντας,
1685 2531 1818 2566 σωματικῇ

1038 2577 1092 2594 τινι
1111 2570 1192 2595 πάλιν
1216 2572 1304 2605 τροφῇ
1329 2572 1398 2606 πρὸς
1415 2573 1524 2609 ὲκείνην
1545 2575 1716 2609 ἐπανελθεῖν,
1732 2575 1821 2602 καὶτὰ.

1041 2615 1089 2649 μὲν
1105 2615 1186 2649 ὅμοια
1201 2618 1257 2648 τοῖς
1273 2618 1378 2652 ὁμοίοις
1389 2619 1592 2655 θεραπευθῆναι
1605 2622 1706 2654 καλῶς,
1724 2623 1775 2653 τοῖς
1794 2620 1818 2646 δὲ

1040 2661 1170 2694 ἐναντίοις
1190 2663 1224 2688 τὰ
1250 2664 1370 2697 ἐναντία,
1388 2663 1444 2691 οἷον
1470 2666 1586 2701 βρώσεις
1608 2667 1658 2702 μὲν
1672 2669 1753 2705 ἄμφω
1773 2677 1819 2694 σω-

1042 2709 1163 2742 ματικαὶ,
1182 2709 1199 2744 ἥ
1217 2717 1245 2735 τε
1259 2710 1442 2746 διαφθείρασα
1458 2713 1506 2747 τὴν
1517 2713 1616 2749 ἀρχὴν,
1631 2714 1647 2750 ἥ
1662 2723 1691 2741 τε
1706 2715 1817 2748 σώζουσα

1040 2753 1098 2786 νῦν,
1117 2755 1164 2780 καὶ
1183 2755 1262 2788 ὑγεία
1283 2758 1331 2782 καὶ
1357 2760 1531 2794 πνευματικὴ
1558 2759 1625 2796 ζωὴ,
1644 2761 1674 2787 τό
1695 2771 1724 2788 τε
1743 2760 1816 2792 σωζό-

1041 2808 1132 2835 μενον,
1154 2802 1184 2827 τὸ
1202 2810 1230 2827 τε
1254 2802 1446 2839 φθειρόμενον.
1467 2805 1537 2832 Ἀλλ’
1560 2808 1668 2842 ἐκείνην
1690 2809 1739 2844 μὲν
1758 2807 1815 2834 ἀπέ-

1039 2854 1141 2881 τρεπεν
1158 2848 1171 2873 ὁ
1191 2847 1268 2890 Θεος,
1281 2849 1384 2886 ταύτην
1404 2851 1430 2877 δὲ
1446 2851 1495 2880 νῦν
1515 2854 1657 2890 ἐπιτρέπει
1684 2855 1730 2882 καὶ
1745 2861 1815 2890 χορη-
