1870 3058
176 190 247 215 rum,
261 187 287 209 et
298 188 432 209 caecorum
446 181 540 208 oculos
554 180 653 216 aperit.
671 181 701 208 ln
720 181 821 208 talibus
839 181 960 208 miracu-
976 182 999 211 Α

175 231 209 257 lis
223 228 344 256 excludit
358 227 469 263 quidem
486 231 592 254 naturai
605 226 742 260 ordinem,
762 235 816 254 non
827 231 962 262 quantum

175 275 208 303 ad
228 282 258 301 ea
273 281 334 309 qua:
349 273 428 305 ﬁunt,
446 273 493 301 sed
513 278 648 307 quantum
665 273 698 300 ad
712 273 739 300 id
765 274 791 301 in
807 281 863 308 quo
883 274 962 304 fiunt.

175 328 273 354 nempe
283 323 416 355 quantum
431 318 465 345 ad
479 318 646 354 subjectum.
665 318 756 346 Efﬁcit
772 319 846 346 enim
863 323 890 346 et
902 319 961 354 ipsa

176 374 273 396 natura
289 368 383 398 vitam,
400 366 447 393 sed
476 373 530 393 non
555 366 582 392 in
601 369 711 393 mortuo
723 387 730 398 ,
750 371 776 394 et
791 366 838 393 dat
861 366 962 398 visum,

176 415 223 442 sed
244 421 297 440 non
316 413 339 440 ei
369 413 416 447 qui
445 411 528 440 semel
545 411 633 439 oculis
654 411 768 439 orbatus
783 416 835 438 est.
861 412 964 439 lterum

176 460 250 487 sistit
266 459 350 486 solent
369 466 417 493 per
434 457 529 485 Jesum
544 458 630 484 filium
651 457 736 489 Nave,
758 462 784 484 et
802 465 902 492 corpus
916 458 965 484 hu-

177 513 288 533 manmn
317 513 364 539 per
393 504 512 538 selpsum
540 504 690 540 glorificat;
710 511 809 538 corpus
827 511 874 538 per
891 502 965 530 aliud

178 559 278 586 corpus
297 554 469 578 transmeare
495 549 569 581 facit.
598 557 660 584 quae
691 549 802 584 quidem
830 551 902 577 inter
918 550 966 577 Dei

179 598 309 625 miracula
324 597 473 624 maximum
492 601 519 623 et
553 596 722 631 praecipuum
742 595 832 623 locum
853 596 964 629 habent,

178 643 246 669 adeo
276 645 304 668 ut
323 641 397 668 nullo
427 641 507 668 modo
524 648 540 668 a
568 644 668 667 natura
699 639 813 674 produci
839 640 966 674 possint:

179 689 225 716 sed
245 689 302 716 haec
314 688 396 715 etiam
409 691 520 722 superat
536 686 708 721 propositum
721 686 896 713 miraculum.
910 686 968 714 lllic

179 734 251 761 enim
268 733 443 761 solummodo
467 733 551 759 solem
568 732 657 764 sistit,
674 732 723 759 sed
745 739 799 759 non
810 733 893 759 simul
909 740 966 759 mo-

180 781 357 815 reriquoque
390 787 453 806 eum
483 779 561 810 facit,
589 780 678 813 neque
691 778 851 806 simul-esse
871 783 967 805 etnon

178 833 255 858 esse;
272 825 315 852 hic
324 832 388 852 vero
398 824 462 851 facit
470 824 578 859 quidem
591 831 699 858 panem,
708 823 754 851 sed
765 827 791 850 et
802 831 899 858 corpus
907 823 968 851 abs-

180 878 232 904 que
255 869 482 896 convenientibus
493 868 544 903 ipsi
555 868 756 901 accidentibus,
767 873 794 895 et
805 868 884 903 panis
893 869 965 896 acci-
982 862 1005 894 B

181 915 275 942 dentia
288 915 392 950 absque
412 914 590 941 conveniente
612 913 839 948 ipsissubstantia
855 921 967 941 conser-

183 965 240 993 vat,
254 965 281 987 et
292 959 474 987 substantiam
493 959 554 986 aliis
574 958 762 986 accidentibus
782 959 967 994 congenitam,

182 1005 324 1040 conjuugit
345 1013 404 1032 eum
418 1004 607 1032 accidentibus
625 1005 703 1032 alteri
716 1005 878 1032 substantiae
904 1013 969 1033 con-

182 1051 354 1087 gruentibus.
369 1050 391 1077 O
401 1051 548 1078 maximum
556 1050 716 1078 miraculum
727 1055 753 1078 et
760 1051 834 1078 omni
843 1059 970 1079 sermone

182 1097 329 1132 superius!
349 1098 446 1124 iterum
476 1097 578 1124 dicam.
610 1097 662 1124 Sed
681 1097 795 1124 alterunt
819 1098 890 1132 quod
906 1098 970 1125 huic

183 1150 349 1178 comparem,
383 1143 545 1170 miraculum
575 1143 684 1176 habeo,
713 1143 785 1178 quod
821 1144 969 1171 humanam

183 1194 307 1216 naturam
323 1189 395 1215 Deus
409 1188 507 1215 divina
522 1196 645 1223 persome
662 1188 816 1223 conjunxit.
833 1197 887 1216 non
900 1190 971 1217 sicut

183 1236 280 1262 animm
317 1242 416 1270 corpus
446 1235 600 1270 coniungit,
627 1238 743 1269 utroque
769 1235 883 1262 seorsim
910 1243 971 1270 pro-

184 1282 272 1316 prium
294 1288 393 1308 nomen
413 1281 557 1308 retinente.
587 1280 682 1314 Neque
709 1280 783 1308 enim
800 1281 890 1308 anima
908 1289 971 1309 cor-

183 1337 246 1362 pus,
260 1333 306 1355 aut
320 1335 421 1362 corpus
438 1327 528 1354 anima
550 1327 668 1359 dicitur,
688 1327 735 1354 sed
750 1327 787 1354 ita
811 1328 870 1354 uuit
883 1328 972 1363 (natu-

184 1382 228 1401 ras
240 1373 319 1408 duas)
336 1373 528 1408 personaliter,
553 1379 582 1399 ut
599 1372 671 1400 Deus
687 1373 769 1400 homo
783 1373 836 1406 sit,
849 1378 875 1401 et
891 1375 972 1401 homo

185 1421 265 1448 Deus.
284 1417 384 1447 Verum
402 1420 454 1447 isto
481 1418 635 1447 mirabilius
652 1423 678 1446 et
696 1419 761 1446 illud
790 1419 972 1454 mysterium:

185 1469 228 1495 hic
242 1467 316 1494 enim
328 1470 424 1494 neutra
437 1466 465 1493 itt
483 1466 594 1493 alteram
614 1471 783 1494 tansmutata
799 1473 898 1501 natura
911 1466 972 1499 fuit,

183 1513 230 1540 sed
245 1513 271 1539 in
286 1512 387 1540 Christi
401 1519 528 1546 persona,
550 1516 577 1538 et
593 1512 722 1539 divinitas
741 1517 768 1539 et
784 1513 904 1540 humana
926 1520 973 1539 na-

184 1565 245 1585 tura
267 1557 412 1586 inconfuse
431 1557 616 1591 reperiuntur.
642 1558 700 1585 Illic
723 1566 787 1586 vero
801 1563 926 1586 creatura
945 1559 971 1586 iu
985 1551 1007 1581 (ἶ

183 1606 340 1633 Creatorem
370 1605 583 1633 trausformatur
620 1605 756 1632 mediante
784 1613 917 1640 corpore,
946 1609 974 1633 et

185 1651 377 1687 praeexsistcns
401 1651 478 1686 panis
493 1651 646 1678 substantia
668 1659 768 1685 corpus
795 1651 841 1678 Dei
855 1651 894 1683 fit,
909 1651 974 1677 dum

183 1705 284 1733 corpus
298 1697 401 1725 Christi
426 1697 555 1726 efficitur.
581 1695 726 1724 Maximum
745 1697 853 1731 quidem
879 1704 973 1724 revera

184 1745 306 1772 omnium
335 1743 381 1771 Dei
409 1744 576 1771 mirabilium
606 1749 699 1771 estex
729 1743 771 1769 his
803 1744 974 1776 argumentis

185 1791 263 1826 panis
286 1791 312 1817 in
344 1797 445 1824 corpus
479 1788 651 1816 Dominicum
683 1786 973 1821 Traussubstautiatio,

185 1837 232 1863 sed
270 1843 332 1870 quae
362 1839 525 1870 potestatem
558 1835 679 1861 divinam
706 1833 890 1861 consideranti
920 1841 974 1861 non

185 1881 363 1917 impossibilis
383 1881 568 1915 liudicabitur.
600 1879 692 1914 Neque
720 1880 793 1907 enim
817 1879 975 1907 existimare

183 1931 290 1963 oportet
315 1932 413 1962 praeter
428 1927 582 1955 naturalem
616 1934 707 1954 rerum
736 1926 860 1953 ordinem
883 1925 974 1953 facere

185 1975 253 2001 nihil
272 1981 351 2008 posse
366 1974 461 2005 Deum,
480 1974 524 2001 cui
539 1978 566 2001 et
582 1977 679 2000 natura
696 1977 724 2000 et
737 1972 804 2000 ordo
819 1972 974 2006 subjiciun-

185 2026 228 2048 tur
251 2028 259 2047 :
287 2020 370 2047 multo
399 2021 486 2055 magis
521 2027 582 2047 eum
608 2023 636 2046 et
665 2019 752 2053 ipsam
783 2023 907 2045 naturam
935 2017 974 2046 vi-

183 2067 248 2093 dere
262 2066 341 2092 liccat
351 2073 416 2092 suos
429 2065 562 2092 terminos
579 2065 726 2098 aliquando
749 2063 974 2099 praetergredien-

185 2118 249 2139 tem.
269 2111 364 2146 Neque
395 2116 502 2146 oportet
527 2110 724 2137 miraculorum
751 2111 873 2145 quaedam
894 2110 974 2146 (μιξιεί

184 2158 273 2185 facilia
288 2163 314 2186 et
326 2158 405 2185 obvia
423 2157 477 2184 Deo
500 2157 667 2188 concedere,
685 2155 719 2183 ad
741 2156 843 2190 majora
864 2165 928 2184 vero
946 2161 975 2184 et

184 2205 339 2232 difficiliora
362 2204 552 2239 impotentiam
572 2203 710 2229 ascribere
724 2203 748 2229 ei
775 2203 821 2237 qui
839 2203 973 2230 infinitam

185 2254 344 2284 potestatem
364 2250 456 2279 habet,
488 2255 537 2274 nec
565 2247 625 2274 aliis
640 2254 722 2282 quam
752 2248 901 2275 voluntatis
918 2256 973 2275 sua:

185 2297 308 2323 terminis
326 2294 575 2327 circumscriptam.
598 2291 625 2319 Si
642 2293 715 2320 enim
730 2297 836 2320 natura:
850 2294 975 2320 ordinem

185 2341 519 2376 trausgrcditurtanquam
533 2339 797 2374 superioromnihus
819 2347 914 2370 causa,
937 2346 979 2365 se-

185 2389 306 2415 cundum
319 2386 503 2419 subjeclorum
526 2385 721 2416 diversitatem,
734 2393 784 2412 cur
795 2393 848 2411 non
858 2388 883 2411 et
894 2385 918 2410 in
934 2392 980 2410 ea-

185 2435 247 2462 dem
259 2441 288 2460 rc
298 2433 433 2465 eumdem,
447 2431 470 2458 si
482 2431 605 2463 voluerit,
618 2432 739 2459 ordinem
752 2430 979 2463 transgredictur‘?

186 2479 214 2505 Si
225 2484 364 2513 porronon
375 2477 458 2503 servit
467 2477 556 2504 ordini
564 2481 667 2503 natum
676 2477 720 2510 qui
730 2476 852 2503 conditor
861 2474 919 2508 ejus
926 2479 978 2505 est,

185 2533 235 2552 cur
251 2531 304 2550 non
321 2527 348 2550 et
365 2527 488 2549 naturam
503 2522 587 2557 ipsam
613 2521 806 2549 transmutabit
821 2522 893 2547 sicut
921 2520 979 2553 ipse

187 2570 321 2596 voluerit?
337 2568 370 2596 Ut
384 2570 457 2595 enim
474 2575 573 2596 creata
598 2568 678 2595 alicui
693 2567 819 2601 potentia:
836 2566 978 2598 miracula,

186 2617 270 2643 etiarn
287 2615 332 2642 illa
348 2615 481 2650 postremi
495 2615 613 2650 generis,
633 2614 745 2640 omnino
770 2618 834 2640 sunt
854 2613 977 2648 impossiv

188 2662 252 2689 hilia
265 2682 272 2693 ,
289 2661 326 2688 ita
344 2661 471 2696 potentia:
485 2660 601 2689 infinitae
617 2659 825 2694 amplitudinem
841 2659 977 2693 sequitur,

187 2712 217 2735 ut
236 2715 299 2736 cttm
320 2708 450 2740 voluerit,
484 2706 633 2733 maximum
662 2706 791 2740 quodque
817 2705 976 2732 miraculum

186 2754 329 2788 designare
341 2758 368 2781 et
378 2755 486 2781 efficere
497 2757 590 2787 queat,
604 2757 631 2779 et
645 2753 718 2787 quod
730 2752 763 2779 ad
775 2751 876 2778 nullam
892 2751 977 2778 subli-

189 2802 308 2827 mit..lcut
332 2799 410 2835 quasi
434 2799 563 2832 impedita
592 2798 720 2826 desistat.
744 2797 888 2832 Quomodo
914 2804 978 2824 νει-ο

187 2846 298 2876 difﬁcile
312 2855 372 2874 esse
392 2845 478 2881 possit
496 2845 521 2876 ei
541 2845 587 2881 qui
608 2847 698 2873 omnia
715 2846 868 2877 constituit,
894 2846 977 2880 parti-

990 2230 1013 2258 ι)

704 120 897 153 GENNADH
917 121 970 151 CP.
989 116 1129 150 PATRIA
1135 119 1248 149 RCH/E

999 1010 1069 1037 ικαὶ
1102 1009 1197 1036 οὐσίαν
1237 1007 1328 1037 ἄλλοις

1801 109 1855 140 360

1014 179 1134 214 τυφλῶν.
1156 178 1227 204 Ἀλλ’
1248 178 1278 204 ἐν
1299 177 1356 206 τοῖς
1375 175 1510 206 τοιούτοις
1533 172 1691 208 ἑμὸἀλλει
1718 169 1779 205 μὲν
1804 169 1855 204 τὴν

1013 226 1064 259 τῆς
1077 225 1184 259 φύσεως
1198 223 1286 256 τάξιν,
1300 221 1357 248 ἀλλ’
1373 222 1423 256 οὐχ
1437 222 1499 248 ὅσον
1515 219 1584 254 πρὸς
1601 217 1650 245 τὰ
1680 216 1849 251 γινόμενα,

1013 272 1075 297 ὅσον
1096 269 1124 296 δὲ
1145 269 1214 304 πρὸς
1229 268 1260 294 τὸ
1279 268 1309 294 ὲν
1330 263 1352 300 ᾧ
1368 266 1456 293 ταῦτα
1471 266 1578 300 γίνεται
1599 263 1695 298 πρὸς
1722 261 1760 288 τδ
1785 262 1854 287 ὕπο·

1014 316 1141 351 κείμενον
1157 314 1269 350 δηλαδή.
1284 313 1362 340 Ποιεῖ
1374 312 1428 347 γὰρ
1444 313 1493 338 καὶ
1509 312 1526 346 ἡ
1542 311 1635 345 φύσις
1651 308 1743 342 αὐτὴ
1762 307 1852 339 ζωὴν.

1015 363 1074 390 ἀλλ’
1087 362 1136 389 οὐκ
1155 362 1184 388 ὲν
1197 360 1236 395 τῷ
1251 359 1353 395 νεκρῷ,
1369 359 1416 385 καὶ
1429 357 1538 384 δίδωσιν
1551 357 1651 395 θψινκ
1660 353 1737 381 ἀλλ’
1762 353 1796 379 οὐ
1815 353 1855 386 τῷ

1015 409 1145 441 καθάπαξ
1184 407 1379 443 πεπηρωμένῳ
1421 405 1484 436 τοὺς
1516 402 1714 438 ὀφθαλμούς.
1760 401 1855 427 Πάλιν

1016 456 1124 490 ἵστησιν
1139 454 1213 490 ἥλιον
1230 453 1273 480 διὰ
1300 452 1388 486 Ἰησοῦ
1403 450 1452 478 τοῦ
1477 451 1557 485 Ναυῆ
1570 458 1576 464 ·
1593 449 1657 476 καὶ
1675 448 1715 474 τὸ
1735 446 1855 482 ἀνθρώο

1017 510 1093 529 πινον
1125 501 1207 535 σῶμα
1233 499 1340 531 δοξάζει
1368 498 1402 525 δι’
1432 497 1542 529 ἑαυτοῦ,
1570 495 1623 522 καὶ
1667 494 1772 527 σῶμα.
1808 493 1855 518 διὰ

1018 549 1143 583 σώματος
1169 543 1265 574 διιέναι
1279 546 1363 578 ποιεῖ,
1385 545 1403 572 ἃ.
1421 544 1454 579 δὴ
1473 543 1524 578 τὴν
1542 543 1703 578 μεγίστην
1730 541 1766 567 ὲν
1791 541 1851 570 τοῖς

1017 595 1065 622 τοῦ
1089 594 1158 621 Θεοῦ
1181 593 1345 628 θαυμασίοις
1369 591 1446 626 τάξιν
1467 589 1629 624 ἐπέχουσιν,
1667 588 1717 618 ὡς
1746 585 1853 613 οὐδένα

1017 642 1117 678 τρόπον
1133 641 1185 668 ὑπὸ
1205 640 1255 675 τῆς
1280 639 1388 673 φύσεως
1402 637 1539 671 δυνάμενα
1568 634 1731 669 γίνεσθαι,
1762 631 1851 658 Ἀλλὰ

1019 687 1193 716 καὶτούτων
1222 686 1385 720 ὑπέρκειται
1417 684 1448 710 τὸ
1482 682 1684 717 προκείμενον
1730 678 1850 712 θαῦμα.

1020 735 1126 768 Ἴστησι
1150 733 1204 769 γὰρ
1235 728 1316 767 μόνον
1343 730 1402 756 ἐκεῖ
1420 730 1466 756 τὸν
1493 727 1666 763 ἥλιον,ἀλλ’
1696 726 1759 760 οὐχ
1787 725 1850 759 ἅμα

1020 783 1068 809 καὶ
1091 780 1225 807 κινεῖσθαι
1251 779 1297 805 τὺν
1318 778 1400 805 αὐτὸν
1417 777 1500 807 ποιεῖ,
1517 775 1572 802 οὐδ’
1592 775 1660 809 ἅμα
1689 770 1779 799 εἶναι
1806 780 1848 802 τε,

1020 827 1069 854 καὶ
1094 826 1131 861 μὴ
1143 824 1222 852 εἶναι.
1244 823 1376 851 Ἐνταῦθα
1397 822 1425 849 δὲ
1443 823 1515 848 ποιεῖ
1540 821 1590 855 μὲν
1606 820 1708 854 σῶμα
1725 819 1780 845 τὸν
1798 818 1849 852 ἄρ-

1018 881 1074 905 τον,
1091 871 1159 899 ἀλλὰ
1185 870 1231 898 καὶ
1256 870 1286 896 τὸ
1303 869 1383 901 σῶμα
1415 868 1500 903 χωρὶς
1519 868 1572 894 τῶν
1590 866 1681 901 αὐτῷ
1711 864 1847 899 πρεπόν-

1020 929 1074 946 των
1092 917 1316 953 συμϐεϐηκότων,
1331 916 1379 943 καὶ
1395 916 1429 943 τὰ
1444 914 1493 942 τοῦ
1508 915 1591 949 ἄρτου
1609 922 1644 939 συ
1651 907 1841 947 μϐεὸηκᾶτι

1020 964 1105 999 χωρὶς
1125 963 1175 998 τῆς
1198 962 1289 993 αὐτοῖς
1318 960 1478 995 πρεπούσης
1504 959 1599 990 οὐσίας
1622 957 1844 992 διαφυλάττει,

1366 1005 1556 1040 συμϐεϐηκόσι
1595 1012 1702 1039 συμπε
1708 1004 1843 1038 φυκυῖαν

1023 1053 1153 1080 συνάπτει
1178 1053 1248 1087 μετὰ
1275 1049 1490 1086 συμὸεσηκότων
1517 1049 1586 1086 ἄλλῃ
1613 1048 1841 1084 προσηκόντων

1022 1099 1111 1134 οὐσίᾳ.
1139 1099 1171 1125 Ὠ
1203 1098 1332 1133 μεγίστου
1359 1096 1509 1132 θαύματος,
1542 1096 1587 1122 καὶ
1619 1095 1726 1122 πάντα
1757 1095 1843 1127 λόγον

1022 1146 1150 1176 νικῶντος
1165 1145 1171 1171 l
1187 1143 1264 1175 αὖθις
1278 1143 1344 1178 ἐρῶ.
1367 1142 1437 1169 Ἀλλ’
1459 1142 1513 1177 ἔχω
1530 1142 1618 1176 τούτῳ
1635 1141 1680 1176 τῷ
1706 1140 1839 1175 Θαύματι

1024 1190 1194 1226 παραλαὸεἰν
1210 1189 1315 1225 ἕτερον,
1331 1188 1372 1215 ὅτι
1397 1188 1448 1223 τὴν
1472 1188 1599 1223 ἀνδρείαν
1621 1187 1718 1222 φύσιν
1737 1188 1754 1213 ὁ
1771 1186 1841 1215 Θεὶς

1023 1238 1061 1272 τῷ
1077 1238 1143 1271 θείῳ
1168 1235 1270 1271 συνῆψε
1288 1235 1440 1276 προσώπῳ,
1460 1235 1509 1269 οὐχ
1531 1234 1627 1268 ὥσπερ
1645 1235 1683 1269 τῇ
1707 1233 1792 1268 ψυχῇ
1809 1232 1839 1257 τὸ

1025 1284 1104 1318 σῶμα
1128 1285 1269 1315 συνάπτει,
1285 1283 1416 1317 ἐκατέρου
1441 1281 1480 1316 τῷ
1510 1281 1568 1316 ἔδιῳ
1594 1281 1682 1316 μόνον
1713 1280 1837 1314 ὀνόματι

1024 1330 1204 1366 καλουμένου.
1219 1328 1289 1356 Οὔτε
1304 1329 1359 1364 γὰρ
1371 1329 1387 1363 ἡ
1400 1327 1474 1364 ψυχὴ
1493 1328 1583 1363 σῶμα,
1598 1325 1662 1354 οὔτε
1689 1327 1726 1353 ’τὸ
1750 1326 1835 1359 σῶμα

1024 1377 1098 1413 ψυχὴ
1115 1377 1224 1411 λέγεται
1237 1386 1243 1392 ·
1264 1376 1321 1403 ἀλλ’
1346 1373 1433 1407 οὕτως
1457 1377 1513 1402 ἑνοῖ
1529 1374 1742 1410 προσωπικῶς,
1761 1373 1835 1400 ὥστε

1025 1427 1069 1452 τὸν
1087 1425 1154 1452 Θεὸν
1176 1422 1321 1458 ἄνθρωπον
1349 1421 1494 1454 εἷναι,’καὶ
1512 1420 1578 1448 Θεὸν
1605 1421 1756 1456 ὑπάρχειν
1788 1419 1834 1445 τὸν

1026 1472 1178 1506 ἄνθρωπον.
1201 1469 1283 1498 Ἀλλὰ
1298 1470 1344 1497 καὶ
1360 1469 1456 1495 τούτου
1472 1468 1703 1503 θαυμαστότερόν
1722 1468 1788 1493 ἐστι
1803 1465 1832 1490 τὸ

1028 1519 1188 1554 μυστήριον.
1213 1517 1289 1545 Ἑκεῖ
1310 1517 1358 1552 μὲν
1371 1517 1425 1550 γὰρ
1439 1515 1568 1550 οὐδετέρα
1586 1515 1653 1549 πρδς
1678 1514 1739 1548 τὴν
1770 1512 1831 1538 ἐτέ-

1028 1572 1077 1598 ραν
1094 1561 1295 1598 μεταῦέϐληται
1317 1561 1398 1596 φύσιν
1410 1569 1418 1576 ·
1437 1560 1495 1587 ἀλλ’
1520 1561 1548 1586 ἐν
1572 1559 1611 1594 τῷ
1630 1556 1680 1586 τοῦ
1700 1556 1831 1593 Χριστοῦ

1026 1609 1175 1644 προσώπῳ,
1194 1609 1240 1634 καὶ
1263 1609 1280 1642 ἡ
1309 1608 1415 1641 θεότης,
1432 1608 1479 1633 καὶ
1509 1607 1525 1641 ἡ
1555 1605 1723 1640 ἀνθρωπίνη
1744 1604 1831 1638 φύσις

1025 1655 1186 1690 άσυγχύτως
1202 1654 1287 1680 ἐστίν.
1307 1652 1441 1680 Ἑνταῦοα
1456 1653 1484 1679 δὲ
1505 1652 1534 1678 τὸ
1559 1651 1662 1686 κτίσμα
1685 1650 1764 1686 πρὸς
1782 1649 1827 1675 τὸν

1025 1702 1139 1736 κτίστην
1161 1699 1357 1736 μεταποιοῦται
1372 1699 1417 1726 διὰ
1440 1699 1523 1734 μέσου
1544 1698 1590 1725 τοῦ
1618 1697 1770 1731 σώματος,
1784 1696 1829 1722 καὶ

1026 1750 1043 1783 ὴ
1059 1749 1283 1784 προῦφεστηκυῖα
1294 1747 1341 1774 τοῦ
1358 1747 1442 1783 ἄρτου
1456 1746 1536 1773 οὐσία
1554 1747 1634 1781 σῶμα
1654 1744 1731 1772 θεοῦ
1750 1745 1825 1779 γίνε-

1025 1804 1080 1827 ται,
1094 1797 1237 1830 γινόμενον
1265 1795 1354 1829 σῶμα.
1371 1794 1471 1825 Μεῖζον
1500 1794 1550 1827 μὲν
1569 1793 1601 1829 δὴ
1629 1795 1750 1819 πάντων
1772 1792 1827 1818 τῶν

1027 1843 1106 1869 θείων
1121 1841 1271 1876 θαυμάτων
1284 1841 1321 1872 ὡς
1337 1839 1447 1875 άληθῶς
1460 1840 1504 1866 διὰ
1516 1839 1614 1871 ταῦτα,
1630 1840 1645 1875 ἡ
1665 1839 1718 1866 τοῦ
1738 1839 1822 1873 ἄρτου

1026 1890 1094 1924 πρὸς
1107 1888 1136 1915 τὺ
1151 1889 1230 1922 σῶμα
1243 1887 1273 1914 τὺ
1288 1887 1448 1914 δεσποτικὴν
1461 1887 1678 1920 Μετουσίωσις,
1693 1887 1761 1913 ἀλλ’
1776 1887 1823 1912 οὐκ

1025 1935 1154 1967 ἀδύνατος
1173 1934 1212 1969 τῷ
1225 1934 1293 1969 πρὸς
1307 1933 1354 1968 τὴν
1369 1933 1445 1960 θείαν
1460 1932 1587 1968 βλέποντι
1604 1933 1736 1967 δύναμιν.
1754 1932 1822 1959 Οὔτε

1027 1982 1080 2016 γὰρ
1100 1982 1139 2007 δεῖ
1163 1980 1208 2007 τὸν
1228 1980 1296 2006 Θεὸν
1318 1979 1445 2014 ἡγεῖσθαι
1463 1978 1646 2014 μὴδύνασθαι
1667 1980 1751 2014 παρὰ
1774 1979 1820 2012 τὴν

1027 2028 1109 2061 φύσιν
1130 2028 1178 2054 καὶ
1199 2026 1253 2052 τῶν
1275 2025 1360 2051 ὗντων
1375 2024 1453 2057 τάξιν
1469 2025 1567 2056 ποιεῖν,
1631 2026 1679 2051 καὶ
1702 2029 1720 2062 ἡ
1741 2025 1820 2060 φύσις

1026 2076 1074 2102 καὶ
1089 2076 1105 2110 ἡ
1118 2074 1195 2106 τάξις
1210 2073 1365 2104 ὑπόκειται,
1383 2072 1432 2097 καὶ
1446 2070 1536 2105 πολλῷ
1554 2071 1655 2106 μᾶλλον
1675 2073 1746 2100 ὅπου
1774 2073 1817 2099 καὶ

1025 2122 1075 2156 τὴν
1089 2122 1174 2159 ¹φύσιν
1189 2118 1274 2153 αὐτὴν
1289 2118 1362 2143 ἔστιν
1390 2117 1454 2144 ἰδεῖν
1477 2117 1531 2144 τῶν
1556 2117 1659 2153 ἑαυτῆς
1672 2119 1748 2154 ὅρων
1765 2120 1818 2152 ἐξι-

1027 2168 1165 2202 σταμένην
1195 2164 1270 2191 ποτέ.
1292 2163 1361 2189 Οὔτε
1389 2163 1423 2190 τὰ
1452 2163 1501 2198 μὲν
1525 2163 1564 2195 ὡς
1597 2165 1732 2200 πρόχειρα
1764 2165 1816 2191 τῶν

1027 2213 1174 2246 θαυμάτων
1187 2211 1227 2237 δεῖ
1240 2209 1279 2243 τῷ
1293 2208 1353 2243 Θεῷ
1366 2209 1529 2244 συγχωρεῖν,
1547 2209 1615 2244 πρὸς
1633 2210 1660 2236 δὲ
1674 2211 1708 2236 τὰ
1729 2210 1815 2245 μείζω

1030 2259 1077 2285 καὶ
1090 2257 1290 2291 δυσχερέστερα
1307 2255 1500 2287 καταδικάζειν
1523 2256 1675 2290 ἀδυναμίαν
1699 2253 1746 2283 τοῦ
1770 2255 1813 2283 δύ-

1029 2312 1111 2337 vsava
1134 2302 1247 2336 ἄπειρον
1274 2301 1393 2336 ἔχοντος,
1416 2301 1466 2333 καὶ
1485 2301 1626 2336 σύστοιχον
1641 2303 1675 2337 τῇ
1694 2302 1811 2338 θελήσει.

1030 2347 1061 2376 Ei
1076 2348 1129 2382 γὰρ
1143 2349 1192 2383 τὴν
1204 2347 1280 2379 τάξιν
1294 2347 1453 2382 ύπερὸαίνει
1462 2347 1510 2381 τῆς
1522 2344 1629 2380 φύσεως
1640 2347 1677 2378 ὡς
1688 2347 1811 2383 ὑπερκεί-

1032 2402 1113 2427 μενον
1133 2395 1242 2420 πάνεων
1264 2392 1351 2419 αἴτιον
1376 2393 1404 2418 ὲν
1422 2391 1454 2427 τῇ
1476 2393 1530 2418 τῶν
1551 2393 1740 2427 ὑποκειμένοιν
1756 2394 1811 2419 δια-

1031 2442 1113 2476 φορᾷ,
1140 2441 1166 2467 τί
1197 2441 1235 2475 μὴ
1256 2441 1304 2466 καὶ
1326 2440 1355 2465 ἐν
1377 2439 1416 2473 τῷ
1449 2439 1524 2473 αύτῷ
1550 2440 1693 2474 πράγματι
1714 2441 1809 2472 ταύτην

1032 2487 1172 2522 βουληθεὶς
1193 2484 1395 2520 ὑπερϐήσεται;
1411 2486 1440 2512 Εἰ
1457 2486 1485 2511 δὲ
1502 2487 1540 2520 μὴ
1554 2486 1675 2512 δουλεύει
1691 2487 1722 2521 τῇ
1738 2485 1807 2518 τάξει

1030 2534 1078 2568 τῆς
1094 2533 1202 2566 φύσεως
1225 2531 1391 2566 δημιουργὸς
1416 2531 1500 2566 αὐτῆς
1515 2531 1564 2563 ὢν,
1581 2532 1607 2558 τί
1635 2531 1672 2566 μὴ
1698 2534 1743 2558 καὶ
1764 2531 1808 2563 τὴν

1032 2581 1112 2614 φύσιν
1141 2580 1226 2615 αὐτὴν
1256 2581 1468 2614 μεταποιήσειεν
1496 2578 1533 2610 ὡς
1559 2579 1592 2605 ἂν
1617 2579 1697 2610 αὐτὸς
1716 2579 1805 2614 βουλη-

1031 2627 1107 2662 θείης
1126 2627 1231 2660 ’Ὠσπερ
1245 2626 1299 2660 γὰρ
1315 2626 1412 2660 κτιστῇ
1429 2633 1480 2651 τινι
1500 2625 1627 2659 δυνάμει,
1644 2625 1691 2651 καὶ
1712 2626 1745 2651 τὰ
1758 2622 1805 2650 τῶν

1031 2674 1178 2706 Θαυμάτων
1191 2672 1293 2705 ἔσχατα
1308 2673 1341 2704 τῇ
1361 2672 1437 2702 τάξει
1461 2671 1587 2705 καθάπερ
1606 2672 1802 2706 ἀνεπιχείρητα,

1030 2718 1101 2745 οὕτω
1116 2720 1148 2752 τῇ
1163 2718 1310 2752 περιουσίᾳ.
1322 2718 1455 2752 προσήκει
1472 2718 1519 2751 τῆς
1535 2718 1648 2751 ἀπείροι
1662 2717 1801 2749 δυνάμεως.

1030 2764 1140 2790 ἐπειδὰν
1175 2763 1292 2798 βουληθῇ
1322 2764 1414 2796 μεῖζον
1443 2762 1488 2788 ἀεὶ
1521 2763 1645 2797 μείζονος
1673 2763 1800 2797 θαύματος

1030 2811 1147 2836 ἐπινοεῖν
1164 2811 1210 2836 καὶ
1231 2811 1328 2842 ποιεῖν,
1347 2811 1394 2836 καὶ
1413 2810 1479 2845 πρὸς
1505 2809 1635 2844 οὐδεμίαν
1662 2808 1800 2845 ὑπερϐολὴν

1031 2857 1166 2884 instillat.
1185 2855 1217 2882 Τί
1240 2856 1262 2881 δ’
1280 2855 1312 2883 ἂν
1340 2855 1383 2890 εἴη
1410 2855 1528 2890 χαλεπὸν
1555 2855 1593 2890 τῷ
1612 2855 1673 2882 τόδε
1703 2856 1731 2884 τὸ
1752 2854 1796 2882 πᾶν
