1870 3058
35 117 80 148 361
531 113 625 143 110M.
648 111 695 142 ΟΕ
713 109 773 140 SAC

531 113 625 143 110M.
648 111 695 142 ΟΕ
713 108 876 140 ΞᾹΕΒΑΜ.
897 104 1069 136 C(‘RI‘ORE
1087 104 1105 133 J
1131 103 1160 132 C.

1605 97 1659 128 3:32

35 171 261 206 ὑποστησαμένῳ,
282 170 328 196 καὶ
355 169 471 205 μερικὴν
495 177 557 195 τινα
577 167 718 195 διαθέσθαι
735 165 770 200 φύ

920 169 990 189 arem
1011 160 1158 195 quamdam
1183 163 1306 184 naturam
1339 156 1485 190 disponere
1520 158 1551 181 ut
1575 146 1658 180 Velit?

33 219 66 251 ὡς
79 217 228 254 potinem;
254 218 305 244 Διὰ
320 216 401 243 τοῦτο
422 216 481 242 λύει
497 216 548 250 μὲν
573 216 587 241 ὁ
610 213 676 246 Θεὸς
702 213 820 247 πυρετὸν

35 265 135 300 ῑιτρείᾳ
150 264 199 291 καὶ
227 262 279 298 ὀδῷ
299 262 426 296 φύσεως·
447 260 481 287 δι’
506 260 590 288 αὑτοῦ
605 260 660 295 γὰρ
676 259 724 286 καὶ
738 259 821 293 τέχνη

35 310 77 335 xxi.
92 311 176 343 φύσις
197 309 276 336 ἀνύει
295 309 386 343 πάσης
403 308 499 339 αὑταῖς
512 306 694 341 παρασκευῆς
716 305 820 332 ἐκεῖθεν

35 355 162 389 ἡκούσης.
179 355 290 382 Λὺειδέ
308 362 375 381 ποτε
404 353 522 388 πυρετὸν
549 353 612 380 οὒτε
639 353 671 387 τῇ
694 352 746 386 ὀδῷ
772 351 822 384 τῆς

36 400 228 434 φύσεως,οὖτε
263 401 297 435 *ᾖ
328 400 415 435 τέχνῃ
442 399 598 434 χρώμενος.
627 398 667 432 Τῇ
696 397 765 431 αὐτῇ
795 396 823 422 δὲ

37 447 146 481 δυνάμει.
158 446 234 480 ζωην
259 447 358 481 ἐμπνεί
378 446 417 480 τῷ
441 445 542 480 νεκρῷ,
558 445 591 479 ἣν
605 445 622 480 ἡ
639 444 720 478 φύσις
739 443 822 475 ζῶντι

38 493 122 518 δίδωσι
152 492 235 527 μόνῳ.
256 492 397 519 Ἐπέκεινα
413 491 442 518 δὲ
467 491 514 518 καὶ
529 491 559 517 τὸ
575 491 654 525 φύσει
680 490 750 525 βαρὺ
778 489 824 516 καὶ

38 538 134 571 γεῶδες
152 538 232 572 σῶμα
250 537 299 564 τοῦ
322 538 438 572 φυσικοῦ
460 538 575 573 βάρους,
592 537 640 563 καὶ
663 537 713 571 τῆς
729 537 825 571 θνητό-

39 592 112 618 τητος
125 583 307 610 ἀπαλλάττων
322 584 463 615 είσοικίζει
486 583 540 609 τῶν
555 583 645 617 θυρῶν
659 582 823 617 κεκλεισμέ-

41 638 99 662 νων,
115 629 162 655 καὶ
176 629 340 664 μετεωρίζει
366 628 435 663 πρὸς
451 629 496 655 τὸν
513 628 639 663 οὐράνιον
658 628 759 662 χῶρον,
776 628 825 654 καὶ

42 675 217 710 σωματᾶτητα
237 674 286 701 καὶ
308 673 522 709 πνευματότητα
547 673 708 708 συνίστησιν
735 673 764 699 ὲν
787 672 825 707 τῷ

43 721 110 755 αὐτῷ
126 721 283 756 πράγματι,
294 720 332 752 ὡς
349 718 419 747 εἶναι
436 720 486 755 μὲν
501 720 530 746 τὸ
544 719 610 745 αὐτὸ
625 719 704 754 σῶμα
718 719 826 753 ἀληθῶς

43 766 202 801 ἀνθρώπου,
231 764 301 793 εἶναι
327 767 420 801 μέντοι
448 767 528 800 σῶμα
556 765 752 800 πνευματικὸν,
777 765 824 791 καὶ

44 809 93 839 οἷον
114 813 146 840 ἂν
160 812 205 840 διὰ
230 813 287 840 τῶν
313 812 453 847 στεγανῶν
475 812 587 839 διελθεῖν
613 812 771 839 ἐνδιδόντων
791 812 823 846 τῇ

45 859 98 894 θείς⁸
117 858 244 894 δυνάμει,
261 858 388 894 καθάπερ
407 858 466 884 ἔνια
494 858 549 884 τῶν
574 857 667 885 ἁπλῶν
691 857 825 891 σωμάτων

873 208 980 236 ldcirco
996 206 1106 240 depellit
1119 204 1225 238 quidem
1247 203 1319 230 Deus
1345 201 1442 229 febrim
1470 201 1615 232 medicina,
1633 204 1660 227 et

873 261 917 281 vta
942 251 1059 280 naturali
1081 259 1087 277 :
1119 257 1166 285 per
1192 250 1280 284 ipsum
1295 248 1366 275 enim
1393 251 1420 274 ct
1444 254 1489 273 ars
1507 251 1532 273 cl
1561 251 1660 273 natura

874 300 997 328 cﬂ'cctum
1014 297 1124 328 habent,
1138 302 1197 322 cmn
1212 294 1245 321 ab
1260 301 1292 321 eo
1308 292 1422 320 facultas
1436 292 1580 325 utriusque
1598 299 1659 318 om-

875 346 919 373 nis
936 345 1047 372 oriatur.
1074 341 1189 375 Depellit
1205 340 1287 367 etiam
1309 339 1404 366 febrim
1416 358 1423 370 ,
1439 345 1527 373 neque
1543 337 1660 364 naturali

875 393 918 419 via
935 398 1023 425 neque
1037 393 1095 416 arte
1107 388 1202 415 eadem
1221 391 1311 414 utens.
1323 386 1423 412 Eadem
1438 389 1660 421 quoqttc‘poten-

876 439 912 466 tia
927 438 1010 464 vitam
1024 435 1139 469 inspirat
1153 436 1271 463 mortuo,
1285 439 1364 466 quam
1383 435 1477 457 natura
1497 429 1597 457 viventi
1616 429 1662 455 dat

876 485 937 513 soli.
953 483 1087 510 Praeterea
1105 487 1206 515 corpus
1238 485 1334 505 natura
1363 484 1444 512 grave
1460 481 1488 503 et
1509 480 1659 506 terrenum,

877 529 994 558 naturali
1008 527 1144 563 gravitate
1160 529 1187 552 et
1210 524 1376 551 mortalitate
1389 522 1521 553 liberans,
1540 520 1662 547 introdu-

877 579 914 606 cit
929 585 976 612 per
993 577 1101 603 clausas
1112 574 1222 609 januas,
1232 577 1257 598 et
1270 571 1379 598 elevans
1388 568 1518 596 transfert
1528 567 1556 594 in
1567 566 1663 593 coales-

878 630 930 652 tent
938 623 1028 650 sedem
1037 620 1245 655 corporeitatem
1255 623 1280 644 et
1289 616 1520 651 spiritualitatcm,
1534 613 1560 640 in
1570 613 1662 639 eodem

878 671 937 706 ipso
946 668 1127 698 constituens,
1140 667 1175 692 ita
1189 668 1217 691 ut
1230 664 1300 691 idem
1315 664 1350 689 sit
1359 669 1461 696 corpus
1470 667 1564 687 verum
1577 657 1665 686 homi-

879 704 933 747 nis,
952 716 1042 750 sitque
1058 713 1138 740 sunul
1163 719 1261 746 corpus
1271 709 1424 744 spirituale,
1441 708 1508 748 adeo
1528 711 1556 733 ut
1574 704 1663 732 solida

879 770 995 798 corpora
1005 766 1165 791 transmeet,
1175 766 1236 794 qua:
1246 757 1372 793 potestati
1384 755 1481 782 divinae
1491 754 1600 783 cedant,
1612 752 1665 779 sic-

881 802 910 837 ut
926 807 1062 843 simplicia
1080 805 1204 840 qutednm
1225 810 1337 838 corpora
1356 809 1404 837 per
1430 800 1548 827 solidum
1566 806 1664 832 corpus

881 853 1227 885 transeunt,humanarum
1250 855 1378 876 manuum
1394 847 1418 874 vi
1434 846 1500 874 illud
1517 845 1664 873 efﬁciente.

44 905 82 931 διὰ
97 905 231 940 σωμάτων
254 905 392 940 διέρχεται
409 905 560 939 στεγανῶν,
577 904 638 939 βίας
664 904 767 940 χειρῶν
783 902 961 939 ἀνθρωπίνων
980 900 1059 927 τοῦτο
1076 897 1258 933 πραττοῦσης.

75 952 140 986 Περὶ
157 951 206 986 μὲν
225 951 258 984 δὴ
273 952 326 978 τῶν
343 952 424 978 θείων
439 951 587 986 θαυμάτων
603 953 685 986 ἀρκεῖ
698 950 813 978 τοσοῦτο

924 948 967 976 Sed
978 947 1012 974 de
1020 945 1119 974 divinis
1130 942 1269 970 miraculis
1277 941 1343 969 satis
1353 941 1456 968 dictum
1473 943 1662 974 est,quantum

47 998 136 1031 ιῖπείν,
161 997 226 1025 ὅσον
251 998 291 1029 είς
314 997 363 1033 τὴν
386 998 572 1033 προκειμένην
601 998 667 1034 ημῖν
698 998 828 1034 ἁρμόττει

47 1044 143 1079 χρείαν,
168 1044 209 1079 τῷ
233 1045 262 1071 δὲ
287 1045 463 1080 προκειμένῳ
487 1045 560 1080 μόνῳ
588 1045 752 1079 ὲφιστῶντες
779 1045 826 1071 νῦν

48 1090 194 1126 μυστηρίῳ,
214 1090 297 1116 πάλιν
323 1090 564 1125 ἀναλαμϐάνοντες
589 1090 715 1125 λέγομεν,
730 1091 770 1117 ὅτι
795 1092 827 1126 τῇ

49 1138 90 1171 μὲν
103 1137 164 1173 θείᾳ
187 1137 303 1171 δυνάμει
319 1137 413 1168 ἁπλῶς
443 1137 569 1172 οὐδαμῶς
592 1134 725 1164 ἀδῦνατον
739 1137 829 1170 τοῦτο,

48 1184 88 1210 καὶ
110 1184 180 1218 πρὸς
206 1183 328 1218 ἑκάστην
347 1184 376 1210 δὲ
396 1183 451 1210 τῶν
467 1183 592 1218 ἀποριῶν
614 1182 659 1214 αἷς
670 1193 742 1215 τινες
763 1185 831 1218 πρὸς

48 1229 90 1264 τὴν
99 1230 235 1256 ἀπιστίαν
246 1230 393 1264 ἀνάγονται
401 1230 457 1257 »τοῦ
474 1230 634 1266 μυστηρίου,
651 1230 741 1265 ῥᾴδιον
757 1231 832 1257 ἀντι-

51 1275 220 1309 μηχανᾶσθαι
232 1275 277 1302 τὸν
297 1275 471 1310 ἀνθρώπινον
486 1275 577 1310 λόγον.
607 1276 696 1302 καίτοι
720 1276 765 1302 τοῦ
783 1285 833 1311 μυ-

52 1322 155 1356 στηρίου
183 1321 313 1356 καθάπερ
345 1321 438 1348 πίστει.
460 1321 529 1357 μόνῃ
549 1322 735 1356 λαμϐάνεσθαι
759 1322 833 1357 ὀφεί-

51 1366 146 1400 λοντος,
165 1368 214 1394 καὶ
231 1368 408 1403 κατέχεσθαι.
426 1368 531 1394 Αὐτίκα
556 1368 587 1394 τὸ
613 1369 663 1402 μὲν
680 1369 729 1402 τῆς
747 1378 832 1403 μετα-

52 1413 126 1448 εολῆς
149 1415 296 1449 ἀκαριαῖον
317 1416 351 1450 τῇ
377 1415 492 1450 ἀπειρίᾳ
515 1415 565 1450 τῆς
591 1414 666 1447 θείας
691 1415 833 1450 δυνάμεως

54 1460 282 1496 θεραπεύεται-ἠ
310 1461 366 1496 γὰρ
393 1461 507 1496 ἄπειρος
533 1461 651 1496 δύναμις
680 1462 709 1488 ἐν
734 1461 834 1496 ἀκαρεῖ

54 1506 142 1541 χρόνον
156 1506 270 1534 δύναται
285 1506 318 1534 τὰ
335 1507 455 1541 μέγιστα
467 1507 522 1533 τῶν
536 1509 672 1542 σωμάτιον
685 1509 781 1540 κινεῖν,
797 1507 834 1539 ὡς

54 1552 89 1587 τῷ
100 1552 237 1587 φιλοσόφῳ
262 1552 347 1584 δοκεῖ,
366 1552 436 1578 ὥστε
454 1553 500 1579 καὶ
519 1553 698 1586 μεταϐάλλειν
721 1553 749 1579 ὲν
767 1554 835 1579 ἀκα-

57 1599 93 1632 ρεῖ
111 1599 207 1634 χρόνον
238 1599 255 1634 ἠ
277 1598 367 1625 πάντα
397 1598 563 1633 παράγουσα
590 1599 707 1634 δύναμις
728 1601 778 1625 οὑκ
802 1598 835 1625 ἂν

880 994 996 1022 instituti
1012 991 1082 1019 ratio
1092 988 1263 1025 postulabat;
1277 986 1419 1022 proposito
1432 990 1522 1013 autem
1536 985 1665 1020 mysterio

881 1040 969 1068 solum
993 1037 1161 1067 insistentes,
1182 1039 1208 1062 et
1227 1040 1382 1061 sermonem
1401 1036 1583 1064 resumentcs,
1599 1031 1666 1058 dici-

882 1093 943 1113 mus
959 1083 1031 1119 quod
1048 1082 1147 1109 divina:
1157 1080 1283 1115 potestati
1294 1078 1454 1113 simpliciter
1468 1077 1534 1104 illud
1550 1077 1666 1104 nullate-

883 1139 933 1159 nus
947 1129 1114 1164 impossibile
1122 1131 1173 1160 est,
1183 1131 1208 1154 el
1218 1125 1332 1161 singulis
1343 1125 1554 1157 difﬁcultatibus,
1565 1123 1664 1159 quibus

882 1177 1005 1206 nonnulli
1016 1176 1048 1203 ad
1067 1173 1287 1202 incredulitatem
1301 1165 1384 1198 Icirca
1397 1171 1448 1198 hoc
1460 1175 1663 1198 sacramentum

883 1224 1069 1254 adducuntur,
1092 1219 1171 1246 facile
1196 1223 1238 1246 est
1264 1218 1410 1244 humanam
1426 1216 1560 1244 rationem
1582 1223 1666 1250 oppo—

884 1279 966 1302 nere;
981 1270 1045 1296 licet
1064 1267 1175 1295 omnino
1192 1269 1394 1292 sacramentum
1411 1263 1462 1291 hoc
1480 1263 1538 1290 sola
1558 1262 1610 1289 lide
1626 1270 1670 1296 ap-

883 1315 1026 1352 prehendi,
1040 1319 1067 1343 et
1087 1313 1199 1340 firmiter
1210 1310 1295 1339 teneri
1308 1310 1416 1338 debeat.
1431 1308 1528 1336 Statim
1544 1316 1607 1336 vero
1620 1309 1669 1336 du-

885 1362 1012 1391 bitationi
1049 1361 1123 1388 circa
1151 1362 1368 1386 momentaneam
1408 1355 1668 1383 transmutationem

885 1408 1038 1437 occurritur
1051 1414 1098 1441 per
1109 1405 1207 1432 divina:
1221 1403 1349 1438 potentiue
1363 1401 1525 1429 inﬁnitatem
1543 1410 1549 1428 :
1563 1400 1670 1428 infinita

885 1461 1006 1488 namque
1031 1452 1152 1488 potentia
1183 1451 1210 1478 in
1251 1454 1391 1478 momento
1416 1449 1547 1483 temporis
1582 1453 1670 1483 potest

886 1500 1006 1528 maxima
1025 1506 1141 1533 qumque
1159 1504 1269 1525 movere
1298 1503 1425 1530 corpora,
1447 1499 1475 1522 ut
1502 1494 1670 1529 Philosopho

886 1539 1006 1578 videtur,
1024 1545 1059 1571 ita
1076 1550 1104 1571 ut
1130 1548 1158 1570 et
1183 1546 1368 1570 transmutare
1387 1542 1414 1569 in
1440 1546 1581 1569 momento
1602 1545 1670 1568 tem-

887 1593 962 1628 poris
979 1591 1053 1619 illius
1070 1598 1161 1618 rerum
1176 1589 1298 1616 omnium
1314 1589 1458 1616 creatricis
1471 1589 1601 1624 potentia:
1615 1588 1669 1615 vim

57 1645 165 1680 ἀτονοίη,
182 1645 228 1680 Τῷ
248 1645 276 1672 δὲ
299 1645 349 1680 τὴν
373 1645 428 1672 τῶν
445 1645 545 1672 οὐσιῶν
560 1646 774 1681 ἑκπληττομένῳ
791 1655 795 1681 ι

933 1647 942 1665 ι
958 1641 1079 1672 superet.
1097 1636 1138 1664 Ad
1155 1637 1370 1665 substantiarum
1392 1640 1484 1663 autent
1500 1640 1671 1663 transmuta-

56 1691 164 1726 ταὸολὴν
191 1692 292 1723 πολλὰς
313 1692 363 1726 μὲν
389 1693 405 1727 ἠ
433 1692 494 1718 θεία
519 1693 625 1727 Γραφὴ,
643 1693 745 1723 πολλὰς
769 1693 796 1719 δι
819 1694 835 1728 ἠ

57 1738 130 1772 φύσις
153 1737 224 1773 αὐτὴ
251 1738 361 1764 δίδωσιν
389 1738 565 1773 ὁμοιότητας.
594 1739 673 1764 Ἔστι
704 1739 755 1772 μὲν
784 1739 837 1774 γὰρ

57 1785 153 1811 ὑδάτων
187 1784 280 1820 φύσις,
306 1781 347 1815 οἷς
378 1784 582 1819 ὲμὸαλλόμενον
611 1783 688 1817 ξύλον
718 1785 767 1811 οὐκ
797 1785 838 1816 είς

58 1832 157 1866 μακρὰν
180 1833 223 1862 είς
250 1831 324 1857 λίθου
358 1830 441 1865 φύσιν
470 1832 670 1864 μεταποιεῖται.
692 1830 737 1857 Ἐν
758 1831 787 1856 δὲ
804 1831 837 1865 τῇ

57 1878 138 1913 κοιλία
157 1878 206 1904 καὶ
228 1877 268 1912 τῷ
297 1877 426 1912 στομάχῳ
454 1877 501 1903 τοῦ
533 1877 602 1908 ζώου
629 1876 690 1903 καθ’
718 1877 838 1912 ἑκάστην

59 1924 156 1960 ὴμέραν
183 1925 214 1951 τὸ
238 1924 288 1958 τῆς
315 1925 419 1959 τροφῆς
434 1923 586 1959 καθαρεῦον
602 1924 670 1959 μετὰ
690 1924 739 1958 τὴν
754 1923 838 1957 πέψιν

59 1971 100 1996 καὶ
111 1971 158 2004 τὴν
171 1970 314 1997 ἀλλοίωσιν
327 1969 518 2003 ἀναδιδόμενον
536 1971 621 2005 ἥπατι
644 1969 691 1995 καὶ
707 1969 789 2003 φλεψὶ
805 1969 840 1995 δι’

60 2016 132 2042 αὐτοῦ
147 2016 292 2051 προσθήκη
316 2016 349 2050 τῇ
368 2015 450 2049 οὐσίᾳ
467 2016 513 2041 τοῦ
537 2015 706 2050 τρεφομένου
722 2015 837 2048 γίνεται.

61 2062 114 2093 Πῶς
135 2062 201 2095 ei”;
233 2062 299 2096 Οὐχὶ
323 2062 371 2088 καὶ
397 2061 485 2087 ταῦτα
509 2062 583 2088 δοκεῖ
613 2061 760 2095 θαυμαστὰ
783 2062 839 2092 τοῖς

62 2109 197 2140 animo“;
218 2108 300 2134 Ἀλλὰ
318 2107 364 2133 τὸν
389 2107 440 2140 μὲν
454 2106 534 2142 ἄρτον
548 2108 638 2142 σάρκα
653 2107 797 2141 γινόμενον
812 2107 840 2134 ἐν

61 2155 142 2186 αὐτοῖς
159 2155 189 2181 οὐ
204 2153 389 2184 διαπιστοῦσι,
401 2153 472 2179 κατὰ
483 2153 510 2179 δὲ
527 2154 574 2180 τοῦ
591 2154 742 2188 μυστηρίου
759 2155 840 2187 μόνου

62 2201 103 2234 τὴν
130 2201 260 2227 ἀπιπὶαν
293 2201 459 2235 ἐγείρουσιν.
485 2200 515 2227 Ei
539 2201 567 2226 δὲ
597 2201 642 2226 καὶ
670 2201 684 2226 ὁ
717 2195 841 2231 Σατανᾶς

62 2246 145 2280 ἔλεγεν
159 2246 331 2282 ἐκπειράζων
345 2255 351 2261 ·
365 2247 439 2272 Εἰπὲ
453 2246 504 2272 ’ἕνα
522 2247 548 2272 al
560 2247 639 2272 λίθοι
659 2244 742 2273 οὗτοι
759 2246 841 2280 ἄρτοι

64 2294 204 2326 γίνωνται,
221 2294 247 2320 εὶ
262 2293 335 2326 Θεὸς
353 2291 382 2320 εἷ
393 2313 400 2325 ,
415 2293 453 2322 ὡς
471 2293 548 2325 εἰδὼς
564 2293 684 2327 δηλονότι
702 2294 751 2328 τὴν
766 2293 840 2319 θείαν

64 2337 169 2372 δύναμιν
185 2337 355 2372 ἑξαρκοῦσαν
371 2339 401 2364 ιν
425 2339 525 2372 ἀκαρεῖ
548 2338 626 2364 τοῦτο
641 2340 739 2370 ποιεῖν,
755 2339 778 2364 εί
795 2338 841 2363 θε-

65 2383 165 2417 λήσειε·
183 2383 242 2414 πῶς
271 2383 382 2416 ὁλέγων
415 2384 452 2418 μὴ
479 2383 609 2409 δύνασθαι
635 2384 679 2409 τὸν
707 2383 773 2409 Θεὸν
797 2383 842 2409 τὸν

65 2427 137 2461 ἄρτον
164 2426 204 2459 εἰς
225 2427 402 2462 ἀνθρωπίνην
432 2430 520 2463 σάρκα
539 2429 712 2462 μεταϐαλεῖν,
731 2429 744 2454 ὃ
764 2429 810 2454 καὶ
826 2430 841 2463 ἡ

67 2473 138 2505 φύσις
152 2474 181 2498 ὲν
197 2473 343 2507 ὡρισμένῳ
359 2475 437 2508 μέρει
451 2474 548 2508 χρόνου
569 2475 652 2506 ποιεῖ,
668 2475 698 2499 οὐ
713 2474 841 2508 ψεύδεται

67 2520 148 2553 χεῖρον
173 2518 220 2545 τοῦ
236 2519 384 2552 πειραστοῡ
407 2519 435 2550 ὃς
453 2520 509 2545 ἐστι
532 2519 579 2545 τοῦ
602 2519 716 2554 ψεύδους
733 2520 843 2554 πατὴρς

71 2563 99 2589 'H
112 2564 188 2590 τοῦτο
211 2564 260 2590 νῦν
278 2563 453 2599 ἐργαζομένη
478 2565 508 2591 τὸ
534 2565 626 2599 θαῦμα
651 2565 777 2600 δύναμις,
795 2566 844 2599 τὴν

67 2611 177 2641 γυναῖκα
196 2611 261 2636 ποτὲ
283 2610 330 2636 τοῦ
346 2610 406 2636 Λὼτ
425 2611 464 2641 εἰς
485 2611 547 2642 ἁλὸς
570 2611 669 2646 στήλην
684 2611 780 2645 αἴφνης
799 2619 846 2645 με-

68 2655 214 2682 ταϐαλοῦσα
241 2657 304 2688 τοὺς
332 2657 370 2691 μὴ
398 2657 521 2688 θέλοντας
551 2657 694 2683 πείθεσθαι
722 2657 761 2690 τῷ
788 2656 847 2691 Θεῷ

68 2703 258 2734 προστάττοντι
286 2703 458 2744 σωφροιρζει.
479 2704 533 2730 Καὶ
565 2704 633 2738 αὑτὴ
658 2703 706 2738 τὴν
726 2703 848 2734 Μωσέως

69 2747 159 2781 ῥὰῦδον
174 2748 213 2779 είς
240 2748 312 2782 ὅφιν,
340 2751 385 2776 καὶ
411 2751 439 2782 ἐξ
464 2750 551 2784 ὄφεως
578 2748 655 2780 αὖθις
680 2750 719 2781 εἰς
751 2749 848 2784 ῥάῦόον

104 2839 108 2855 ³
126 2840 219 2866 Matth.
241 2846 278 2870 Iv,
295 2838 321 2865 5.

187 2890 326 2919 l‘nnoc.
345 2887 404 2917 Gtt.
436 2886 520 2917 CLX.

889 1686 990 1713 tionem
1017 1682 1233 1718 obstupesccnti,
1263 1682 1361 1709 multas
1392 1682 1535 1716 Scriptura
1569 1682 1670 1714 divina,

890 1731 989 1759 multas
1004 1730 1085 1758 ctiam
1120 1730 1179 1764 ipsa
1201 1733 1298 1756 natura
1325 1728 1519 1756 similitudines
1539 1728 1674 1755 submini-

892 1782 971 1805 Strat.
981 1777 1020 1803 Ea
1038 1777 1111 1803 enim
1125 1775 1305 1811 quarumdam
1320 1782 1452 1809 aquarum
1467 1780 1563 1801 natura
1579 1779 1631 1804 est,
1645 1779 1674 1801 ut

890 1822 1018 1858 injectum
1032 1821 1134 1857 lignum
1147 1828 1201 1848 non
1213 1820 1295 1854 longo
1316 1820 1460 1847 intervallo
1476 1820 1502 1846 in
1513 1819 1612 1854 lapidis
1627 1828 1674 1846 na»

890 1873 980 1895 turam
1009 1871 1216 1894 transmutetur.
1233 1867 1261 1893 ιιι
1288 1871 1381 1892 ventre
1405 1871 1432 1893 et
1452 1867 1594 1892 stomacho
1611 1866 1673 1892 atti-

889 1915 970 1941 malis
981 1913 1102 1948 quotidie
1116 1920 1179 1947 pars
1187 1912 1309 1939 alimenti
1320 1912 1426 1946 purior,
1445 1915 1505 1947 post
1521 1911 1672 1939 coctionem

890 1963 917 1987 et
929 1959 1107 1986 nttttationem
1124 1959 1150 1985 in
1162 1957 1257 1992 hepar,
1271 1961 1298 1984 et
1311 1965 1358 1991 per
1374 1957 1439 1984 illud
1456 1958 1482 1984 in
1495 1964 1578 1984 venas
1589 1949 1676 1984 trans—

891 2005 961 2038 fusa,
983 2006 1015 2031 ad
1035 2005 1128 2032 nutriti
1146 2003 1272 2031 animalis
1301 2004 1482 2031 substantiam
1505 2003 1674 2039 adjungitur.

891 2050 961 2085 Quid
979 2051 1104 2078 tandem?
1128 2050 1224 2077 Nonne
1248 2055 1275 2077 et
1299 2051 1348 2077 ista
1374 2050 1523 2077 incredulis
1540 2050 1675 2077 mirabilia

892 2104 953 2124 esse
968 2096 1116 2124 videntur?
1137 2095 1188 2123 Sed
1204 2104 1300 2131 panem
1325 2096 1434 2131 quidem
1450 2096 1477 2123 in
1505 2095 1602 2140 seipsis
1616 2103 1678 2123 car-

893 2149 952 2169 nem
972 2142 1040 2174 ﬁeri,
1066 2149 1119 2168 non
1143 2141 1289 2169 difﬁculter
1310 2142 1440 2174 credunt;
1465 2146 1560 2169 contra
1589 2142 1675 2168 solum

893 2196 957 2215 tero
980 2188 1139 2223 mysterium
1159 2195 1253 2215 corum
1274 2188 1454 2215 incredulitas
1473 2189 1620 2215 excitatur.
1649 2188 1677 2215 Si

893 2243 957 2263 vero
982 2235 1039 2270 ipse
1052 2235 1170 2262 Satanas
1196 2236 1326 2261 tentando
1351 2234 1442 2262 dixit:
1462 2235 1508 2261 Dic
1529 2239 1556 2261 ut
1578 2235 1679 2269 lapides

894 2281 939 2307 isti
952 2289 1031 2315 panes
1044 2281 1123 2314 fiant,
1140 2281 1163 2307 si
1178 2281 1251 2315 ﬁlius
1262 2280 1310 2306 Dei
1327 2288 1353 2306 es
1366 2280 1385 2312 ‘,
1401 2281 1491 2307 sciens
1501 2288 1598 2315 nempe
1613 2282 1682 2308 dl\l-

897 2335 959 2355 nam
976 2328 1124 2362 potentiam
1136 2334 1267 2361 praestare
1285 2326 1309 2353 id
1324 2333 1464 2353 momento
1480 2327 1611 2361 temporis
1624 2327 1682 2354 suf-

896 2374 1018 2401 ﬁcienter
1036 2373 1182 2409 possc,qui
1200 2373 1266 2400 dicit
1281 2372 1364 2400 Deum
1374 2380 1425 2400 non
1445 2380 1524 2407 posse
1540 2377 1679 2400 transmu-

898 2425 954 2447 lare
971 2427 1068 2455 panem
1084 2420 1110 2446 in
1133 2420 1282 2446 humanam
1294 2427 1415 2451 carnem,
1431 2419 1502 2453 quod
1518 2425 1615 2446 natura
1633 2420 1680 2446 dt:-

898 2467 1046 2493 terntinalo
1070 2465 1202 2499 temporis
1229 2465 1317 2500 spatio
1331 2465 1406 2496 facit,
1425 2464 1562 2499 quomodo
1578 2465 1600 2491 is
1627 2473 1679 2492 non

896 2513 1030 2539 mentitur
1045 2512 1105 2546 ipso
1117 2515 1251 2538 tcnlatore
1263 2511 1397 2542 deterius,
1408 2512 1502 2544 quiest
1517 2515 1593 2544 pater
1607 2518 1682 2537 meu-

897 2559 990 2586 dacii?
1006 2559 1065 2594 Ipsa
1080 2566 1140 2592 quae
1159 2566 1229 2585 nunc
1243 2558 1480 2585 miraculumillud
1493 2561 1620 2591 operatur
1633 2564 1680 2591 po-
1701 2550 1711 2557 ’

899 2605 992 2637 tentia,
1011 2612 1070 2640 qua:
1089 2605 1236 2638 aliquando
1250 2611 1362 2631 uxorem
1378 2604 1428 2630 Lot
1441 2605 1467 2630 in
1482 2604 1547 2631 salis
1561 2609 1678 2631 statuant

900 2651 991 2679 subito
1010 2650 1286 2682 transformavit,cos
1298 2650 1343 2683 qui
1360 2649 1414 2675 Deo
1440 2649 1584 2684 imperanti
1601 2649 1679 2675 ﬁdem

902 2698 1003 2726 liaberc
1020 2698 1125 2729 nolunt,
1142 2697 1174 2724 ad
1191 2696 1326 2723 saniorem
1352 2701 1468 2723 tuentem
1491 2699 1620 2723 revocat:
1640 2696 1684 2722 il.a

905 2746 1010 2774 scilicet
1025 2746 1128 2780 virgam
1144 2743 1234 2780 ilosis
1254 2742 1281 2770 in
1301 2747 1467 2778 serpentem,
1479 2748 1504 2770 ct
1514 2750 1548 2771 ex
1560 2747 1685 2776 serpente

1452 2878 1489 2907 12
