1870 3058
157 94 210 126 367
691 96 880 127 GENNADII
904 98 948 127 (ΣΡ

1045 99 1242 127 ΓΙΗΑῘΠἸΗΕ
1767 94 1826 127 358

158 156 262 178 rautent
276 152 479 179 confirmamus.
490 151 576 180 Omne
589 153 723 188 siquidem
746 162 845 188 corpus
861 155 947 182 exsis-

1045 156 1150 190 ,λόγοις
1171 156 1221 190 τὴν
1247 155 1293 182 τοῦ
1311 155 1355 182 νοῦ
1383 155 1529 182 δυσκολίαν
1546 154 1823 191 παραμυθοῦμεθαυ

158 202 218 225 t‘ens
233 197 352 232 qttodam
381 198 407 224 in
435 198 504 232 loco,
540 199 627 234 ipsutn
652 200 762 234 quidem
781 205 868 228 totum
899 202 947 228 toti

1045 212 1097 229 παν
1122 203 1173 238 μὲν
1190 203 1244 238 γὰρ
1263 203 1343 238 σῶμα
1365 203 1500 238 τυγχάνον
1518 202 1545 229 ἐν
1558 212 1611 230 τινι
1624 202 1732 237 τόπῳ,
1753 202 1825 229 αὑτό

158 248 397 271 commensuratur
411 245 483 277 loco,
502 249 529 272 et
547 249 638 280 partes
663 247 736 273 illitts
759 248 881 281 partitus
896 247 947 274 luci

1045 245 1110 274 ὅλον
1135 249 1188 283 ὅλῳ
1212 250 1413 284 συμμετρεῖται
1430 248 1468 284 τῷ
1490 249 1576 284 τόπῳ.
1598 249 1648 276 καὶ
1667 248 1712 274 τὰ
1732 248 1825 283 μόρια

158 291 358 324 attribuuntur,
374 296 401 319 et
413 292 550 320 mediante
590 293 698 328 propria
728 294 881 328 quantitate
907 299 949 322 est

1045 295 1098 322 ἱτου
1127 297 1184 327 τοῖς
1208 296 1256 323 τοῦ
1288 296 1370 323 τόπου
1394 296 1518 331 ,μέρεσιν
1545 295 1737 326 ἀποδίδοται,
1771 294 1823 321 καὶ

158 336 184 363 in
199 337 270 364 loco.
281 337 347 364 Nam
375 338 472 366 essein
500 338 571 370 loco.
600 339 748 373 quantitati
765 339 873 374 proprie
884 347 948 367 con-

1045 342 1204 378 σιτευούσης
1216 342 1266 378 τῆς
1282 343 1350 374 ἰδίας
1364 342 1512 378 ποσότητός
1527 342 1602 368 ἐστιν
1616 342 1647 368 ἒν
1662 341 1712 376 τῷ
1728 341 1824 375 τόπῳ.

158 383 243 417 venit,
257 389 462 419 consequenter
480 385 563 412 etiam
578 385 739 414 substantize
765 386 844 421 cujus
855 391 896 414 est
905 395 950 414 ea-

1054 389 1108 424 γὰρ
1125 390 1153 416 ἐν
1167 390 1243 424 τόπῳ
1255 387 1325 416 εἶναι
1337 390 1368 424 τῇ
1382 389 1512 423 ποσότητι
1529 388 1631 424 κυρίως
1647 388 1823 422 προσήκει·

159 431 222 457 dem
239 431 390 464 quantitas.
409 430 499 465 Atque
514 430 577 459 inde
587 431 689 459 accidit
712 439 811 467 corpus
836 433 893 460 illic
903 441 949 460 so-

1045 436 1146 471 ιμένως
1165 435 1194 462 δὲ
1214 436 1260 463 καὶ
1274 435 1316 471 ’τῇ
1334 436 1424 470 οὐσίᾳ,
1438 432 1473 470 ἦς
1499 436 1515 470 ἡ
1532 435 1646 469 τοιαύτη
1682 433 1824 466 ποσότης

160 478 216 504 ltun
227 485 301 510 esse,
313 478 358 505 ubi
369 479 510 513 quantitas
528 478 589 514 ejus
601 482 629 506 et
642 479 829 507 dimensiones
847 479 950 514 reperi-

1045 481 1245 509 τί.Κὰντεῦθεν
1278 481 1424 516 συμὸαίνει
1455 482 1486 508 τδ
1519 482 1598 516 σῶμα
1627 481 1699 508 ἐκεῖ
1732 480 1824 515 μόνον

161 524 441 558 untur.tmpossibile
454 525 582 552 estenim
613 525 737 553 eamdem
767 526 949 560 quantitatem

1045 539 1083 562 αι,
1109 529 1177 556 ὅπου
1205 529 1221 564 ὴ
1248 529 1368 563 ποσότης
1396 528 1479 555 αὑτοῦ
1506 529 1553 555 καὶ
1576 529 1605 554 ιιί
1634 526 1824 557 διαστάσεις

162 570 289 604 pluribus
305 570 387 598 simul
397 571 615 601 comntensurari
628 571 706 600 locis.
719 571 748 599 In
771 579 887 607 corpore
900 580 949 600 au-

1045 575 1188 603 >ίσκονται.
1223 575 1368 602 Ἀδύνατον
1396 574 1425 601 δὲ
1455 573 1505 609 τὴν
1538 574 1626 609 αὐτὴν
1659 573 1824 606 ποσότητα

161 620 214 642 lem
227 615 328 643 Christi
346 623 389 644 res
398 624 452 644 non
465 617 501 644 ita
516 624 546 645 se
557 617 637 645 habet
662 626 669 645 :
696 617 805 646 exsistit
819 618 893 646 enim
921 619 949 647 in

1045 622 1108 648 είοσι
1137 621 1356 657 συμμετρεῖσθαι
1382 620 1477 652 τόποις
1504 618 1584 655 ὁμοῦ.
1605 620 1672 647 Ἐπὶ
1703 619 1739 646 δὲ
1772 619 1823 645 τοῦ

161 661 233 693 loco.
249 662 387 690 mediante
400 670 431 690 ea
447 663 603 698 quantitate
619 671 681 699 quas
709 665 772 700 pani
790 665 868 700 prius
887 666 949 693 ine-

1046 677 1132 704 ματος
1143 668 1191 696 τοῦ
1210 667 1330 703 Χριστοῦ
1352 667 1401 703 οὐχ
1417 667 1504 699 οὕτως
1519 667 1576 702 ἔχει
1589 675 1597 682 ο
1615 667 1680 693 ἔστι
1708 666 1774 700 γὰρ
1793 666 1824 691 ὲν

162 711 216 734 rat.
231 706 259 734 Si
269 714 335 736 vero
359 712 387 736 et
400 708 511 744 propria
530 711 670 744 quantitas
688 711 860 738 sanctissimi
889 719 949 739 cor—

1045 725 1078 752 τῳ
1102 715 1301 751 μεσιτευούσης
1325 715 1375 750 τῆς
1403 714 1566 750 ποσότητος,
1581 714 1630 741 καὶ
1660 713 1823 748 πρότερον

1003 762 1214 798 ἐνυπαρχούσης
1229 762 1268 797 τῷ
1285 762 1369 797 ἄρτῳ.
1395 761 1426 788 Et
1444 761 1471 788 δὲ
1489 761 1537 788 καὶ
1561 761 1577 796 ἠ
1603 760 1657 787 ἰδία
1683 760 1823 793 ποσότης

691 96 880 127 ΟΕΝΝΛΒΙΙ
904 98 948 127 CP
984 99 1242 130 PATRIARCHE

160 752 235 786 poris
257 752 477 788 inseparabiliter
493 754 544 790 ipsi
575 755 729 788 coexsistit,
749 761 950 791 consequenter

159 807 227 827 sane
237 803 264 827 et
272 800 409 829 mediante
421 801 586 835 substantia,
597 803 728 838 quissine
737 804 847 838 propria
861 812 949 840 quau-

161 845 241 873 titate
255 845 411 875 subsistere
425 855 481 875 non
493 852 594 883 potest.
604 848 673 876 Cum
689 849 771 884 igitur
782 850 850 878 nihil
865 850 949 885 impe-

158 891 220 919 diat
238 892 390 927 quominus
403 894 497 922 multa
513 895 682 930 quantitates
696 903 798 931 panum
815 897 950 925 exsistant

161 937 188 964 iu
204 938 298 966 multis
306 939 453 973 altaribus,
471 940 534 969 inde
558 941 695 969 acciditet
727 942 830 970 Christi
849 951 949 978 corpus

159 991 247 1012 unum
259 993 374 1014 numero
388 986 415 1014 in
428 987 521 1015 multis
535 988 670 1016 exsistcns
681 988 881 1024 quantitatihus
896 997 949 1017 non

159 1032 368 1067 (propriisyillis
377 1033 564 1062 mediantibus
575 1035 603 1062 in
624 1035 717 1063 multis
739 1036 851 1071 reperiri
869 1036 949 1064 locis.

162 1079 218 1107 lloc
233 1079 316 1107 etiam
325 1081 459 1115 exemplis
472 1082 639 1109 conﬁrmare
662 1082 728 1110 licet
752 1082 852 1110 anima!
886 1091 951 1110 nos-

161 1130 220 1160 trae,
244 1134 318 1162 quae,
341 1134 404 1155 cum
415 1136 469 1163 per
482 1135 512 1156 se
525 1136 577 1156 non
591 1129 692 1157 habeat
706 1129 884 1164 quantitatem
897 1138 951 1165 qua

159 1174 558 1203 commensureturxcontinenti
568 1182 598 1203 se
608 1175 726 1210 corpori.
737 1179 792 1203 tota
803 1180 846 1203 est
855 1175 882 1203 in
894 1179 951 1203 toto

162 1225 190 1248 et
212 1221 328 1256 singulis
345 1222 469 1256 corporis
493 1222 629 1257 partibus.
642 1221 711 1250 Tum
723 1221 805 1249 etiam
814 1223 951 1251 sermonis

158 1275 238 1295 exem
244 1268 298 1303 pio,
309 1269 354 1302 qui
365 1269 422 1303 ipse
435 1273 463 1296 et
474 1276 548 1297 unus
557 1277 672 1297 numero
684 1274 775 1304 potest
784 1269 900 1298 interius
907 1278 951 1298 es-

162 1321 203 1347 se,
219 1313 285 1346 dici,
299 1314 389 1342 audiri
403 1319 431 1342 et
448 1315 551 1343 scribi:
571 1315 662 1343 dictus
678 1324 742 1344 rero
753 1316 811 1345 sive
831 1325 951 1352 pronun-

160 1360 257 1393 tiatus,
285 1361 344 1389 inse
354 1361 436 1388 etiam
448 1368 463 1388 a
475 1361 570 1389 multis
578 1361 660 1390 simul
676 1362 771 1390 auditu
785 1363 947 1398 percipitur.

160 1405 296 1434 Praeterea
310 1407 437 1442 exemplo
449 1408 526 1441 solis,
541 1409 620 1443 cujus
650 1409 742 1438 lumen
771 1414 848 1438 extra
866 1414 894 1438 et
911 1410 951 1437 in-

162 1453 326 1481 tradontum
341 1453 463 1482 illustrat
491 1459 575 1491 etper
590 1455 690 1483 vitrum
722 1460 879 1491 penetrans,
910 1457 953 1484 in-

1002 809 1049 836 τοῦ
1074 807 1210 842 παναγίου
1237 807 1366 843 σώματος
1382 806 1545 842 ἁχωρίστως
1562 806 1638 840 αὑτῷ
1660 805 1819 838 σύνεστιν,

1003 855 1060 882 ἀλλ’
1076 854 1217 890 ἑπομένως
1238 854 1287 880 καὶ
1308 853 1357 888 τῆς
1383 853 1477 884 οὐσίας
1499 852 1721 887 μεσιτευούσης,
1752 852 1821 887 ἥτις

1001 902 1066 930 ἄνευ
1085 901 1152 933 ἰδίας
1174 900 1326 936 ποσότητος
1342 899 1493 934 ὑφεστάναι
1518 899 1548 925 οὐ
1575 899 1713 926 δύναται.
1734 898 1821 925 Ἐπεὶ

1001 949 1091 974 τοίνυν
1106 947 1183 974 οὐδὲν
1203 946 1303 973 κωλύει
1320 945 1421 977 πολλὰς
1437 942 1508 971 εἶναι
1527 944 1686 979 ποσότητας
1715 943 1820 979 ἄρτων

1001 995 1031 1021 ὲν
1057 994 1164 1026 πολλοῖς
1190 993 1408 1028 θυσιαστηρίοις,
1425 991 1553 1018 ἐντεῦθεν
1577 990 1737 1026 συμϐαίνει
1767 991 1819 1016 καὶ

1001 1041 1031 1068 τὸ
1045 1040 1092 1067 τοῦ
1110 1039 1230 1075 Χριστοῦ
1254 1039 1335 1074 σῶμα
1357 1038 1388 1065 τὺ
1408 1038 1490 1065 αὐτὸν
1503 1037 1614 1073 ἀριθμῷ
1631 1038 1660 1065 ὲν
1675 1037 1819 1064 πλείοσιν

981 1097 987 1106 ι
1002 1087 1128 1123 ὑπάρχον
1152 1086 1302 1122 ποσότησιν
1326 1086 1377 1112 οὐκ
1393 1085 1484 1117 ἰδίαις,
1506 1084 1610 1112 τούτοιν
1635 1092 1818 1119 μεσιτευου-

1003 1134 1057 1162 σῶν
1074 1134 1103 1161 ἐν
1129 1133 1238 1164 πολλοῖς
1256 1131 1436 1167 εὑρίσκεσθαι
1463 1131 1569 1162 τόποις.
1583 1129 1694 1158 Τούτου
1713 1130 1747 1156 δὲ
1765 1131 1816 1156 καὶ

1002 1180 1209 1217 παραδείγμασι
1227 1178 1340 1206 δυνατόν
1353 1178 1413 1204 ἔστι
1429 1177 1548 1214 χρῆσθαι
1562 1185 1568 1191 ·
1584 1178 1616 1212 τῇ
1629 1176 1657 1203 δὲ
1672 1176 1815 1212 ἡμετέρᾳ

1002 1228 1088 1263 ψυχῇ,
1105 1228 1167 1262 ἥτις
1189 1225 1234 1253 διὰ
1249 1225 1280 1253 τὺ
1297 1225 1334 1261 μὴ
1348 1225 1420 1260 ἔχειν
1440 1224 1578 1258 ποσότητα
1597 1223 1660 1250 καθ’
1675 1223 1778 1257 αὐτὴν

1004 1273 1190 1309 συμμετροϊτο
1210 1271 1244 1299 ἂν
1268 1271 1307 1307 τῷ
1323 1271 1479 1306 περιέχοντι
1498 1270 1617 1304 σώματι,
1632 1270 1683 1304 ὅλη
1700 1269 1757 1296 καὶ
1781 1269 1812 1294 ἑν

1002 1321 1057 1357 ὅλῳ
1082 1320 1130 1347 καὶ
1155 1321 1183 1346 ὲν
1208 1319 1318 1352 ἑκάστῳ
1346 1317 1433 1353 μορίῳ
1456 1317 1504 1344 τοῦ
1524 1316 1650 1351 σώματος
1677 1316 1810 1350 πέφυκε.

1002 1367 1058 1395 Καὶ
1074 1368 1114 1394 ἐτι
1128 1366 1167 1402 τῷ
1188 1366 1271 1401 λόγῳ,
1284 1366 1314 1395 ὃς
1341 1366 1355 1392 ό
1379 1364 1461 1396 αὐτὸς
1483 1363 1531 1391 καὶ
1553 1360 1594 1395 εἷς
1611 1362 1746 1398 ἀριθμῷ,
1762 1362 1814 1388 καὶ

1003 1413 1157 1445 ἐνδιάθετος
1177 1410 1248 1439 εἶναι
1263 1411 1387 1444 δύναται,
1404 1410 1450 1437 καὶ
1465 1409 1624 1444 λεγόμενος,
1635 1409 1686 1436 καὶ
1702 1407 1814 1435 ἀκουό-

1005 1468 1086 1495 μενος
1100 1459 1147 1485 καὶ
1161 1458 1336 1494 γραφόμενος
1351 1465 1358 1473 ’
1373 1457 1420 1484 καὶ
1439 1456 1453 1482 ὸ
1467 1455 1616 1489 λεγόμενος
1627 1454 1656 1481 δὲ
1673 1454 1706 1485 ὃς
1724 1454 1779 1480 καὶ
1794 1453 1810 1479 ό

161 1499 248 1526 terius
260 1507 320 1527 eam
337 1499 480 1534 illuminat,
494 1500 564 1528 idetn
595 1502 677 1529 simul
706 1503 852 1536 exsistens,
866 1507 893 1530 et
907 1510 951 1532 ne.

1045 1504 1085 1535 τὸς
1099 1503 1195 1534 ἀκοαῖς
1211 1501 1445 1538 περιλαμϐάνεται
1462 1500 1583 1528 πλείοσι.
1601 1499 1674 1534 Πρὸς
1690 1499 1810 1530 τούτοις

159 1554 214 1581 que
226 1554 241 1574 a
259 1547 361 1581 seipso,
379 1555 430 1574 nec
443 1555 457 1574 a
478 1547 535 1575 sole
548 1554 717 1583 separatum.
729 1549 783 1577 Sed
803 1555 830 1578 et
842 1550 947 1584 species

158 1594 186 1620 in
204 1593 332 1621 omnibus
348 1598 390 1621 est
405 1598 432 1621 et
443 1593 631 1629 singularibus
655 1595 817 1629 individuis,
829 1595 948 1623 ubicun-

160 1648 213 1675 que
230 1640 275 1668 illa
287 1641 353 1673 sint,
368 1649 429 1669 cum
448 1645 538 1669 tamen
555 1641 612 1669 una'
633 1650 749 1670 numero
763 1643 808 1676 sit,

1003 1550 1043 1586 τῷ
1056 1549 1102 1576 τοῦ
1114 1549 1190 1585 ἡλίου
1203 1549 1273 1584 φωτὶ
1284 1548 1313 1575 εν
1330 1557 1360 1575 τε
1376 1547 1415 1582 τῷ
1431 1546 1484 1579 ἔξω
1501 1546 1550 1581 τῆς
1565 1545 1653 1576 οἰκίας
1667 1544 1812 1579 διαφανεῖ

1003 1597 1052 1624 καὶ
1065 1597 1139 1624 ἔνδον
1158 1596 1244 1631 αὐτῆς
1258 1604 1266 1612 ·
1282 1596 1329 1622 καὶ
1346 1596 1375 1622 ἐν
1398 1596 1431 1629 τῇ
1453 1594 1523 1629 ὑέλῳ
1550 1593 1578 1619 δὲ
1595 1592 1653 1619 ὄντι
1667 1591 1706 1619 δι’
1725 1589 1762 1627 ἧς
1776 1591 1809 1617 τὸ

1004 1642 1061 1677 φῶς
1088 1642 1164 1669 ἔνδον
1188 1642 1238 1676 τῆς
1266 1641 1356 1672 οἰκίας
1379 1640 1510 1675 διαφανὲς
1538 1638 1738 1672 καταλάμπει·
1765 1636 1808 1669 τῷ

161 1687 236 1722 αὐτῷ
264 1687 294 1714 δὲ
319 1687 395 1723 ὅμως
420 1687 594 1722 τυγχάνοντι,
612 1688 658 1715 καὶ
682 1688 745 1723 μήθ’
761 1688 860 1715 ἑαυτοῦ
878 1689 948 1724 μήτε
963 1687 1011 1715 τοῦ
1030 1689 1105 1724 ἡλίου
1132 1688 1324 1724 χωριζομένῳ.
1349 1687 1433 1714 ’Λλλὰ
1454 1687 1510 1724 μὴν
1533 1687 1580 1714 καὶ
1597 1687 1627 1714 τὸ
1657 1684 1735 1718 εἶδος
1776 1685 1807 1724 ἐν

163 1733 247 1761 πᾶσίν
276 1733 333 1760 ἐστι
355 1733 411 1765 τοῖς
436 1733 513 1766 ἰδίοις
539 1734 662 1770 ἀτόμοις,
687 1735 812 1770 ὅπουπερ
844 1735 876 1761 ἂν
903 1734 946 1771 είη
965 1734 1062 1767 ταῦτα,
1080 1735 1110 1761 ἓν
1129 1735 1158 1762 ὃν
1174 1735 1294 1770 ἀριθμῷ.

198 1782 291 1810 Multis
311 1781 444 1817 ejusmodi
482 1783 617 1818 exemplis
641 1783 840 1811 dubitationem
867 1783 951 1811 menti

161 1830 285 1858 obortam
307 1829 446 1864 depellere
474 1836 624 1865 possumus
647 1838 653 1857 :
677 1836 771 1856 verum
795 1829 895 1857 sufﬁcit
924 1835 951 1856 ut

160 1876 315 1904 indubitata
347 1875 400 1903 title
427 1875 465 1902 ita
491 1875 657 1906 sentiamus,
686 1879 716 1902 et
734 1882 765 1902 ea
782 1875 839 1902 sola
854 1875 953 1903 contir-

160 1923 239 1956 mati,
266 1921 455 1957 perfunctorie
486 1921 602 1957 reliquis
626 1921 790 1956 adjiciamus
814 1921 950 1949 animum.

162 1970 251 2006 Hujus
270 1969 344 1999 enim
373 1970 540 1998 sacramenti
554 1970 627 2005 quod
645 1970 856 2005 supernaturale
870 1971 951 1996 estet

163 2017 332 2053 prodigium,
362 2015 435 2052 quod
462 2017 569 2051 reliqua
592 2016 685 2044 omnia
712 2015 952 2051 longointervaiio

162 2070 286 2099 eruperat,
325 2070 450 2099 quaenam
493 2062 613 2091 humana
643 2062 715 2090 ratio
747 2062 822 2090 reddi
850 2066 950 2097 potest,

165 2115 213 2137 aut
239 2109 312 2144 quod
348 2109 501 2143 exemplum
526 2117 558 2137 ex
585 2109 668 2136 rebus
696 2108 869 2135 naturalibus
903 2108 950 2134 de-

164 2159 304 2190 sutnptum
333 2155 421 2183 eidem
447 2155 645 2182 convenienter
665 2154 866 2182 accommodari
891 2153 951 2180 ?At

162 2209 224 2237 ego,
261 2201 381 2235 inquies,
408 2201 570 2237 persuaderi
596 2209 651 2229 non
674 2209 786 2236 possutn
806 2201 953 2235 :erempla
971 2195 992 2223 ι’)

164 2249 238 2275 enim
267 2254 293 2276 et
319 2249 440 2276 rationes
466 2248 547 2275 tidem
566 2253 784 2283 prmsuppouunt
801 2255 876 2282 ;ego
905 2255 953 2274 au-

165 2301 219 2322 tem
235 2295 470 2323 demonstratione
485 2295 616 2330 indigeo:
632 2295 744 2322 credere
757 2301 811 2321 non
827 2300 949 2328 possum.

166 2340 217 2368 Sed
233 2345 321 2376 potes,
340 2341 451 2375 inquam
463 2347 524 2374 ego,
544 2340 668 2373 credere,
682 2340 704 2368 si
721 2340 762 2367 ris
779 2349 788 2372 ;
805 2347 866 2366 nam
886 2338 953 2364 [idos

165 2388 320 2415 voluntaria
348 2391 390 2414 est
415 2387 498 2413 animi
519 2387 678 2415 consensio.
709 2386 786 2418 Quod
817 2385 838 2412 si
868 2383 950 2415 nolis,

163 2443 208 2462 res
234 2435 313 2462 aliter
344 2441 374 2461 se
405 2433 526 2467 habebit,
550 2434 658 2461 etiarnsi
688 2433 768 2459 nolis.
801 2430 859 2457 Non
893 2438 953 2458 cre-

164 2483 212 2509 des
237 2482 371 2510 asserenti
389 2481 462 2516 quod
487 2489 519 2508 ex
551 2486 621 2508 terra
652 2480 754 2507 ferrum
787 2478 843 2510 liat,
873 2479 952 2511 longe

165 2528 293 2554 fortassis
317 2527 351 2554 ab
379 2527 515 2562 ejusmodi
546 2525 665 2553 artilicio
682 2528 812 2555 remotus,
828 2530 855 2550 et
882 2523 950 2551 illud

165 2575 296 2608 ignorans
320 2583 327 2601 :
355 2582 444 2609 neque
473 2573 546 2608 quod
574 2580 606 2599 ex
626 2572 736 2598 cincrea
758 2572 876 2605 quadam
895 2579 953 2598 ma-

166 2620 232 2646 leria
267 2620 368 2646 vitrum
394 2620 452 2650 ﬁat,
479 2617 543 2652 quia
571 2616 698 2644 fortassis
727 2624 867 2652 nunquam
887 2617 952 2644 dum

165 2665 216 2692 ista
245 2664 312 2692 ﬁunt
342 2663 525 2695 intervenisti,
559 2670 649 2697 neque
670 2662 798 2690 sensibus
829 2664 952 2696 corporis

165 2711 222 2738 h:ec
255 2711 413 2746 percepisti,
447 2714 529 2744 atque
565 2709 601 2736 ita
631 2709 664 2736 de
692 2709 765 2736 aliis.
803 2709 860 2745 Ego
887 2717 952 2736 vero

167 2756 398 2787 ostendam-tibi,
435 2756 506 2791 quod
529 2757 614 2783 multa
632 2756 737 2786 credas.
768 2764 830 2790 qua:
860 2756 953 2783 videro

166 2812 221 2831 nun
248 2809 335 2839 potes.
361 2803 457 2831 Credis
474 2812 506 2830 ex
522 2807 642 2836 quatuor
666 2804 811 2831 clementis
825 2808 952 2831 constare

162 2857 262 2885 corpus
280 2854 356 2877 tuutn
371 2858 378 2882 ;
400 2849 447 2877 sed
465 2857 518 2877 nun
532 2849 607 2877 vides
623 2849 696 2883 quod
713 2857 744 2877 ex
766 2849 861 2877 iisdem
878 2857 952 2878 com-

1045 1783 1099 1809 Καὶ
1115 1782 1222 1814 πολλοῖς
1237 1782 1371 1815 τοιούτοις
1382 1782 1588 1818 παραδείγμασι
1605 1782 1654 1818 τὴν
1674 1781 1806 1817 ἀπορίαν

1004 1828 1052 1857 τοῦ
1092 1829 1139 1856 νοῦ
1176 1829 1403 1865 παραμυθείσθαι
1432 1829 1594 1864 δυνάμεθα·
1627 1828 1688 1856 ἀλλ’
1717 1827 1806 1864 ἀρκεῖ

1006 1876 1076 1912 μετὰ
1093 1876 1214 1908 πίστεως
1230 1876 1396 1904 ἀδιστάκτου
1413 1876 1494 1904 τοῦτο
1517 1877 1627 1911 φρονεῖν
1644 1875 1694 1902 καὶ
1709 1875 1805 1909 ταύτῃ

1006 1923 1076 1960 μόνῃ
1092 1923 1306 1960 βεδαιουμένους
1322 1923 1407 1950 τᾶλλα
1422 1924 1460 1955 ὡς
1475 1923 1503 1950 ὲν
1517 1923 1649 1958 παρέργῳ
1668 1922 1802 1949 σκοπεῖν,

1010 1970 1166 2006 ’Υπερφυεῖ
1179 1971 1234 2006 γὰρ
1246 1970 1303 1997 om
1317 1969 1356 2004 τῷ
1371 1969 1516 2006 μυστηρίῳ
1528 1969 1576 1995 καὶ
1588 1968 1731 2003 τεραστίῳ
1746 1967 1804 1993 πᾶν

1006 2018 1118 2046 νικῶντι
1134 2018 1290 2052 τεράστιον.
1314 2016 1356 2047 τίς
1371 2014 1404 2042 ἃν
1421 2013 1569 2048 ἀποδοθείη
1590 2014 1670 2047 λόγος
1691 2012 1805 2049 ἀνθρὼ-

1008 2074 1097 2097 πινος,
1119 2065 1135 2099 ὴ
1159 2064 1186 2090 τί
1206 2064 1241 2090 ἂν
1266 2063 1375 2093 οἰκείως
1404 2062 1435 2088 ὲκ
1450 2060 1505 2086 τῶν
1532 2059 1657 2094 φυσικῶν
1674 2060 1803 2096 ἐφαρμοο

1008 2112 1086 2147 σθείη
1109 2110 1305 2145 παράδειγμας
1331 2107 1402 2134 Ἀλλ’
1428 2107 1458 2133 οὐ
1483 2105 1614 2141 δύναμαι,
1642 2107 1722 2141 φησὶ,
1740 2106 1802 2133 πεί-

1007 2159 1121 2185 θεσθαι·
1147 2156 1181 2182 τὰ
1210 2155 1261 2190 μὲν
1288 2153 1501 2189 παραδείγματα
1517 2153 1564 2179 καὶ
1590 2153 1616 2179 ot
1641 2153 1717 2186 λόγοι
1750 2153 1802 2187 τὴν

1009 2203 1103 2230 πίστιν
1124 2200 1373 2237 προῦποτιθέασιν,
1394 2199 1450 2234 ἐγὼ
1465 2199 1493 2226 δὲ
1509 2198 1675 2231 ἀποδείξεως
1688 2198 1799 2234 δέομαι,

1009 2249 1151 2276 πιστεύειν
1167 2248 1197 2275 δὲ
1220 2247 1251 2274 οὐ
1267 2246 1398 2282 δύναμαι.
1424 2246 1506 2273 Ἀλλὰ
1521 2246 1600 2280 δύνῃ,
1628 2246 1674 2272 ἐὰν
1690 2245 1798 2281 ἐθέλῃς,

1010 2296 1151 2323 πιστεύειν
1161 2303 1167 2310 ·
1184 2294 1276 2326 πίστις
1292 2294 1348 2329 γάρ
1360 2294 1435 2320 ἔστιν
1450 2293 1574 2323 ἑκούσιος
1589 2291 1679 2327 ψυχῆς
1692 2299 1799 2325 συγκα-

1007 2343 1130 2374 τάθεσις.
1152 2341 1215 2368 Ἐὰν
1226 2341 1254 2368 δὲ
1272 2340 1309 2376 μὴ
1328 2339 1421 2376 θέλῃς,
1436 2339 1517 2371 ἄλλος
1529 2339 1561 2366 ἂν
1582 2339 1624 2373 εἴη
1644 2338 1733 2372 λόγος,
1751 2337 1798 2364 ἐὰν

1010 2390 1047 2424 μὴ
1065 2388 1157 2424 Θέλῃς.
1174 2387 1236 2414 υῦδ
1255 2388 1297 2414 δτι
1313 2387 1344 2414 ὲκ
1359 2386 1412 2421 γῆς
1427 2385 1533 2420 γίνεται
1549 2384 1671 2419 σίδηρος,
1684 2383 1793 2410 πιστεύ-

1009 2435 1114 2468 σειςτῷ
1130 2434 1250 2469 λέγοντι,
1263 2433 1331 2464 ἴσως
1347 2433 1444 2468 πόρρω
1458 2431 1508 2466 τῆς
1520 2430 1649 2465 τοιαύτης
1664 2430 1794 2465 ἐργασίας

1008 2482 1165 2517 τυγχάνων,
1182 2481 1230 2507 καὶ
1253 2480 1303 2507 οὐκ
1317 2478 1408 2510 εἰδὼς,
1423 2478 1479 2505 οὐδ’
1493 2478 1533 2504 ὅτι
1558 2477 1590 2504 ἐκ
1605 2485 1678 2507 τινος
1693 2475 1794 2512 τεφρώ-

1008 2528 1072 2559 δους
1085 2527 1153 2561 ὕλης
1167 2527 1180 2553 ό
1193 2526 1269 2557 ὕελος
1279 2526 1323 2552 διὰ
1335 2525 1365 2551 τὸ
1379 2524 1417 2559 μὴ
1430 2524 1636 2559 παραγενέσθαι
1648 2522 1712 2550 ποτὲ
1725 2530 1795 2557 γινο-

1010 2574 1114 2608 μένοις,
1129 2573 1197 2608 μηδὲ
1216 2572 1386 2607 σωματικαῖς
1401 2570 1544 2605 αἰσθήσεσι
1559 2570 1646 2597 ταῦτα
1661 2569 1735 2602 ἰδ.ῖν,
1747 2568 1793 2595 καὶ

1008 2619 1124 2645 ἐπὶτῶν
1155 2618 1244 2645 ἄλλων
1269 2618 1383 2652 ὁμοίως.
1418 2616 1490 2651 Ἐγὼ
1509 2616 1538 2643 δὲ
1566 2616 1647 2648 δείξω
1674 2625 1726 2646 σοι,
1754 2615 1792 2641 ὅτι

1009 2665 1095 2692 ’πολλὰ
1110 2665 1251 2697 πιστεύεις
1273 2665 1291 2692 ἃ
1308 2664 1419 2700 βλέπειν
1439 2664 1470 2690 οὐ
1497 2663 1574 2699 δύνῃ.
1604 2661 1746 2693 ΙΙιστιύεις
1760 2661 1790 2686 ὲκ

1008 2710 1062 2737 τῶν
1094 2710 1236 2745 τεσσάρων
1266 2707 1337 2736 εἶναι
1365 2709 1508 2744 στοιχείων
1530 2707 1559 2733 τὺ
1581 2707 1662 2742 σῶμα
1683 2707 1712 2733 τὸ
1738 2706 1788 2734 σὺν.

1008 2757 1066 2784 ἀλλ’
1082 2758 1113 2783 οὐ
1141 2757 1253 2792 βλέπεις
1271 2756 1337 2784 αὐτὸ
1358 2755 1553 2790 συντιθέμενον
1570 2753 1599 2786 ἐξ
1621 2753 1709 2779 αὐτῶν
1723 2761 1730 2768 ·
1747 2760 1790 2778 m-

1010 2802 1117 2835 στεύεις
1132 2803 1179 2829 τὸν
1194 2802 1240 2829 σὺν
1264 2803 1434 2837 πρόπαππον
1449 2801 1497 2828 καὶ
1515 2800 1676 2826 ὲπίπατιπον
1691 2797 1791 2824 τοιούσι

1008 2849 1035 2875 δε
1059 2848 1210 2883 γεγονέναι,
1226 2848 1283 2875 ἀλλ’
1296 2848 1346 2875 οὐκ
1370 2845 1439 2880 εἰδες
1452 2846 1568 2878 αὐτούς·
1587 2844 1725 2876 πιστεύεις
1744 2843 1786 2870 τὸν
