1870 3058
56 136 122 166 369

582 138 676 170 ΙῙΟΜ.
696 139 744 169 ΒΕ
766 139 932 171 SACRAM.
958 141 1134 172 CORPORE
1154 143 1230 174 J.-C.

1662 145 1717 177 3'70

55 194 201 223 ὠκεανὸν
215 197 392 232 περικλύζειν
409 197 458 234 τὴν
479 198 539 233 γῆν·
555 199 695 231 πιστεύεις
708 199 747 234 τῷ
762 199 791 226 λέ

977 202 1043 229 ilum
1061 203 1096 230 sit
1110 204 1217 235 ;credis
1236 211 1367 238 proavum
1385 210 1412 230 et
1438 208 1547 230 atavum
1569 206 1645 230 tuum
1664 204 1715 230 hos

57 242 113 268 τὸν
136 243 220 278 ἦλιον
235 244 377 279 ἐκλείψειν
392 245 454 271 ὃ).ον
469 245 486 280 ἢ
504 245 551 271 τὸν
576 246 664 279 ἡμίση
687 247 757 280 μετὰ
773 247 873 273 τοσαύ-

59 298 119 321 τας
138 290 253 325 ἡμέρας
268 292 317 317 καὶ
332 291 418 327 ὧρας,
435 291 493 318 ἀλλ’
509 291 561 319 οὐκ
576 289 646 324 εἶδες
668 291 749 325 αὐτὰ,
765 292 781 328 ἢ
794 292 872 320 οΰπω

60 335 220 371 ἑώρακας.
233 337 266 364 Ei
284 337 312 364 δὲ
328 339 384 370 τοῖς
397 338 485 365 ταῦτα
501 338 656 373 ἱστοροῦσιν
675 338 811 370 ἀποδίδως
823 339 874 374 τὴν

65 384 189 416 πεπτιν,
209 385 286 419 πόσῳ
301 384 370 416 Θεὸς
390 385 615 420 ἀξιοπιστότερος
638 384 792 420 ἀνθρώπων
817 386 872 412 τῶν

63 430 170 456 ταῦτα.
179 430 367 465 διηγουμένων
378 431 476 464 λέγων,
489 432 542 464 ὅτι,
559 430 651 458 Τοῦτό
662 431 728 458 ἐστι
743 432 777 458 τὸ
790 431 876 466 σῶμά

62 486 150 511 μου.
169 479 227 510 κατ,
248 477 343 504 Τοῦτο
360 477 394 504 τὸ
406 475 478 511 αἵμὰ
490 485 571 513 μου;
595 477 676 504 Ἀλλά
685 478 734 504 καὶ
745 477 810 513 περὶ
825 477 875 511 τῆς

65 522 214 558 ἀληθείας
239 525 287 551 τοῦ
313 524 438 555 εἰπόντος
453 524 630 559 atumem»,
655 524 734 559 φησὶ,
756 523 803 550 καὶ
825 523 874 559 τῆς

68 570 192 596 ἐκείνου
233 570 376 604 θεότητος.
419 568 491 597 Ἀλλ’
530 569 740 604 ὲκτετύφλωσαι
777 570 875 603 ὅντως,

68 616 226 651 ἄνθρωπε.
255 617 323 652 περὶ
355 616 410 643 τῶν
434 617 577 652 προδήλων
607 617 771 652 ἀμφιγνοῶν
799 617 876 651 ἡλίου

70 662 281 698 λαμπρότερον
298 664 471 698 μαρτυροῦσι
489 663 539 698 τὴν
550 663 678 699 ἀλήθειαν
689 663 736 690 τοῦ
752 664 876 696 εἰπόντος

70 708 125 734 καὶ
159 709 210 742 τὴν
227 709 355 744 οεότητα,
373 709 401 736 αἱ
429 710 493 743 περὶ
521 708 603 736 αὑτὸν
628 710 796 745 προφητεῖαι
821 709 876 736 τῶν

73 754 168 788 ιερῶν
184 755 350 790 προφητῶν,
366 755 422 781 τῶν
440 755 630 791 χρηστηρίων,
647 755 702 782 τῶν
723 754 875 787 Σιϐυλλῶν,

73 801 196 827 πάντων
215 801 319 834 σοφῶν,
339 801 451 827 πάντων
469 801 593 835 μάντεων
610 800 745 836 εὐφήμως
762 799 809 835 τὴν
828 808 877 834 με-

75 847 183 880 γίστην
212 847 323 882 ἐκείνην
353 847 400 874 καὶ
428 846 591 880 σωτηριώδη
618 847 800 881 καινοτομίαν
829 847 876 873 ἐπὶ

77 893 230 927 βελτιώσει
254 893 306 928 τῆς
328 893 437 928 φύσεως
461 893 605 929 πόρρωθεν
626 893 876 929 προαγγέλλουσαι,
893 882 914 910 Β

75 941 343 976 οΞκονομησαμένου
355 940 436 967 τοῦτο
445 940 526 972 Θεοῦ,
539 940 582 967 ἵνα
595 940 803 975 ἀπροφάσιστος
813 940 830 974 ἡ
843 939 877 974 σὴ

76 987 199 1014 ἀπιστία
215 987 369 1022 κατακριθῇ
384 995 391 1002 ·
407 987 442 1014 τά
466 986 688 1021 προηγησάμενα
704 985 754 1020 τῆς
778 985 879 1020 γεννή-

80 1041 157 1065 σεως
172 1032 271 1065 αὐτοῦ,
289 1033 402 1066 καὶτῆς
428 1032 593 1065 ἀναδείξεως
620 1032 760 1066 θαύματαο
777 1032 792 1058 ὁ
807 1031 878 1066 ὑπὲρ

81 1080 262 1115 ἀνθρώπινον
274 1080 358 1106 αὐτοῦ
386 1079 454 1115 βίος,
469 1080 487 1115 ὴ
508 1079 728 1114 ὑψηλοτάτηκαὶ
750 1079 879 1115 οὐράνιος

81 1128 132 1153 καὶ
149 1127 211 1154 θεία
227 1126 315 1158 ὅντως
331 1126 492 1160 νομοθεσία.
510 1127 537 1152 αι
554 1126 725 1161 προρρήσεις
741 1125 825 1153 αὐτοῦ
839 1126 879 1158 είς

83 1175 171 1208 ἔργον
205 1173 388 1209 ἐκϐεϐηκυῖαι
415 1173 516 1205 πᾶσαι,
543 1173 571 1198 αἱ
601 1172 753 1208 ὑπερφυεῖς
774 1171 879 1198 ἐκεῖναι

83 1219 325 1255 θαυματουργίαι,
349 1219 362 1245 6
389 1218 514 1250 ἑκούσιος
533 1218 661 1249 Θάνατος,
683 1217 718 1244 τὰ
745 1215 789 1243 ἐπ’
805 1216 879 1251 αὐτῷ

84 1264 220 1298 θαύματα
232 1271 239 1278 ·
257 1263 286 1290 αι
306 1263 376 1298 μετὰ
389 1263 487 1290 τούτου
507 1263 703 1298 λαμπρότητες
728 1258 826 1289 πᾶσαι.
843 1261 880 1288 To

83 1310 141 1335 τῶν
160 1310 295 1344 μαθητῶν
323 1310 524 1345 ἀμετάπτωτον
541 1309 614 1344 μέγα
631 1309 715 1345 μὲνεῑ
730 1309 778 1343 τῆς
788 1308 880 1335 αὐτῶν

85 1356 207 1388 πίστεως
224 1353 270 1392 ἦν,
287 1356 335 1382 καὶ
353 1357 438 1390 πολλὴ
454 1356 504 1392 τῆς
525 1356 591 1391 ’περὶ
604 1355 651 1382 τοῦ
680 1354 799 1390 Χριστοῦ
817 1363 881 1380 συν-

87 1402 268 1438 εγνωσμένης
295 1403 389 1434 αὐτοῖς
412 1401 545 1437 ἀληθείας
570 1400 721 1433 ἀπόδειξις·
741 1399 834 1435 μεῖζον
850 1400 879 1428 δὲ

90 1450 116 1476 τι
134 1449 185 1484 τῆς
199 1449 306 1475 ἐκείνου
322 1448 437 1484 χάριτος
450 1445 484 1484 ἦν
495 1448 525 1475 οὐ
545 1447 679 1483 παρόντος
696 1446 879 1481 σωματικῶς,

88 1495 127 1527 ὼς
142 1495 290 1530 πρότερον,
313 1494 373 1521 ἀλλ’
390 1494 516 1529 ἀοράτως
531 1494 563 1520 ἐκ
581 1494 636 1520 τῶν
656 1492 781 1528 οὐρανῶν
799 1493 880 1519 αὐτὴν

87 1541 254 1572 ἐντιθέντος,
284 1540 317 1567 Ol.
340 1539 395 1567 τῶν
406 1539 564 1566 ἀποστόλων
576 1539 682 1573 ἀγῶνες
699 1539 770 1573 ὑπὲρ
785 1539 879 1566 αὑτοῦ·

88 1588 102 1614 6
117 1588 176 1622 βίος
187 1587 278 1614 αὐτῶν
294 1587 370 1613 οὐδὲν
393 1587 499 1622 ἀπᾷδον
513 1586 582 1621 ἔχων
598 1586 653 1613 τῶν
669 1585 760 1613 καλῶν
777 1586 880 1620 δογμά-

87 1642 143 1660 των
161 1634 210 1660 καὶ
227 1632 464 1668 παραδειγμάτων
481 1632 529 1658 τοῦ
547 1632 720 1659 διδασκάλου·
743 1632 768 1658 οι
783 1632 876 1658 κίνδυε

89 1689 129 1707 νοι
145 1679 248 1707 τούτων
273 1679 344 1715 ὑπὲρ
370 1678 422 1714 τῆς
447 1678 577 1714 ἀληθείας
603 1678 714 1712 καὶτῆς
742 1678 880 1713 σωτηρίας

89 1727 136 1753 τοῦ
153 1727 259 1762 κόσμου
279 1727 348 1762 μετὰ
360 1726 489 1753 τοσούτου
503 1727 585 1761 ζήλου
595 1733 602 1740 '
616 1726 650 1753 τὰ
666 1725 796 1760 θαύματα
813 1726 830 1753 ἃ
844 1726 877 1752 δι’

90 1773 179 1800 αὐτῶν
204 1772 381 1808 ὲνηργοῦντο,
407 1772 456 1800 καὶ
481 1770 522 1803 οἷς
550 1772 744 1806 ἐφυλάττοντο.
772 1772 812 1799 Τὰ
826 1772 880 1798 τῶν

92 1819 238 1855 μαρτύρων
258 1819 365 1854 αἵματα
382 1819 430 1846 καὶ
445 1819 480 1845 τὰ
494 1819 623 1853 θαύματα
634 1826 642 1834 ·
658 1819 674 1853 ὴ
689 1818 803 1853 λαμπρὰ
815 1819 877 1844 πάν-

90 1873 143 1892 των
159 1865 213 1892 τῶν
226 1865 276 1900 τῆς
293 1865 345 1899 γῆς
362 1864 504 1899 κλιμάτων
528 1863 583 1891 ἀπὸ
600 1863 650 1898 τῆς
676 1864 781 1899 πλάνης
811 1864 879 1899 πρὸς

94 1911 142 1946 τὴν
158 1911 247 1946 άληθῆ
277 1912 342 1946 περὶ
372 1910 440 1937 Θεοῦ
467 1911 560 1937 πίστιν
589 1911 763 1945 ἐπιστροφήν
786 1911 802 1945 ἡ
823 1910 874 1943 τῆς

94 1957 269 1993 πολυχρονίου
307 1957 522 1992 δεισιδαιμονίας
551 1956 702 1988 κατάλυσις
732 1956 879 1988 τοσούτους

91 2005 239 2039 τυράννους
256 2005 304 2032 καὶ
316 2003 450 2034 δυνάστας
467 2003 690 2038 προϊσταμένους
704 2003 818 2039 ἐχούσης
832 2005 879 2030 καὶ

92 2050 252 2084 ὑπερδίκου;
268 2051 304 2085 σή
324 2050 374 2085 τῆς
396 2050 473 2085 ἱερᾶς
509 2050 672 2085 Ἐκκλησῖας
694 2050 766 2084 μετὰ
791 2050 879 2076 ταῦτα

91 2097 270 2128 κατάστασις,
290 2097 392 2127 παντὸς
417 2096 518 2131 σεμνοῦ
544 2097 592 2123 καὶ
615 2097 708 2132 τιμίου
734 2097 782 2124 καὶ
798 2105 880 2124 πνευ-

93 2144 205 2177 ματικοῦ
222 2144 331 2178 πλήρης
355 2144 509 2178 χρήματος,
528 2144 574 2170 καὶ
588 2143 656 2177 πρὸς
674 2144 769 2171 είκόνα
786 2143 835 2178 τῆς
848 2144 877 2178 ἐν

93 2190 212 2224 οὐρανοῖς
246 2189 374 2222 εὐταξίας
406 2188 621 2224 ἐξειργασμένη.
651 2189 705 2215 Καὶ
732 2189 759 2215 τί
787 2189 820 2215 ἄν
835 2198 876 2219 τις

94 2237 239 2270 καταλέγοι
268 2237 316 2267 τὰς
343 2236 552 2271 ἐναργεστάτας
579 2237 644 2272 περὶ
674 2237 724 2271 τῆς
754 2237 877 2271 Χριστοῦ

93 2282 214 2318 θεότητος
235 2283 389 2316 ἀποδείξεις
405 2283 539 2317 ἀπείρους
551 2282 636 2314 οὔσας
649 2283 687 2317 τῷ
705 2283 818 2318 πλήθει,
830 2282 878 2310 καὶ

91 2331 123 2364 τῇ
149 2331 263 2364 δυνάμει
291 2331 443 2364 μεγίστας;
460 2329 543 2356 Ὀοεν
558 2330 608 2361 τὰς
629 2329 679 2364 μὲν
696 2330 763 2364 περὶ
777 2329 875 2355 τούτου

94 2375 136 2402 τοῦ
153 2375 305 2411 μυστηρίου
323 2376 370 2402 καὶ
385 2376 440 2402 τῶν
455 2376 545 2402 ἄλλων
570 2375 620 2402 σὺν
637 2375 713 2410 αὺτῷ
734 2375 814 2401 θείων
829 2375 876 2402 καὶ

93 2421 170 2456 ἱερῶν
187 2422 357 2457 μυστηρίων,
371 2421 418 2449 καὶ
433 2422 498 2457 ὅλης
511 2422 561 2456 τῆς
575 2422 693 2453 πίστεως
708 2421 875 2457 ἀμφιῦολίας

93 2470 145 2500 τοῖς
158 2469 282 2500 ἀπίστοις
298 2470 346 2496 καὶ
364 2469 514 2503 αἱρετικοῖς
534 2468 733 2502 καταλίπωμεν
745 2476 752 2483 ·
773 2467 875 2503 μᾶλλον

92 2514 116 2540 δὲ
140 2515 184 2541 καὶ
209 2513 317 2546 τούτοις
339 2514 486 2549 εὐξώμεθα
510 2515 542 2549 τῇ
568 2514 618 2549 τῆς
648 2513 778 2550 ἀληῡείας
791 2514 875 2551 αἴγλῃ

94 2560 326 2594 καταλαμφθῆναι.
357 2560 453 2595 Ἡμεῖς
469 2561 497 2587 δὲ
512 2559 551 2596 τῷ
578 2560 653 2596 καλῴ
678 2559 768 2594 λιμένι
788 2569 875 2596 προσ-

92 2605 268 2640 ορμιζόμενοι,
292 2607 325 2640 τῇ
352 2606 419 2641 ζωῇ,
444 2606 483 2641 τῷ
507 2606 589 2640 φωτὶ,
621 2607 654 2642 τῇ
680 2606 806 2641 ἀληθείᾳ,
839 2607 872 2642 τῇ

95 2651 155 2685 τρὺς
173 2652 222 2686 τὴν
233 2652 373 2686 σωτηρίαν
396 2652 457 2686 ὀδῷ,
483 2653 522 2688 τῷ
539 2654 667 2688 ἡμετέρῳ
682 2652 755 2687 λέγω
769 2654 873 2679 Δεσπό-

92 2705 131 2734 τῃ.
150 2699 194 2724 καὶ
208 2698 278 2741 ὑπὲρ
298 2699 427 2726 ἁπάντων
443 2696 484 2731 οἷς
502 2700 578 2734 ἡμᾶς
597 2700 771 2736 εὐηργέτηκε
790 2699 872 2735 χάριν

93 2742 278 2776 ὁμολογοῦντες
291 2743 436 2778 ἀποδῶμεν
448 2745 523 2780 αὐτῷ
532 2745 580 2771 καὶ
594 2744 715 2778 νῦν,’καὶ
728 2744 777 2776 τῆς
789 2754 871 2771 πνευ-

95 2788 206 2823 ματικῆς
217 2790 319 2824 ταύτης
335 2791 437 2825 τροφῆς
454 2792 505 2825 τὴν
525 2791 712 2826 εὐχαριστίαν,
728 2790 762 2817 δι’
775 2788 808 2827 ἦς
822 2791 871 2825 τὴν

94 2835 116 2858 ἐι
132 2835 195 2869 ἡμῖν
218 2837 268 2870 τῆς
283 2837 393 2872 χάριτος
410 2838 518 2873 θέρμην
547 2839 682 2871 μένουσαν
714 2837 764 2871 μὲν
792 2837 870 2869 αὔξει

97 2881 159 2913 μετά
181 2881 281 2915 πολλῆς
301 2883 346 2919 τῆς
364 2884 536 2921 προτῦήκης,
553 2884 606 2911 ὑπὸ
624 2884 652 2910 δὲ
670 2883 720 2918 τῆς
737 2883 869 2919 πονηρίας

927 247 968 275 vel
988 248 1050 276 illos
1081 249 1232 281 exstitisse,
1265 250 1312 277 sed
1343 257 1391 277 eos
1417 257 1471 277 non
1494 249 1586 277 vidisti
1606 250 1716 283 ;orcdis

926 300 1058 321 oceanum
1086 295 1272 335 circumfundi
1292 300 1406 327 terram,
1430 295 1521 323 credis
1547 295 1651 323 dicenti
1669 303 1716 323 so-

927 339 981 366 lem
1009 340 1124 374 eclipsin
1146 348 1293 375 passurum
1325 346 1410 368 totum
1434 341 1476 368 vel
1497 341 1639 368 dimidium
1656 346 1716 376 post

928 390 966 413 tot
996 387 1056 415 dies
1084 392 1110 414 et
1139 387 1246 420 horas;
1263 387 1310 414 sed
1339 395 1394 414 non
1421 388 1524 420 vidisti,
1552 395 1641 422 neque
1666 396 1716 414 un-

928 440 1010 468 quam
1040 433 1097 460 bacc
1110 434 1200 461 oculis
1221 435 1374 468 usurpasti.
1388 434 1415 461 Si
1436 441 1502 461 vero
1521 434 1578 462 haec
1597 434 1717 461 referen-

929 479 1001 506 tibus
1021 479 1100 507 (idem
1126 480 1252 512 adhibes,
1278 485 1380 515 quanto
1407 480 1495 514 magis
1517 488 1572 515 prae
1599 480 1715 508 homini-

928 528 980 556 bus
1001 529 1053 556 ista
1075 529 1256 556 narrantibus
1271 529 1351 556 iidem
1372 533 1493 556 meretur
1508 527 1581 555 Deus
1602 528 1717 555 dicens:

929 574 986 601 Hoc
999 579 1037 601 est
1055 582 1150 608 corpus
1168 582 1269 606 meum;
1297 579 1346 601 et:
1364 574 1416 600 Hic
1437 578 1475 599 est
1492 572 1602 607 sanguis
1623 573 1719 598 meus?

930 619 982 647 Sed
1012 619 1117 652 dubito,
1135 619 1238 654 inquis,
1255 618 1288 645 de
1306 618 1458 645 voracitate
1481 618 1540 651 ejus
1565 617 1612 652 qui
1637 617 1719 648 dixit,

928 670 955 693 et
975 666 1010 694 de
1024 665 1085 701 ejus
1109 665 1263 693 divinitate.
1285 665 1320 692 At
1346 665 1458 692 excutis
1485 671 1567 694 vere,
1593 670 1609 690 0
1626 664 1719 693 homo,

928 711 962 739 de
991 711 1075 740 rebus
1099 711 1255 739 manifestis
1280 711 1420 741 haesitans.
1448 717 1511 738 eum
1529 709 1588 737 sole
1619 709 1721 736 clarius

929 758 1118 785 testimonium
1146 757 1310 792 perbibeant
1336 756 1370 784 de
1399 756 1547 784 voracitate
1570 759 1598 783 et
1619 755 1719 782 divini-

930 808 984 831 tate
996 803 1144 839 loquentis,
1156 809 1313 831 sanctorum
1325 803 1518 838 prophetarum
1534 801 1568 829 de
1576 809 1609 828 eo
1621 799 1701 828 vatici
1710 815 1716 819 -

929 851 984 882 nia,
996 850 1118 883 oracula,
1132 849 1249 884 Sibyllae,
1260 849 1398 884 sapientes
1409 853 1436 876 et
1447 853 1523 876 vates
1531 855 1640 878 omnes:
1657 855 1718 879 (μου

930 896 1041 932 quidem
1057 896 1209 931 prophetiae
1232 895 1277 923 diu
1298 900 1362 923 ante
1389 894 1646 930 prmnuntiaveruut
1664 901 1718 919 ma-

930 942 1033 970 ximam
1050 942 1125 970 illam
1140 946 1166 970 et
1178 942 1334 970 salutarem
1347 949 1439 969 rerum
1460 947 1594 968 novarum
1607 939 1717 967 seriem.

930 989 965 1017 ad
984 993 1089 1016 natura;
1117 993 1217 1016 nostra:
1255 988 1461 1023 provectionem
1485 986 1512 1013 in
1530 985 1640 1017 melius,
1664 984 1720 1012 Deo

930 1036 968 1063 ita
984 1035 1172 1069 dispensante,
1202 1039 1233 1062 ut
1257 1033 1456 1062 inexcusabilis
1477 1031 1656 1059 incredulitas
1672 1035 1719 1058 tua

930 1081 1172 1109 condemnaretur.
1202 1080 1334 1108 Miracula
1364 1087 1425 1114 quze
1454 1078 1515 1113 ejus
1546 1077 1718 1104 nativitatem

930 1133 958 1156 et
981 1127 1231 1155 manifestationem
1260 1129 1479 1160 przecesserunt;
1508 1125 1564 1151 vita
1586 1123 1647 1158 ejus
1670 1123 1717 1149 Ιιο-

931 1173 1013 1201 minis
1040 1173 1224 1201 conditionem
1253 1180 1408 1207 superans;
1426 1171 1627 1199 sublimissima
1644 1169 1715 1203 ejus.

931 1220 1054 1248 ccelestis
1076 1224 1103 1247 et
1124 1227 1188 1247 vere
1209 1219 1301 1247 divina
1331 1219 1469 1254 iegislatio
1489 1226 1496 1251 ;
1523 1217 1718 1252 przedictiones

931 1265 1002 1301 ejus,
1031 1274 1092 1301 quae
1120 1272 1216 1293 omnes
1239 1271 1338 1293 eventu
1370 1264 1558 1300 comprobatae
1582 1263 1716 1294 fuerunt;

932 1312 1061 1339 miracula
1087 1312 1173 1344 edita,
1200 1319 1262 1347 qua}
1291 1311 1444 1338 naturalem
1474 1309 1623 1344 potentiam
1637 1316 1718 1335 exce-

932 1358 999 1384 dunt
1019 1366 1027 1390 ;
1044 1365 1117 1385 mors
1147 1358 1318 1391 voluntaria;
1347 1357 1470 1392 prodigia
1493 1364 1554 1392 qua:
1584 1363 1644 1383 cam
1671 1362 1716 1381 cn-

932 1404 1038 1437 mitata,
1064 1408 1091 1432 et
1106 1413 1166 1440 qua:
1186 1412 1247 1432 eam
1272 1408 1367 1433 secuta
1383 1407 1460 1436 sunt,
1476 1402 1567 1430 onmia
1583 1406 1637 1429 tam
1655 1401 1715 1427 illii-

931 1450 1010 1478 stria.
1030 1450 1233 1485 Discipulorum
1248 1449 1431 1477 immutabilis
1451 1447 1718 1481 lirmitas,n:agntnn

933 1496 1063 1532 quiddam
1091 1504 1169 1529 sane,
1185 1496 1208 1524 si
1227 1504 1260 1523 ex
1287 1503 1384 1523 eorum
1406 1494 1459 1522 [ide
1486 1497 1547 1521 erat
1562 1502 1569 1526 ;
1585 1492 1720 1526 simulque

895 1554 916 1584 ο
933 1543 1101 1579 amplissima
1127 1544 1226 1578 agnita:
1246 1543 1280 1570 ab
1298 1542 1366 1578 ipsis
1395 1541 1428 1569 de
1452 1540 1564 1568 Christo
1597 1539 1721 1566 veritatis

933 1588 1160 1616 demonstratio:
1177 1588 1269 1621 m'ajus
1296 1594 1370 1619 vero,
1396 1586 1419 1614 si
1455 1586 1482 1613 id
1509 1585 1597 1619 ipsius
1629 1583 1722 1618 gratia.-

933 1635 1108 1663 tribuendum
1141 1639 1209 1667 erat,
1237 1635 1283 1669 qui
1307 1641 1361 1661 non
1386 1633 1454 1668 jam,
1474 1637 1503 1659 ut
1520 1631 1607 1667 prius,
1624 1638 1721 1664 corpo-

932 1682 1025 1709 raliter
1051 1689 1181 1716 praesens,
1208 1681 1256 1710 sed
1288 1680 1462 1708 invisibiliter
1500 1686 1516 1706 e
1544 1677 1623 1705 uelis
1661 1685 1721 1703 t-am

933 1729 1100 1756 insinuabat.
1114 1728 1308 1763 Apostolorum
1333 1734 1382 1761 pro
1397 1726 1456 1761 ipso
1474 1724 1624 1752 certamina
1642 1731 1650 1756 ;
1668 1723 1721 1750 vita

931 1782 1027 1802 eorum
1045 1774 1112 1802 nihil
1127 1774 1229 1802 habens
1245 1773 1379 1801 absonum
1393 1780 1409 1801 a
1424 1771 1565 1806 przcclaris
1583 1770 1721 1797 doctrinis

932 1826 959 1848 et
987 1821 1122 1855 exemplis
1157 1820 1307 1856 magistri;
1336 1818 1457 1854 pericula
1489 1818 1522 1844 ab
1556 1815 1625 1851 ipsis
1658 1823 1721 1842 cum

933 1871 1009 1894 tanto
1043 1865 1151 1893 fervore
1182 1869 1310 1900 suscepta
1349 1871 1399 1899 pro
1427 1864 1542 1890 veritate
1568 1866 1595 1890 et
1632 1861 1721 1889 saluto

933 1911 1054 1945 mundi;
1077 1911 1208 1939 miracula
1221 1919 1282 1946 qua:
1308 1918 1356 1944 per
1383 1917 1432 1938 eos
1462 1909 1664 1940 efficiebantur,
1695 1912 1721 1934 et

931 1958 1030 1994 quibus
1060 1957 1251 1985 servabantur.
1263 1956 1411 1992 Martyrum
1442 1955 1554 1990 sanguis
1586 1959 1614 1982 ct
1638 1953 1720 1982 mira-

931 2005 994 2032 cula
1008 2013 1014 2030 :
1029 2003 1172 2038 splendida
1203 2003 1327 2030 omnium
1357 2002 1433 2030 orbis
1455 2001 1595 2028 climatum
1623 2000 1657 2027 ab
1678 2007 1720 2026 er-

932 2059 993 2079 rore
1019 2051 1051 2078 ad
1079 2058 1171 2078 veram
1195 2050 1228 2077 de
1249 2049 1304 2077 Deo
1317 2049 1398 2077 tidem
1419 2048 1565 2076 conversio
1587 2056 1593 2074 :
1611 2047 1720 2074 diulur.
1767 2082 1769 2084 η

931 2104 973 2123 nae
1002 2095 1074 2122 illius
1092 2094 1300 2130 superstitionis
1331 2094 1493 2125 destructio,
1517 2093 1581 2120 licet
1607 2095 1647 2119 tot
1679 2097 1720 2127 ty-

932 2150 1033 2170 rannos
1046 2146 1073 2169 et
1092 2142 1222 2178 dynastas
1238 2146 1410 2176 protectores
1434 2144 1462 2168 et
1489 2139 1610 2167 vindices
1637 2137 1720 2164 habt--

932 2194 990 2216 ret:
1009 2189 1118 2216 demum
1136 2194 1238 2216 sancta:
1265 2187 1395 2214 Ecclesiae
1410 2186 1581 2218 constitutio,
1610 2186 1637 2211 in
1667 2192 1720 2219 qua

931 2235 1065 2270 quidquid
1091 2239 1251 2270 angustum,
1280 2234 1432 2269 pretiosum
1457 2236 1484 2259 et
1512 2230 1654 2266 spirituale
1667 2236 1720 2260 est,

932 2280 1041 2310 abunde
1057 2280 1204 2314 reperitur,
1236 2286 1352 2314 quaeque
1374 2279 1407 2305 ad
1429 2277 1576 2312 imaginem
1592 2275 1720 2311 praeclari

931 2326 1006 2353 illius
1033 2326 1062 2353 in
1092 2326 1162 2353 coelo
1191 2325 1335 2352 constituti
1374 2322 1479 2350 ordinis
1497 2329 1630 2356 expressa
1664 2326 1718 2347 est.

930 2371 999 2405 Quis
1029 2379 1094 2400 vero
1129 2375 1273 2399 enunieret
1301 2369 1523 2398 evidentissimas
1556 2368 1590 2394 de
1617 2367 1719 2393 Chriin

930 2417 1078 2446 divinitate
1103 2417 1367 2448 demonstrationes,
1401 2414 1524 2442 infinitas
1540 2412 1663 2447 quidem,
1695 2413 1718 2438 si

929 2472 1061 2492 numerus
1082 2467 1238 2498 spectetur,
1261 2462 1283 2490 si
1309 2462 1350 2489 vis
1371 2465 1398 2488 et
1422 2461 1538 2496 p0ndus.
1566 2459 1720 2485 maximas?

929 2512 1103 2546 Quapropter
1128 2517 1224 2537 omnes
1259 2513 1315 2536 tam
1344 2509 1419 2535 circa
1451 2510 1503 2534 hoc
1540 2506 1716 2541 mysterium,

929 2567 1012 2596 quam
1043 2559 1149 2593 reliqua
1181 2565 1259 2585 sacra
1277 2560 1303 2583 et
1329 2555 1420 2583 divina
1455 2554 1595 2589 mysteria,
1633 2556 1715 2586 atque

927 2606 996 2634 adeo
1023 2605 1096 2632 circa
1121 2604 1211 2636 (idem,
1233 2603 1419 2630 dubitationes
1442 2600 1597 2628 inﬁdelibus
1616 2603 1642 2626 et
1660 2598 1713 2625 bau-

928 2653 1023 2681 retieis
1051 2651 1260 2686 relinquamus:
1284 2649 1401 2676 maxime
1435 2655 1499 2675 vero
1536 2653 1657 2678 oremus,
1684 2649 1714 2669 ut

927 2697 1052 2727 veritatis
1084 2697 1230 2731 splendore
1259 2696 1458 2723 illumineutur.
1497 2692 1553 2720 Nos
1583 2698 1648 2718 vero
1680 2690 1714 2715 :ul

928 2749 1015 2771 tntum
1037 2746 1146 2778 portum
1187 2741 1366 2776 appellemus,
1399 2738 1557 2769 Dominum,
1588 2737 1713 2770 inquam,

929 2795 1066 2820 nostrum,
1099 2788 1146 2822 qui
1158 2792 1201 2815 est
1218 2788 1281 2820 vita,
1300 2787 1357 2818 lux,
1374 2786 1474 2813 veritas
1485 2789 1512 2812 ct
1526 2783 1570 2810 via
1588 2782 1622 2809 ad
1637 2782 1712 2808 salu-

927 2841 993 2867 tem.
1021 2840 1047 2862 et
1072 2843 1120 2869 pro
1137 2833 1265 2862 omnibus
1291 2833 1390 2867 quati"
1411 2841 1462 2861 nos
1482 2829 1601 2860 contulit
1627 2829 1712 2857 bene-

928 2883 997 2911 liciis
1027 2882 1128 2917 gratias
1159 2880 1318 2913 referentes,
1349 2879 1498 2907 reddamus
1525 2878 1606 2906 etiam
1636 2882 1710 2904 nunc
