1870 3058
160 142 214 174 375
639 144 641 147 ‘
726 141 920 172 ammon
936 127 1003 171 CP.‘
1015 141 1274 171 parnmncne
1767 133 1849 172 375'

387 315 704 387 EJUSDEM
749 315 914 372 ALIA
954 314 1215 372 BREVIS
1256 316 1591 375 HOMILIA'

623 441 672 471 DE
688 440 864 471 CORPORE
890 439 938 470 ET
955 440 1157 471 SANGUINE
1187 439 1330 470 DOMINI

210 534 319 565 Relata
336 545 355 565 a
369 534 495 566 Meletio
512 535 639 574 Syrigo,
660 534 900 565 hieromonacho
921 535 1075 571 Cretensi,
1095 534 1128 564 in
1155 534 1358 573 Ite/utetiam
1383 534 1597 574 Confessionis
1615 533 1749 573 Cyrilli

718 597 850 627 Luceria
864 595 1025 636 Cpolitani
1045 595 1245 635 patriarchae.
1762 585 1767 589 ’

195 758 262 787 Cum
288 759 322 786 de
346 758 539 786 sacramentali
556 765 671 793 corpore
688 763 716 786 et
735 759 868 794 sanguine
897 759 949 786 Do-
965 762 985 789 Α

156 805 222 832 mini
248 805 334 832 nostri
352 802 422 843 ~Jesu
437 804 541 832 Christi
560 813 646 840 nuper
663 805 695 831 ad
712 810 832 832 vestram
858 806 944 833 inter-

155 851 327 886 rogationem
347 859 380 878 ex
401 856 523 886 tempore
542 851 778 886 responderimus,
795 859 870 879 nunc
896 852 944 879 ite-

1043 757 1154 794 Ἐπειδὴ
1181 758 1246 793 περὶ
1274 757 1321 786 τοῦ
1343 759 1552 794 μυστηριὼδους
1577 759 1714 795 σώματος
1758 763 1818 789 καὶ

998 803 1117 838 αἵματος
1134 803 1182 830 τοῦ
1201 804 1308 838 Κυρίου
1325 804 1403 839 ἡμῶν
1426 804 1515 839 Ἰησοῦ
1533 806 1653 840 Χριστοῦ
1678 808 1816 843 προχεί-

998 860 1053 887 ρως
1072 852 1170 889 πρώην
1186 853 1396 888 ἀπεκρινάμεθα
1413 853 1483 888 πρὸς
1497 854 1547 888 τὴν
1564 855 1706 891 ὑμετέραν
1728 856 1816 891 ἐρώ-

154 906 217 925 rum
236 897 323 924 fusius
349 897 591 931 respondebimus.
618 905 731 926 necesse
748 898 882 926 habentes
899 906 946 926 ve-

155 951 213 971 ram
237 944 404 970 sacramenti
429 944 614 978 cognitionem
639 945 717 973 vobis
737 946 858 978 tradere,
885 950 946 974 tan-

155 997 238 1025 quam
256 990 441 1017 sanctissimis
459 990 603 1018 animabus
617 998 677 1025 qua:
693 993 845 1020 secundum
860 992 943 1020 Deum

154 1037 282 1071 diligunt,
301 1044 351 1068 nec
372 1037 465 1064 minus
481 1037 644 1072 diliguntur.

189 1083 313 1111 Primum
337 1084 421 1119 igitur
438 1083 510 1111 scire
524 1084 727 1120 debetis,quod
751 1085 859 1113 Domini
885 1076 955 1112 nos-5

154 1130 190 1159 tri
205 1139 308 1166 corpus
321 1131 543 1162 sanctissimum.
558 1139 643 1158 untuu
660 1139 770 1167 semper
795 1132 944 1165 exsistens,

154 1179 280 1205 diversos
297 1177 494 1205 considerandi
511 1178 608 1205 modos
623 1178 756 1206 admitlit.
770 1179 856 1206 Aliter
871 1179 943 1206 enim

155 1233 169 1251 a
189 1225 268 1252 nobis
282 1224 487 1255 consideratur,
506 1229 644 1258 quatenus
660 1225 794 1257 naturale,
813 1225 870 1252 sive
883 1229 943 1252 sta-

155 1273 203 1299 tim
220 1272 255 1298 ab
269 1271 329 1306 ipsa
347 1270 539 1305 conceptione,
557 1279 645 1306 usque
660 1272 693 1298 arl
713 1272 801 1307 ipsius
821 1279 868 1306 per
894 1273 945 1299 mi-

155 1319 251 1346 racula
278 1317 556 1345 manifestationem:
583 1319 663 1346 aliter
680 1322 817 1353 quatenus
844 1319 946 1354 glorio-

155 1373 228 1398 sum,
251 1365 309 1393 sive
334 1372 349 1392 a
370 1364 597 1392 manifestatione
622 1372 709 1400 usque
731 1365 763 1393 ad
787 1366 944 1400 passionem

156 1417 188 1440 et
204 1411 375 1446 sepulturam
390 1420 401 1441 ξ
425 1412 506 1439 aliter
529 1419 640 1447 quoque
659 1416 793 1446 quatenus
809 1411 944 1447 gloriﬁca-

154 1463 225 1492 tum,
239 1458 294 1486 sive
303 1458 338 1486 ab
354 1458 568 1492 resnrrectione,
585 1462 612 1485 et
627 1465 735 1493 semper
746 1458 895 1494 deinceps:
915 1466 945 1485 a-

154 1505 219 1532 liter
236 1504 347 1533 tandem
363 1509 392 1532 ut
414 1505 561 1540 mysticum
575 1513 624 1532 sett
640 1505 851 1538 sacramentale,
869 1512 944 1532 nem-

154 1559 188 1587 po
206 1557 342 1587 quatenus
368 1552 397 1581 in
421 1552 538 1579 diversis
566 1551 700 1579 altaribus
722 1551 943 1580 Christianorum

154 1599 387 1632 orthodoxorum,
402 1599 519 1626 nimium
533 1605 616 1633 quam
630 1598 804 1635 mirabiliter,
821 1597 944 1633 quotidie

154 1653 277 1680 prmsens
300 1645 455 1672 exhibetur.
482 1644 514 1671 Hi
537 1651 620 1679 porro
647 1644 843 1672 considerandi
869 1643 943 1671 modi

154 1692 280 1726 quamvis
305 1691 420 1725 diversi,
438 1691 542 1718 Christi
559 1699 670 1726 corpus.
696 1691 768 1726 quod
791 1691 944 1719 secundum

154 1737 215 1764 illas
226 1745 323 1765 omnes
334 1737 457 1764 rationes
470 1744 554 1764 unum
567 1741 619 1769 est,
632 1736 789 1764 nullatenus
806 1736 944 1764 dividunt.

191 1783 331 1816 Secundo,
349 1784 423 1810 seire
442 1789 553 1817 quoque
571 1789 620 1809 vos
644 1786 761 1816 oportet.
793 1782 868 1817 quod
895 1783 944 1810 mi-

154 1830 312 1857 raeulorum
327 1829 450 1857 omnium
464 1836 525 1864 qua:
536 1836 551 1856 a
564 1828 618 1856 Deo
633 1836 717 1863 supra
732 1834 857 1856 naturam
874 1829 943 1857 facta

154 1874 232 1908 sun’t,
255 1876 342 1911 magis
359 1875 570 1910 superuaturale
596 1875 700 1902 nullum
718 1880 759 1903 est
775 1876 828 1903 hoc
850 1883 944 1904 sacra~

154 1927 245 1950 mento
265 1931 273 1955 ;
293 1922 366 1950 unde
382 1922 487 1950 nullum
511 1923 596 1958 magis
611 1922 753 1958 ignoratur
767 1923 801 1950 ab
817 1923 944 1960 illittera.

155 1969 200 2000 tis,
220 1975 310 2002 neque
325 1968 354 1995 in
375 1967 432 1994 ttllo
448 1967 502 1994 alio
520 1967 606 2003 magis
622 1972 770 1996 exercetur
786 1968 876 1996 divina
895 1968 944 1995 hu-

156 2021 295 2048 manaque
310 2013 458 2048 sapientia,
478 2021 567 2048 neque
586 2014 660 2042 aliud
679 2020 720 2042 est
736 2016 763 2042 in
782 2022 862 2042 sacra
878 2023 943 2043 uos-

155 2064 197 2086 tra
212 2059 275 2089 ﬁde,
295 2058 340 2085 cui
357 2059 418 2093 plus
446 2059 639 2087 contradicant
669 2060 792 2088 iutidelcs
807 2064 834 2087 et
858 2060 943 2088 haere-

997 909 1088 934 τησιν,
1104 900 1151 928 νῦν
1169 900 1253 928 πάλιν
1268 901 1438 936 πλατύτερον
1446 902 1670 938 -ὰποκρινόμεθα,
1681 904 1814 939 ἔχοντες

998 947 1122 982 ἀνάγκην
1139 947 1176 979 ὡς
1193 947 1309 974 δυνατὸν
1327 947 1446 974 ἐνθεῖναι
1459 948 1523 982 ὑμῖν
1540 949 1592 980 τὴν
1609 949 1699 984 ἀληθῆ
1721 951 1813 984 γνῶ-

1000 1002 1044 1020 σιν
1060 994 1107 1021 τοῦ
1127 994 1292 1029 μυστηρίου,
1311 994 1349 1026 ὡς
1364 990 1531 1026 ὁσιωτάταις
1542 995 1644 1030 ψυχαῖς
1658 997 1707 1022 καὶ
1721 996 1811 1031 ἀγα-

999 1039 1106 1071 πώσαις
1124 1039 1194 1066 κατὰ
1212 1039 1290 1070 Θεὸν,
1307 1040 1354 1066 καὶ
1369 1040 1579 1075 ἀγαπωμέναις.

1036 1085 1148 1120 Πρῶτον
1170 1085 1225 1120 μὲν
1237 1085 1384 1118 γινώσκειν
1407 1086 1543 1121 ὀφείλετε,
1564 1088 1605 1114 ὅτι
1620 1088 1650 1114 τὸ
1669 1089 1719 1115 τοῦ
1739 1089 1808 1115 Κυ-

1000 1131 1060 1166 ρίου
1075 1132 1154 1166 ὑμῶν
1168 1131 1251 1166 σῶμα
1267 1131 1298 1158 τὸ
1315 1132 1461 1166 πανάγιον,
1476 1133 1505 1159 ἓν
1521 1133 1646 1168 ὑπάρχον
1660 1135 1717 1166 ἀεὶ,
1737 1135 1809 1161 δια-

998 1178 1099 1213 φόρους
1112 1177 1269 1213 ἐπιδέχεται
1285 1177 1415 1213 θεωρίας.
1434 1179 1541 1211 Ἀλλως
1555 1180 1608 1216 γὰρ
1625 1181 1806 1217 θεωροῦμεν

997 1225 1064 1259 περὶ
1080 1223 1163 1251 αὐτοῦ
1175 1224 1243 1251 καθὸ
1257 1225 1385 1258 φυσικοῦ,
1399 1226 1581 1260 ἧγουνεὺθὺς
1595 1228 1649 1254 ἀπὸ
1663 1229 1715 1264 τῆς
1728 1230 1804 1256 συλ-
1827 1223 1834 1234 ”

997 1271 1108 1306 λήψεως
1141 1271 1222 1306 μέχρι
1241 1271 1349 1306 καὶτῆς
1372 1271 1416 1298 διὰ
1435 1272 1490 1299 τῶν
1507 1273 1656 1307 θαυμάτων
1680 1276 1804 1303 ἀναδει-

997 1317 1086 1349 ξεως·
1107 1316 1155 1342 καὶ
1177 1316 1266 1347 ἄλλως
1291 1316 1360 1343 καθδ
1390 1317 1511 1350 ἐνδόξου,
1540 1320 1625 1355 ἤγουν
1657 1322 1714 1348 ἀπὸ
1740 1323 1802 1357 τῆς

997 1362 1161 1394 ἀναδείξεως
1198 1362 1280 1398 μέχρι
1302 1362 1350 1389 τοῦ
1367 1363 1472 1395 πάθους
1488 1365 1537 1392 καὶ
1550 1366 1599 1400 τῆς
1613 1367 1704 1402 ταφῆς
1718 1377 1725 1384 -
1745 1369 1804 1395 καὶ

997 1409 1089 1441 ἄλλως
1106 1408 1317 1443 δεδοξασμένον,
1339 1410 1425 1444 ἦγουν
1456 1410 1512 1438 ἀπὸ
1534 1411 1584 1446 τῆς
1614 1413 1803 1445 ἀναστάσεως

998 1455 1046 1482 καὶ
1061 1456 1142 1490 μέχρι
1159 1455 1261 1487 παντὸς
1273 1455 1321 1483 τοῦ
1344 1457 1441 1492 χρόνου
1461 1457 1607 1493 διηνεκῶς·
1633 1460 1682 1486 καὶ
1698 1461 1801 1493 ἄλλως

997 1501 1035 1533 ὡς
1049 1502 1195 1536 μυστικοῦ,
1206 1503 1291 1538 ἤγουν
1305 1503 1371 1530 καθὸ
1385 1503 1414 1530 ἐν
1428 1503 1567 1540 διαφόροις
1582 1505 1800 1542 θυσιαστηρίοις

994 1549 1051 1576 τῶν
1081 1549 1230 1585 ὀρθοδόξων
1247 1550 1438 1584 Χριστιανῶν,
1468 1550 1706 1586 ὑπερθαυμάστως
1728 1553 1801 1581 καθ’

996 1595 1117 1630 ἑκάστην
1133 1595 1362 1630 παρουσιάζεται.
1381 1597 1414 1622 Δί
1436 1596 1562 1624 τοιαῦται
1580 1598 1612 1633 δὴ
1630 1599 1706 1633 ὅμως
1731 1600 1799 1628 διά-

996 1649 1075 1676 φοροι
1102 1641 1216 1676 θεωρίαι
1234 1641 1266 1668 οὐ
1286 1641 1425 1677 διαιροῦσι
1442 1643 1473 1670 τὸ
1488 1643 1534 1671 τοῦ
1552 1644 1673 1680 Χριστοῦ
1694 1647 1795 1682 σῶμα,

995 1687 1064 1714 ἀλλά
1078 1687 1124 1714 διὰ
1139 1687 1234 1715 πασῶν
1247 1687 1276 1715 ἓν
1292 1688 1362 1722 ἐστι.

1032 1775 1166 1810 Δεύτερον
1181 1776 1329 1810 γινώσκειν
1355 1777 1491 1812 ὀφείλετε,
1521 1779 1561 1806 δτι
1589 1781 1698 1808 ¹[πάντων
1730 1783 1792 1810 τῶν

998 1822 1069 1856 ὑπὲρ
1086 1821 1166 1856 φύσιν
1182 1823 1332 1858 θαυμάτων
1343 1825 1495 1860 γινομένων
1513 1828 1588 1862 παρά
1607 1828 1686 1861 Θεοῦ,
1707 1831 1793 1858 οὐδέν

996 1870 1072 1896 ἐστιν
1099 1869 1326 1906 ὑπερφυέστερον
1351 1872 1400 1898 τοῦ
1420 1868 1573 1909 μυστηρῖου
1600 1874 1708 1907 τούτου,
1740 1877 1796 1904 καὶ

995 1914 1040 1941 διὰ
1057 1914 1138 1941 τοῦτο
1153 1915 1231 1943 οὐδὲν
1245 1917 1385 1951 ἀγνοεῖται
1401 1919 1480 1954 παρά
1496 1920 1552 1951 τοῖς
1571 1920 1689 1952 ἰδιώταις
1703 1922 1795 1950 πλέον

995 1959 1103 1993 τούτου,
1117 1961 1163 1987 καὶ
1178 1961 1207 1988 ἐν
1224 1962 1315 1988 οὐδενὶ
1327 1963 1497 1997 γυμνάζεται
1512 1964 1528 1999 ἠ
1540 1964 1602 1991 θεία
1616 1966 1663 1992 καὶ
1680 1967 1794 2004 ἀνθρω-

996 2008 1062 2041 πίνη
1079 2007 1162 2041 σοφία
1186 2007 1267 2034 πλέον
1281 2010 1388 2038 τούτου.
1409 2010 1458 2036 καὶ
1469 2009 1558 2036 οὐδενὶ
1573 2011 1631 2037 τῶν
1644 2014 1694 2047 τῆς
1710 2015 1792 2049 ἱερὰς

996 2052 1076 2087 ἡμῶν
1088 2053 1207 2085 πίστεως
1222 2054 1411 2087 ἀντιλέγουσιν
1424 2055 1448 2081 οἱ
1462 2054 1572 2083 ἄπιστοι
1588 2057 1637 2084 καὶ
1647 2059 1793 2094 αἰρετικοὶ

155 2106 214 2132 tici.
232 2104 339 2132 ideirco
354 2112 406 2132 nos
424 2105 573 2139 aliquando
590 2106 617 2133 iu
637 2105 739 2133 infelici
757 2106 872 2140 palatio,
898 2106 943 2134 die
957 2109 979 2137 ο
997 2100 1042 2133 μᾶῖ

1036 2100 1098 2126 λλον
1115 2100 1222 2126 τούτου.
1239 2099 1285 2126 Διὸ
1302 2102 1350 2126 καὶ
1366 2101 1448 2135 ἡμεῖς
1473 2110 1538 2128 ποτε
1556 2103 1585 2129 ἐν
1600 2103 1640 2139 τῷ
1659 2105 1792 2141 δυστυχεῖ

154 2159 317 2185 parasceves
347 2150 457 2185 Lazari,
487 2152 521 2179 de
552 2153 669 2188 mystico
698 2152 803 2180 Christi
834 2152 941 2179 Domini

154 2205 273 2232 corpore
295 2205 451 2226 sermonem
475 2198 635 2230 habuimus,
663 2206 756 2226 coram
776 2199 944 2233 imperatore

153 2249 180 2271 et
199 2249 310 2278 senatu,
327 2245 459 2280 urbisque
476 2245 667 2280 optimatibus,
692 2245 739 2280 qui
759 2248 827 2272 tunc
843 2245 944 2272 multas

153 2291 240 2319 servis
267 2291 370 2326 gratias
390 2293 554 2319 retulerunt.
590 2289 670 2318 Nunc
689 2290 812 2319 breviter
826 2294 854 2318 et
880 2297 943 2326 per-

154 2338 249 2372 Spicue
269 2338 303 2366 de
319 2338 414 2366 eodem
436 2338 519 2366 verba
535 2337 680 2366 faciemus.

188 2472 292 2501 Scitote
311 2472 406 2509 igitur,
424 2473 495 2500 inter
518 2471 565 2499 Dei
583 2471 717 2498 miracula
745 2472 863 2506 primum
894 2471 942 2499 illa

152 2521 242 2548 locum
257 2520 368 2552 habere,
387 2520 413 2546 in
438 2519 540 2553 quibus
570 2518 641 2546 ordo
669 2518 758 2546 solum
789 2524 817 2545 et
843 2518 943 2546 modus

152 2571 257 2594 natura:
270 2570 404 2596 mutatur,
421 2564 605 2600 efﬁciturque,
621 2565 669 2592 sed
686 2564 739 2591 alia
757 2564 812 2597 via,
829 2564 856 2592 id
869 2565 942 2600 quod

152 2613 275 2647 quotidie
295 2613 353 2639 lieri
372 2617 474 2647 potest.
495 2612 532 2638 Ita
560 2611 686 2639 inﬁrmos
704 2613 806 2640 multos
834 2612 943 2640 sanavit

152 2659 287 2686 Dominus
316 2658 419 2691 absque
447 2657 594 2689 medicina,
623 2661 653 2684 ut
671 2665 781 2685 socrum
807 2658 892 2690 Petri,
917 2652 961 2685 et~

150 2705 320 2733 centurionis
341 2711 481 2738 puerum:
505 2708 590 2738 atque
615 2704 641 2731 in
663 2704 749 2732 veteri
766 2704 944 2732 Testamento

151 2762 200 2788 per
216 2751 372 2779 Sumuclem
388 2755 414 2778 ct
428 2750 514 2777 Eliam
531 2751 713 2779 condensavit
730 2759 820 2779 aerem
835 2751 867 2778 ad
882 2751 942 2786 plu-

997 2145 1121 2180 παλατίῳ
1149 2145 1330 2181 ὡμιλήσαμεν
1356 2147 1427 2173 κατὰ
1450 2147 1502 2181 τὴν
1529 2149 1715 2187 Παρασκευὴν
1737 2154 1789 2180 τοῦ

995 2191 1124 2226 Λαζάρου
1142 2200 1173 2216 πε
1182 2192 1208 2225 ρ).
1234 2191 1286 2218 τοῦ
1298 2193 1430 2226 μυστικοῦ
1443 2194 1571 2228 σώματος
1584 2195 1631 2222 τοῦ
1647 2198 1787 2226 Δεσπότου

996 2239 1117 2274 Χριστοῦ
1134 2239 1251 2266 ἐνώπιον
1268 2241 1314 2267 τοῦ
1333 2241 1467 2276 βασιλέως
1490 2244 1537 2269 καὶ
1553 2244 1602 2278 τῆς
1631 2246 1788 2280 συγκλήτου

996 2286 1044 2311 καὶ
1060 2284 1115 2311 τῶν
1131 2284 1281 2320 ὲξαιρέτων
1297 2287 1346 2321 τῆς
1361 2288 1478 2320 πόλεως,
1493 2289 1540 2315 καὶ
1553 2289 1656 2321 πολλὰς
1671 2293 1785 2326 χάριτας

996 2331 1152 2366 ἀνήνεγκαν
1166 2332 1205 2366 τῷ
1221 2333 1317 2369 Κυρίῳ
1333 2334 1408 2367 τότε,
1426 2336 1474 2361 καὶ
1485 2335 1554 2371 ἡμῖν
1575 2338 1631 2368 τοῖς
1643 2341 1785 2371 ταπεινοῖς
1807 2351 1809 2360 ν

999 2377 1105 2409 δούλοις
1121 2379 1215 2406 αὑτοῦ.
1243 2378 1302 2406 Νῦν
1330 2380 1357 2406 δὲ
1374 2380 1508 2416 σύντομον
1532 2383 1581 2410 καὶ
1606 2384 1690 2418 σαφὲς
1721 2387 1785 2418 περὶ

995 2423 1092 2449 τούτου
1110 2423 1238 2458 λέγομεν.

1033 2469 1190 2496 Γινώσκετε
1210 2470 1257 2497 οὖν
1284 2471 1326 2497 ὅτι
1355 2472 1405 2506 τὴν
1430 2471 1544 2508 πρώτην
1573 2473 1651 2505 τάξιν
1670 2474 1699 2500 ἐν
1727 2475 1782 2506 τοῖς

996 2515 1120 2551 θαύμασι
1143 2516 1191 2543 τοῦ
1217 2516 1286 2543 Θεοῦ
1309 2517 1418 2552 ἔχουσιν
1434 2519 1537 2551 ἐκεῖνα,
1558 2519 1587 2546 ὲν
1611 2517 1652 2551 οἷς
1676 2521 1691 2555 ἡ
1711 2521 1783 2552 τάξις

997 2562 1078 2597 μόνον
1092 2562 1160 2589 καὶὸ
1173 2563 1274 2597 τρόπος
1289 2562 1338 2598 τῆς
1347 2562 1456 2597 φύσεως
1468 2566 1670 2599 μεταποιεῖται,
1679 2567 1781 2600 γίνεται

995 2609 1024 2635 δὲ
1040 2609 1158 2644 πρᾶγμα
1174 2609 1326 2643 δυνάμενον
1344 2609 1470 2643 γίνεσθαι
1487 2610 1551 2637 καθ’
1567 2611 1697 2646 ἑκάστην,
1716 2612 1781 2647 πλὴν

994 2656 1029 2683 δι’
1040 2656 1125 2686 ἄλλης
1140 2656 1201 2682 ὁδοῦ
1214 2666 1220 2672 ·
1239 2656 1334 2692 ῶσπερ
1351 2657 1448 2685 ἰάσατο
1461 2657 1578 2689 πολλοὺς
1594 2657 1754 2694 ἀρρώστους
1767 2660 1780 2686 ὁ

997 2703 1106 2738 Κύριος,
1118 2704 1198 2739 ἡμῶν
1217 2703 1301 2738 χωρὶς
1316 2703 1448 2740 ἰατρείας,
1465 2704 1503 2735 ὡς
1517 2704 1566 2738 τὴν
1580 2705 1714 2739 πενθερὰν
1731 2705 1775 2732 τοῦ

998 2750 1114 2785 Πέτρου,
1137 2750 1184 2776 καὶ
1206 2750 1252 2776 τὸν
1269 2750 1353 2778 παῖδα
1367 2751 1418 2777 τοῦ
1442 2751 1652 2787 ἑκατοντάρχου.
1686 2753 1740 2779 Καὶ
1755 2753 1781 2780 ἐν

150 2801 223 2827 \iam
244 2797 453 2831 demittendam,
479 2799 583 2834 absque
606 2799 660 2827 ulla
677 2800 728 2828 alia
749 2807 832 2828 causa
860 2804 942 2827 nat‘t-
961 2805 981 2833 D
997 2799 1030 2832 τῇ

1047 2797 1154 2832 ιιαλαιᾷ
1166 2798 1209 2824 διὰ
1221 2797 1268 2824 τοῦ
1279 2797 1408 2833 Σαμουὴλ
1420 2797 1524 2824 καὶτοῦ
1541 2797 1633 2824 Ἠλιοῦ
1643 2798 1781 2826 ὲπὺκνωτε

151 2847 202 2874 rati
219 2854 281 2880 ψη·
297 2845 416 2879 pluviam
434 2847 611 2881 produceret.

997 2843 1044 2869 τόν
1076 2842 1146 2877 ὰέρα
1168 2844 1234 2878 πρὸς
1252 2843 1330 2870 ὑετὸν
1358 2844 1442 2878 χωρὶς
1454 2843 1501 2869 τοῦ
1524 2843 1651 2878 γενέσθαι
1667 2846 1781 2880 φυσικήν

1001 2898 1064 2917 τινα
1081 2889 1197 2925 δύναμιν
1213 2890 1259 2917 καὶ
1275 2891 1367 2918 αἰτίαν
1376 2891 1423 2918 τοῦ
1439 2890 1557 2926 ὄμϐρου.
