1870 3058
18 161 67 191 3ῖ7

527 161 621 192 ΗΘΜ.
645 162 674 191 lI
691 162 741 191 DE
756 130 921 192 SACRXM.
938 161 1115 192 CORPORE
1135 161 1213 194 περ.

1625 163 1678 195 378

49 216 210 251 Δευτέρίιν
225 216 322 251 ἔχουσι
337 216 415 249 τάξιν
431 217 447 251 ὴ
463 216 612 248 ἀνάστασις
626 216 672 243 τοῦ
687 216 827 251 Λαζάρου,

920 217 1079 245 Secundum
1098 217 1190 245 locum
1204 217 1305 246 habent
1317 219 1441 254 quaedam
1456 220 1520 252 alia,
1537 225 1566 247 ut
1580 218 1677 247 Lazari

16 263 62 289 καὶ
76 263 95 296 ἡ
114 262 286 297 ἀνάϐλεψις
302 264 349 289 τοῦ
361 262 465 297 τυφλοῦ
477 271 484 279 ι
495 264 524 288 ὲν
541 262 649 294 τούτοις
664 263 720 296 γὰρ
734 262 764 289 τδ
781 262 831 298 μὲν

16 308 190 342 γινόμενον,
212 309 284 336 κατὰ
305 309 355 345 τὴν
369 309 450 343 φύσιν
475 309 534 335 ὲστί
548 316 555 324 ·
579 304 642 336 ὅσον
666 309 693 335 δὲ
708 309 777 344 πρὸς
799 309 832 335 τὸ

16 355 222 389 ὑποκείμενον
241 357 271 382 ὲν
299 353 321 389 ᾧ
344 355 460 389 γίνεται,
485 355 564 389 παρὰ
586 354 636 388 τὴν
653 354 736 389 φύσιν
760 353 830 381 ἐστι.

17 401 95 427 Ποιεῖ
119 401 188 437 γὰρ
209 401 260 428 καὶ
276 402 292 436 ἠ
319 401 400 435 φύσις
417 400 487 434 αὑτὴ
507 399 593 434 ζωὴν,
615 399 674 425 ἀλλ’
686 399 736 425 οὐκ
751 399 780 426 ὲν
793 399 832 434 τῷ

19 448 111 483 νεκρῷ
125 457 133 463 ·
154 448 213 475 καὶ
227 448 337 475 δίδωσιν
362 447 424 482 ὄψιν
439 448 456 481 ἡ
478 446 570 480 φύσις,
597 445 655 472 ἀλλ’
672 445 723 472 οὐκ
746 446 776 472 ὲν
792 445 832 480 τῷ

21 495 236 530 πεπηρωμένῳ
252 495 317 527 τοὺς
331 492 500 529 ὀφθαλμούς.

54 541 172 576 Τρίτην
189 541 285 576 ἔχουσι
303 541 380 572 τάξιν
395 540 426 567 τὸ
441 540 538 572 στῆναι
550 538 596 565 τοῦ
608 539 711 565 οίκείου
727 538 830 573 δρόμου

22 588 67 613 τὶν
84 587 189 622 ἣλιον,
218 588 232 614 δ
256 587 355 621 γέγονε
374 587 420 614 διὰ
451 585 540 621 Ἰησοῦ
556 585 605 612 τοῦ
625 585 703 620 Ναυῆ
715 593 722 600 ·
739 585 788 612 καὶ
802 584 833 612 τὸ

25 634 107 669 σῶμα
122 635 264 670 χωρῆσαι
283 634 328 661 διὰ
354 633 495 669 σώματος,
512 634 549 665 ὼς
577 634 591 660 ὁ
618 632 723 668 Κύριος
752 631 832 667 ἡμῶν

24 680 120 715 διῆλθε
136 681 201 708 τῶν
231 681 325 717 Θυρῶν
347 680 552 716 κεκλεισμένων
564 689 572 696 ·
588 679 678 707 ταῦτα
693 680 748 715 γὰρ
773 678 834 706 κατ’

27 728 125 754 οὐδένα
136 727 250 762 τρόπον
268 727 345 762 παρᾶ
361 727 411 762 τῆς
425 726 536 761 φύσεως
549 725 679 752 δύνανται
695 725 832 759 γίνεσθαι.

32 773 189 800 Ἐπέκεινα
206 774 236 800 δὲ
255 773 365 800 πάντων
381 773 487 800 τούτων
505 772 560 799 τῶν
574 771 752 806 θαυμασίων,
765 770 833 797 ἀλλὰ

28 819 74 845 δύο
89 820 149 846 εἰσὶ
162 819 298 855 θαύματα
310 819 439 854 μέγιστα,
452 818 499 844 καὶ
511 817 600 844 πάντα
612 817 691 851 λόγον
703 815 833 849 νικῶντα,

29 865 55 891 ἐν
76 865 129 900 μὲν
163 865 244 898 ἅπαξ
268 865 467 900 γεγενημένον,
493 864 538 890 ὅτε
576 863 625 898 τὴν
655 861 833 896 ἀνθρωπίνην

33 911 110 945 φύσιν
129 913 144 938 ὁ
164 911 236 944 Θεὸς
253 911 357 946 συνῆψε
375 911 413 946 τῷ
431 911 497 946 θείῳ
513 910 654 945 προσώπῳ
669 917 676 924 ·
691 909 787 944 ἕτερον
804 907 832 935 δὲ
847 901 870 931 Β

33 957 126 991 μεῖζον
142 957 258 988 τούτου,
280 957 328 983 καὶ
347 956 409 984 καθ’
427 957 536 992 ἡμέραν
549 955 704 990 γινόμενον,
724 953 827 980 ὅτιαύ-

33 1005 92 1030 τίκα
112 1003 290 1038 μεταϐάλλει
303 1003 352 1038 τὴν
369 1003 465 1029 οὐσίαν
485 1002 533 1029 τοῦ
558 1002 644 1037 ἄρτου
669 1001 710 1032 εἰς
722 1000 772 1036 τὴν
784 1000 831 1027 οὐ-

36 1051 92 1077 σίαν
115 1049 170 1077 τοῦ
191 1050 259 1077 ιδίου
278 1049 407 1084 σώματος
421 1051 435 1075 ὁ
462 1048 590 1084 Χριστὸς,
607 1048 655 1075 καὶ
669 1048 718 1083 τὴν
738 1046 833 1074 οὐσίαν

35 1097 78 1123 τοῦ
94 1097 174 1124 οἴνου
191 1098 233 1128 εἰς
250 1097 300 1132 τὴν
316 1096 412 1123 οὐσίαν
424 1096 474 1122 τοῦ
492 1095 559 1122 ίδίου
573 1095 700 1130 αἵματος.
722 1093 766 1120 Ἐν
783 1092 834 1128 μὲν

37 1143 87 1178 γὰρ
98 1142 140 1177 τῷ
159 1142 264 1177 πρώτῳ
281 1141 415 1176 ϐαύματι,
431 1141 562 1175 οὐδετέρα
579 1139 662 1174 φύσις
678 1138 832 1174 μετεϐλήθη

38 1189 103 1222 πρὶς
115 1188 170 1222 τὴν
184 1188 285 1223 ἑτέραν
298 1196 304 1204 ⁸
322 1187 380 1215 ἀλλ’
393 1187 422 1214 ὲν
434 1186 473 1222 τῷ
486 1186 533 1214 τοῦ
548 1185 668 1222 Χριστοῦ
681 1184 832 1221 προσώπῳ,

41 1234 84 1259 καὶ
96 1234 113 1268 ἡ
132 1233 235 1268 Θεότης
261 1233 309 1259 καὶ
326 1234 342 1268 ἠ
369 1232 551 1268 ἀνθρωπότης
570 1232 735 1266 ἀσυγχὺτως
752 1230 832 1258 εἰσίν.

45 1279 87 1304 Ἐν
104 1278 135 1305 δὲ
154 1278 246 1314 τούτῳ
272 1277 312 1313 τῷ
344 1277 491 1313 μυστηρίῳ
516 1276 548 1302 τὺ
572 1276 677 1311 κτίσμα
691 1275 761 1311 πρὸς
785 1275 832 1301 τὸν

43 1324 154 1358 κτίστην
171 1324 362 1360 μιτιιποιεῖται
382 1322 425 1350 διὰ
443 1323 527 1358 μέσου
539 1321 586 1348 τοῦ
601 1321 740 1356 σώματος,
756 1323 804 1347 καὶ
815 1320 832 1355 ἡ

43 1371 245 1405 προῦφεστῶσα
264 1370 312 1396 τοῦ
334 1369 417 1406 ἄρτου
432 1369 512 1396 οὐσία
529 1368 610 1404 σῶμα
625 1366 745 1403 Χριστοῦ
757 1367 833 1402 γίνε-

44 1425 85 1443 ται
97 1425 104 1432 ·
122 1417 173 1444 καὶ
190 1417 209 1453 ἡ
223 1416 274 1452 μὲν
289 1416 371 1443 οὐσία
385 1415 432 1442 τοῦ
454 1416 539 1450 ἄρτου
559 1414 772 1450 μεταϐάλλεται,
788 1414 833 1440 ἵνα

44 1464 69 1489 ὲν
85 1463 154 1498 ἡμῖν
168 1464 200 1490 τὸ
214 1462 366 1498 μυστήριον
382 1463 492 1497 ἐνεργῇ,
507 1462 556 1488 καὶ
569 1460 734 1495 συσσώμους
756 1460 831 1495 ἡμᾶς

46 1509 104 1544 ποιῇ
121 1509 170 1535 τοῦ
189 1508 324 1543 Χριστοῦ.
346 1508 380 1534 Ἡ
392 1508 420 1534 δὲ
433 1506 533 1540 ἔξωθεν
548 1506 669 1538 διάθεσις
684 1505 732 1532 τοῦ
747 1505 830 1540 ἄρτου

49 1555 118 1588 μένει
135 1555 219 1582 πάλιν
233 1555 249 1589 ὴ
266 1555 349 1589 αὑτὴ,
365 1553 597 1589 συγκαλύπτουσα
608 1553 657 1588 τὴν
673 1551 768 1591 ουσίαν
783 1550 830 1578 τοῦ

48 1584 179 1634 σώματος,
196 1584 249 1628 ἵνα.
263 1584 358 1635 μηδεῖς
375 1584 481 1633 ἴλιγγος
495 1599 571 1634 ἡμᾶς
582 1584 740 1633 κατασχὼν,
761 1599 833 1624 ἀπα·
846 1584 868 1615 C

48 1647 114 1683 γάγῃ
141 1648 192 1682 τῆς
215 1647 407 1682 μεταλήψεως.
434 1646 571 1679 Μέγιστον
595 1645 645 1680 μὲν
659 1643 706 1671 οὖν
723 1644 833 1670 πάντων

50 1693 97 1719 τῶν
115 1694 162 1720 τοῦ
176 1693 246 1720 Θεοῦ
267 1692 431 1727 θαυμασίων
449 1691 530 1719 τοῦτό
547 1692 607 1717 ἐστι
626 1691 657 1717 τὺ
670 1691 832 1725 μυστήριον,

52 1738 87 1764 διδ
100 1740 147 1766 καὶ
178 1738 291 1772 πολλὰς,
318 1738 356 1770 ὡς
380 1737 561 1773 προείπομεν,
591 1737 735 1768 ἐνστάσεις
762 1736 832 1770 πρὸς

50 1785 120 1812 τοῦτο
136 1785 259 1813 κινοῦσιν
284 1785 360 1812 ἐνθεν
378 1785 428 1820 μὲν
453 1784 576 1816 ἄπιστοι,
602 1783 680 1810 ἑνοεν
704 1783 733 1809 δὲ
757 1784 833 1818 αἱρε-

51 1833 125 1864 τικοὶ,
140 1832 218 1860 ἐνθεν
238 1833 266 1859 δὲ
287 1832 404 1865 ἰδιῶται,
427 1832 477 1858 οὐκ
503 1831 613 1866 ἔχοντες
638 1831 756 1866 συνορᾷν
788 1831 832 1857 τδν

51 1877 124 1912 λόγον
144 1878 192 1905 τοῦ
219 1878 383 1914 μυστηρίου,
400 1877 435 1910 Et;
462 1877 605 1910 ἐνστάσεις
630 1878 659 1904 ἐν
683 1877 778 1914 ἐκείνῃ
799 1879 831 1914 τῇ

51 1924 135 1959 ὁμιλίᾳ
156 1924 341 1959 διελυσάμεθα
353 1923 425 1951 τότε.

82 1971 110 1996 0i
129 1971 179 2005 μὲν
194 1970 249 2005 γὰρ
266 1969 356 1996 αὐτῶν
372 1969 516 2004 ἀποροῦσι,
544 1969 604 2001 πῶς
629 1969 658 1996 ἐν
673 1969 713 2004 τῷ
727 1977 831 2004 παραυ-

53 2016 107 2042 τίκα
123 2016 327 2052 μεταϐάλλεται
345 2017 360 2050 ἡ
379 2016 458 2043 οὐσία
474 2015 522 2042 τοῦ
535 2015 619 2050 ἄρτου
640 2015 688 2042 καὶ
704 2015 777 2041 οῐνου
793 2016 833 2047 είς

54 2060 94 2095 τὴν
106 2062 199 2088 οὐσίαν
215 2062 261 2088 τοῦ
282 2062 420 2097 σώματος.
438 2062 469 2087 0i
481 2061 510 2088 δὲ
525 2061 661 2097 ἀποροῦσι
680 2061 739 2092 πῶς
753 2062 834 2088 δυνα-

58 2107 96 2132 τόν
116 2109 175 2133 ἐστι
196 2108 246 2142 τῆς
269 2107 364 2138 οὐσίας
379 2106 426 2134 τοῦ
448 2108 533 2142 ἄρτου
558 2107 778 2143 μεταϐληθείσης
793 2108 833 2139 εις

55 2153 97 2186 τὴν
123 2155 219 2180 οὐσίαν
233 2153 281 2179 τοῦ
297 2153 436 2188 σώματος,
454 2154 547 2188 μένειν
577 2154 612 2180 τὰ
640 2153 834 2188 συμϐεϐηκότα

56 2198 95 2225 τοῦ
121 2201 215 2233 ἄρτου,
243 2200 328 2234 ἤγουν
346 2200 376 2226 τῦ
404 2201 491 2234 μῆκος
517 2199 613 2232 αὑτοῦ,
639 2200 670 2227 τὸ
695 2199 834 2234 pigmch

886 264 1066 297 resurrectio,
1086 268 1114 292 et
1136 264 1212 292 visus
1238 265 1264 292 in
1290 272 1363 292 caeco
1382 267 1541 298 restitutio;
1560 266 1587 293 in
1615 267 1677 294 istis

884 310 955 336 enim
974 310 1047 345 quod
1063 311 1106 344 lit,
1119 311 1270 338 secundum
1285 316 1410 339 naturam
1425 317 1488 345 est;
1505 313 1552 340 sed
1571 313 1678 340 ratione

883 355 975 383 habita
996 357 1030 383 ad
1060 357 1215 392 subjectum
1241 357 1268 384 in
1287 365 1342 392 quo
1365 358 1405 390 lit,
1430 362 1526 393 praeter
1549 363 1676 385 naturam

883 407 935 430 est.
955 402 1115 438 Ea-quippe
1141 405 1224 431 vitam
1246 404 1339 437 edicit,
1360 405 1407 432 sed
1425 413 1478 432 non
1498 405 1525 432 in
1548 410 1674 445 mortuo;

883 449 978 477 eadem
1001 450 1088 477 visum
1110 450 1167 483 dat,
1186 450 1235 478 sed
1249 459 1303 479 non
1320 451 1347 478 in
1363 451 1453 479 oculis
1469 451 1578 484 orbato.

920 537 1044 566 Tertium
1063 539 1151 566 locum
1178 539 1291 571 habent,
1317 546 1429 567 cursum
1446 539 1588 574 proprium
1607 540 1676 567 solis

886 585 997 618 sistere,
1016 586 1088 620 quod
1102 593 1150 620 per
1163 585 1258 614 Jesum
1278 586 1351 613 Nave
1367 586 1469 614 factum
1489 591 1532 613 est
1550 596 1557 614 :
1574 594 1678 620 corpus

885 639 933 666 per
949 631 1024 659 aliud
1041 639 1142 667 corpus
1159 637 1316 667 penetrare,
1334 636 1363 660 ut
1387 632 1454 660 fecit
1474 631 1604 660 Christus
1622 632 1676 659 Do-

885 678 986 710 minus,
1012 686 1074 705 cum
1096 686 1146 713 per
1167 679 1262 706 clausa
1288 680 1359 707 ostia
1391 679 1573 712 pertransivit
1594 687 1601 706 :
1620 681 1678 707 haec

885 723 958 751 enim
974 724 1051 751 nullo
1068 725 1151 752 modo
1176 732 1192 752 a
1210 731 1310 752 natura
1332 725 1405 753 efﬁci
1429 730 1554 759 possunt.
1583 724 1676 759 Longe

884 779 952 800 vero
977 779 1061 808 supra
1092 773 1186 800 omnia
1215 773 1274 800 haec
1302 773 1451 805 mirabilia,
1470 774 1526 801 duo
1555 774 1674 801 maxima

885 819 1021 846 miracula
1044 824 1121 851 sunt,
1147 827 1208 854 qua:
1237 820 1372 847 rationem
1396 826 1506 847 omnem
1534 825 1676 854 superam,

886 873 971 893 unum
990 867 1064 902 quod
1083 867 1166 894 semei
1187 866 1289 893 factum
1319 870 1370 897 est,
1398 866 1508 900 quando
1527 865 1675 893 humanam

885 915 1012 952 naturam
1028 911 1099 939 Deus
1111 911 1259 947 conjunxit
1275 911 1377 939 divinae
1393 919 1520 946 personae
1534 920 1542 941 ς
1557 911 1675 939 alterum

885 965 952 985 vero
962 957 1050 992 majus
1064 957 1250 991 illo,ctquod
1276 957 1401 993 quotidie
1423 957 1551 992 ellicitur,
1565 958 1677 993 quando

885 1003 978 1031 statim
995 1003 1124 1031 Christus
1143 1007 1313 1032 transmutat
1327 1004 1513 1032 substantiam
1546 1003 1627 1039 panis
1646 1003 1675 1030 in

884 1049 988 1084 proprii
1006 1049 1133 1084 corporis
1150 1049 1350 1081 substantiam,
1370 1054 1397 1076 et
1413 1048 1599 1077 substantiam
1620 1049 1675 1075 vini

885 1096 913 1122 in
945 1095 1128 1123 substantiam
1147 1095 1249 1130 proprii
1269 1095 1423 1130 sanguinis.
1446 1094 1474 1121 In
1487 1095 1575 1130 primo
1602 1095 1675 1121 enim

886 1141 1031 1175 miraculo,
1050 1146 1150 1168 neutra
1178 1142 1203 1168 in
1234 1141 1346 1168 alteram
1370 1145 1469 1168 natura
1493 1144 1698 1180 transmutata.

884 1192 926 1215 est
938 1195 946 1220 ;
958 1187 1006 1215 sed
1022 1188 1048 1215 in
1067 1187 1171 1215 Christi
1188 1195 1318 1223 persona,
1338 1193 1366 1216 et
1382 1187 1515 1215 divinitas
1532 1191 1557 1215 et
1577 1187 1676 1214 huma-

885 1234 957 1261 nitas
970 1238 1036 1261 suut
1051 1233 1210 1260 inconfuse.
1224 1233 1259 1260 At
1271 1233 1298 1261 in
1312 1234 1364 1261 huc
1379 1236 1554 1260 sacramento
1567 1235 1676 1259 creatu-

885 1280 953 1307 rain
967 1282 1127 1307 Creatorem
1145 1279 1372 1312 trausformatur,
1390 1279 1533 1307 mediante
1546 1285 1676 1313 corpore,

883 1330 910 1353 et
928 1325 1125 1360 praeexsistens
1142 1325 1223 1360 panis
1255 1325 1422 1358 substantia,
1441 1324 1549 1352 Christi
1574 1331 1676 1358 corpus

884 1371 1012 1399 eﬂlcitur.
1031 1371 1066 1399 Et
1087 1371 1247 1400 substantia
1263 1371 1374 1406 quidem
1402 1371 1482 1406 panis
1506 1374 1676 1398 transmuta-

884 1421 939 1451 tur,
959 1422 988 1445 ut
1005 1417 1032 1445 in
1050 1417 1141 1449 _nobis
1170 1422 1376 1446 sacramentum
1401 1421 1541 1452 operetur,
1570 1424 1677 1451 nosque

883 1471 1089 1500 concorporeos
1107 1464 1212 1492 Christi
1235 1463 1347 1491 emciat.
1364 1463 1493 1491 Exterior
1516 1470 1581 1490 vero
1598 1462 1677 1497 panis

886 1509 1022 1537 habitudo
1038 1515 1132 1538 manet
1148 1509 1330 1538 nihilominus
1347 1510 1455 1544 eadem,
1481 1514 1576 1545 tegens
1609 1508 1677 1536 sub-

886 1556 1022 1583 stantiam
1039 1556 1174 1590 corporis,
1189 1563 1223 1583 ne
1239 1559 1292 1589 qua
1308 1563 1358 1583 nos
1377 1555 1513 1584 haesitatio
1537 1555 1675 1586 detinens,

885 1608 900 1627 a
918 1601 1116 1628 communione
1128 1600 1266 1628 detrahat.
1290 1600 1439 1628 Maximum
1456 1601 1539 1636 igitur
1551 1600 1674 1635 omnium

884 1646 933 1674 Dei
948 1646 1116 1675 mirabilium
1138 1648 1243 1675 esthoc
1261 1652 1489 1680 sacramentum;
1515 1648 1586 1674 unde
1606 1648 1676 1675 mul-

885 1696 938 1726 tas,
960 1698 989 1720 ut
1013 1701 1095 1728 supra
1113 1693 1244 1726 diximus,
1264 1695 1396 1722 adversus
1417 1694 1485 1722 illud
1505 1694 1675 1729 objectiones

885 1743 995 1766 movent
1009 1740 1073 1767 hinc
1089 1740 1224 1772 inﬁdeles,
1238 1740 1315 1767 illinc
1329 1740 1458 1770 lucretici,
1479 1749 1511 1768 ex
1529 1741 1582 1767 alia
1598 1740 1677 1767 deni-

886 1792 939 1817 que
953 1789 1031 1818 parte
1047 1784 1293 1816 idiotarillitterati,
1308 1784 1382 1819 quod
1400 1784 1535 1811 rationem
1552 1785 1675 1819 mysterii

885 1831 1039 1866 perspicere
1052 1830 1143 1858 minus
1156 1831 1277 1862 valeant,
1297 1837 1366 1864 quas
1378 1830 1490 1864 quidem
1504 1830 1676 1865 obiectiones

885 1885 958 1904 nunc
972 1876 1105 1904 diluimus
1122 1876 1151 1904 in
1168 1876 1263 1904 eadem
1277 1875 1400 1903 homilia.

921 1970 1032 1997 Illorum
1062 1969 1174 2003 quidem
1201 1969 1328 1997 nonnulli
1363 1968 1508 2004 objiciunt,
1539 1968 1677 2003 quomodo

884 2017 911 2044 in
930 2020 1070 2044 momento
1093 2020 1296 2043 transmutatur
1317 2015 1471 2043 substantia
1486 2014 1565 2049 panis
1580 2018 1606 2041 et
1621 2013 1676 2040 vini

885 2063 913 2089 in
931 2062 1116 2090 substantiam
1132 2062 1270 2097 corporis.
1296 2061 1364 2093 Alii,
1382 2060 1521 2096 quomodo
1545 2059 1676 2093 possibile

885 2109 934 2142 sit,
962 2109 1118 2137 substantia
1140 2109 1220 2144 panis
1240 2112 1345 2135 mutata
1360 2109 1387 2135 in
1404 2107 1585 2135 substantiam
1611 2113 1676 2132 cor-

886 2155 972 2190 poris,
1002 2162 1117 2182 manere
1153 2154 1308 2183 accidentia
1343 2153 1433 2188 panis.
1463 2160 1562 2186 nempe
1587 2150 1676 2184 longi-

886 2203 1009 2229 tudinem
1027 2202 1097 2236 ejus,
1114 2201 1234 2236 pondus,
1254 2200 1436 2239 latitudinem,
1459 2199 1592 2230 colorem,
1608 2198 1675 2224 odo-

58 2246 156 2278 πλὰτος,
172 2246 201 2272 τὸ
218 2246 330 2281 χρῶμα,
341 2246 390 2280 τὴν
404 2246 502 2281 ὀσμὴν,
520 2246 567 2272 καὶ
582 2246 632 2281 τὴν
646 2247 675 2272 ὲν
688 2247 721 2281 τῇ
735 2246 831 2280 γεύσει

920 2256 956 2280 m.
973 2253 1001 2275 et
1019 2248 1046 2275 in
1063 2252 1146 2282 gustu
1176 2247 1348 2283 qualitatem,
1376 2244 1446 2272 adeo
1467 2248 1496 2271 ut
1522 2243 1674 2272 accidentia

59 2293 189 2327 ποιότητα,
213 2292 284 2318 ὥστε
314 2291 383 2318 εἶναι
407 2292 440 2319 τὰ
461 2291 658 2327 συμϐεϐηκότα
684 2292 732 2318 τοῦ
748 2293 832 2326 ἄρτου

59 2337 128 2369 χωρὶς
142 2337 190 2371 τῆς
203 2336 298 2367 οὐσίας
312 2335 358 2362 τοῦ
368 2336 463 2371 ἄρτου,
473 2337 522 2362 καὶ
533 2336 584 2372 τὴν
595 2336 727 2371 ἀληθινὴν
737 2337 833 2364 οὐσίαν

59 2382 96 2408 τοῦ
123 2383 247 2416 σώματος
275 2382 449 2418 κρύπτεσθαι
476 2384 505 2408 ὲν
524 2383 729 2418 συμϐεϐηκόσιν
749 2383 833 2418 ἄλλης

61 2428 150 2460 οὐςίας.
168 2429 277 2464 Ἐτεροι
301 2429 436 2465 ἀποροῦσι
463 2429 523 2461 πῶς
549 2429 664 2456 δυνατὸν
680 2429 740 2456 ὅλον
760 2428 831 2457 εἶναι

60 2474 95 2499 τδν
113 2475 228 2510 Χριστὸν
253 2478 283 2503 ὲν
313 2477 399 2511 μικρᾷ
420 2475 468 2503 τοῦ
496 2475 661 2511 φαινομένου
691 2477 832 2511 ποσότητι.

62 2520 139 2547 Ἀλλοι
163 2521 242 2549 πάλιν
266 2522 454 2550 διαπιστοῦσιν
483 2523 557 2554 ὅπως
575 2522 605 2549 τὸ
632 2522 681 2549 τοῦ
711 2522 832 2557 Χριστοῦ

63 2567 179 2598 μυστικὸν
195 2567 275 2602 σῶμα
290 2568 337 2595 καὶ
358 2568 529 2604 τεμνόμενον
543 2568 675 2604 ἀκέραιον
697 2568 831 2603 διαμένει,

62 2613 98 2636 καὶ
119 2612 171 2638 τῶν
198 2614 352 2648 τμημάτων
376 2613 504 2647 ἕκαστον,
527 2614 593 2640 αὐτὸ
617 2613 678 2640 ὅλον
701 2614 760 2640 ἐστὶ
784 2613 831 2641 τοῦ

62 2655 165 2690 Χριστοῦ
180 2659 259 2694 σῶμα
273 2661 320 2686 καὶ
333 2660 448 2688 τέλειον.
469 2660 630 2696 Ἀποροῦσιν
641 2660 743 2696 ἕτεροι,
757 2660 771 2688 ὃ
785 2661 831 2688 καὶ

65 2704 177 2739 μεγίστην
200 2705 258 2741 ἔχει
275 2707 404 2741 ἀπορίαν,
431 2707 489 2738 πῶς
515 2708 548 2734 τὸ
565 2708 633 2735 αὐτὸ
657 2708 698 2739 εις
727 2707 755 2734 ἓν
783 2707 831 2735 τοῦ

63 2748 165 2782 Χριστοῦ
181 2752 259 2788 σῶμά
270 2753 340 2786 ἐστι,
357 2754 405 2780 καὶ
418 2755 446 2780 ὲν
459 2754 578 2790 οὐρανῷ,
589 2755 638 2781 καὶ
650 2755 678 2781 ὲν
692 2754 832 2786 πλείστοις

64 2795 108 2829 ἅμα
123 2797 325 2834 θυσιαστηρίοις
343 2801 371 2826 ἐν
398 2802 446 2837 γῇ.
474 2801 557 2828 Ἀλλὰ
584 2801 687 2834 ταύτας
705 2801 756 2838 μὲν
783 2802 832 2832 τὰς

65 2841 164 2877 ἀπορίας
181 2845 228 2871 καὶ
249 2845 402 2882 λελύκιμεν
418 2848 488 2880 τότε,
511 2849 559 2875 καὶ
577 2848 717 2883 δυνάμεθα
743 2848 828 2881 λύειν,

65 2887 215 2924 ’ἰῇ-Χριστοῦ
232 2892 399 2927 φωτίσαντος
417 2895 490 2930 ἡμᾶς
505 2896 597 2931 χάριτι
611 2902 618 2910 '
641 2896 742 2930 μᾶλλον
764 2895 792 2923 δὲ
807 2895 830 2922 οἱ

885 2295 966 2330 panis
978 2295 1034 2323 sint
1051 2295 1155 2329 absque
1170 2293 1326 2322 substantia
1346 2292 1434 2327 panis.
1470 2296 1497 2318 ct
1520 2299 1583 2318 vera
1609 2292 1675 2318 sub.

889 2341 994 2369 stantia
1025 2341 1150 2376 corporis
1181 2339 1265 2367 lateat
1297 2340 1325 2366 in
1341 2337 1530 2366 accidentibus
1561 2338 1674 2364 alterius

885 2387 1059 2416 substantia.
1091 2386 1144 2413 Alii
1163 2390 1289 2421 quaerunt
1317 2385 1456 2419 quou‘iodo
1481 2383 1612 2419 possibile
1638 2383 1675 2410 sit

885 2438 970 2462 totum
985 2432 1126 2460 Christum
1142 2439 1204 2460 esse
1221 2431 1247 2458 in
1264 2430 1376 2457 minima
1389 2429 1463 2456 illius
1479 2428 1552 2464 quod
1567 2427 1674 2455 videtur

885 2480 1048 2515 quantitate.
1060 2478 1126 2512 Alii,
1141 2477 1279 2513 quomodo
1292 2484 1393 2511 corpus
1405 2475 1506 2503 Christi
1524 2474 1670 2510 mysticum

885 2535 933 2554 seu
965 2525 1176 2556 sacramentale.
1205 2523 1367 2554 dissectum,
1397 2525 1506 2548 mancat
1534 2522 1670 2555 integrum

886 2577 986 2603 tamen,
1004 2575 1031 2599 et
1046 2578 1217 2605 unaquaeque
1247 2568 1377 2604 particula
1396 2567 1432 2594 sit
1445 2574 1546 2601 corpus
1569 2565 1673 2593 Christi

884 2623 970 2646 totunt
985 2622 1065 2653 atque
1085 2616 1249 2652 perfectum.
1267 2615 1400 2649 Quaerunt
1417 2613 1474 2646 alii,
1493 2613 1565 2647 quod
1589 2610 1672 2641 etiam

886 2665 1034 2691 maximam
1060 2663 1247 2690 difﬁcultatem
1267 2662 1359 2693 habet,
1386 2660 1525 2696 quomodo
1550 2659 1620 2687 idem
1646 2664 1673 2687 et

885 2716 968 2734 unum
986 2706 1087 2735 Christi
1103 2714 1206 2741 corpus
1226 2707 1251 2733 in
1269 2707 1339 2735 coelo
1365 2710 1419 2738 est,
1445 2708 1471 2731 ct
1489 2705 1516 2732 in
1545 2704 1672 2739 plurimis

884 2741 965 2781 simul
977 2761 1061 2789 super
1078 2757 1180 2779 tcrram
1192 2752 1332 2779 altaribus.
1351 2751 1403 2779 Scd
1421 2751 1597 2779 dillicultatcs
1611 2751 1682 2779 illas

885 2806 911 2829 et
928 2805 993 2827 tunc
1003 2799 1148 2832 solvimus,
1171 2803 1197 2826 et
1211 2798 1317 2825 solvere
1346 2798 1496 2825 etiamnum
1514 2806 1673 2834 possumus.

885 2847 987 2875 Christi
1007 2846 1095 2881 gratia
1111 2853 1161 2872 nos
1185 2844 1376 2877 illuminantc;
1392 2844 1433 2871 vel
1450 2845 1543 2878 potius
1557 2853 1604 2872 eas
1618 2845 1674 2872 dis-

886 2894 997 2924 solvunt
1027 2891 1224 2927 sapientissimi
1247 2890 1375 2917 Ecclusiac
1407 2890 1549 2926 ductor-cs,
1580 2892 1682 2927 gratia;
