1870 3058
155 92 208 124 367
688 95 878 126 GENNADII
902 97 946 126 ep
983 98 1239 126 l’.-\TlllARCH/E
1757 93 1824 126 368

155 154 260 177 mntem
273 151 477 178 conﬁrmamus.
488 149 574 179 Omne
586 152 721 186 siquidem
743 161 842 187 corpus
859 154 944 181 exsis-

1040 165 1044 181 ι
1059 155 1148 189 λόγοις
1168 155 1218 190 τὴν
1244 154 1290 181 τοῦ
1308 154 1352 181 νοῦ
1380 154 1526 182 δυσκολίαν
1543 154 1820 190 παραμυθούμεθα·

155 200 216 223 t‘ens
232 196 350 231 quodam
379 197 404 223 in
433 197 502 230 loco,
517 201 520 203 ‘
537 198 625 232 ipsum
649 199 760 233 quidem
779 203 865 227 totum
896 201 944 227 toti

1043 211 1094 228 παν
1120 202 1170 237 μὲν
1187 203 1242 237 γὰρ
1261 202 1339 237 σῶμα
1362 202 1496 237 τυγχάνον
1514 201 1542 228 ἐν
1555 210 1609 229 τινι
1622 202 1717 238 τόπῳ,
1740 201 1823 228 αὑτό

155 247 394 270 commensuratur
409 243 481 276 loco,
500 248 527 270 ct
545 247 636 279 partes
661 245 734 272 illius
756 247 879 280 partitus
894 246 944 273 loci

1041 245 1108 273 ’ὅλον
1132 247 1185 282 ὅλῳ
1210 249 1410 283 συμμετρεῖται
1427 247 1465 283 τῷ
1488 248 1573 283 τόπῳ.
1595 248 1642 275 καὶ
1656 248 1694 275 τὰ
1717 247 1821 282 μόρια

155 289 356 322 attribuuntur,
372 295 398 317 ct
410 291 548 319 mediante
587 292 695 327 propria
726 293 878 326 quantitate
904 298 946 320 est

1040 294 1095 320 ima
1125 296 1182 326 τοῖς
1205 295 1253 322 τοῦ
1285 296 1368 322 τόπον
1390 295 1515 330 ,μέρεσιν
1543 294 1722 326 ἀποδίδοταιῃ
1760 293 1820 320 καὶ

156 334 182 361 in
196 335 268 363 loco.
278 335 345 363 Nam
373 337 469 364 essein
497 337 568 369 loco,
597 338 745 372 quantitati
763 338 870 373 proprie
881 345 946 366 con-

1040 341 1201 376 σιτευούσης
1213 341 1264 376 τῆς
1279 341 1347 373 ἰδίας
1361 341 1509 377 ποσότητός
1524 341 1599 367 ἐστιν
1613 341 1642 367 ὲν
1653 341 1695 376 τῷ
1712 340 1820 374 τόπῳ.

156 382 241 415 venit,
255 387 459 418 consequenter
477 384 560 411 etiam
575 383 736 412 substantiae
762 385 841 419 cujus
852 389 893 413 est.
902 393 947 413 ea-

1051 388 1105 423 γὰρ
1122 389 1150 415 ὲν
1164 388 1240 423 τόπῳ
1252 386 1322 415 εἶναι
1333 390 1366 424 τῇ
1379 388 1509 422 ποσότητι
1526 387 1628 423 κυρίως
1642 387 1818 421 προσήκει·

156 429 219 456 dem
236 429 388 463 quantitas.
407 428 496 464 Atque
511 429 574 457 inde
584 430 686 457 accidit
709 438 809 466 corpus
833 431 890 459 illic
901 440 946 459 so-

1040 435 1143 469 ομὲνως
1163 435 1191 461 δὲ
1211 435 1257 462 καὶ
1281 435 1313 470 τῇ
1331 435 1421 468 οὐσίᾳ,
1435 431 1469 469 ἦς
1496 435 1512 469 ἡ
1529 434 1642 469 τοιαύτη
1669 433 1820 466 ποσότης

158 476 214 502 lum
225 483 298 509 esse,
311 476 355 503 ubi
366 477 507 511 quantitas
525 476 586 512 ejus
598 481 626 505 et
639 477 826 506 dimensiones
844 478 947 512 reperi-

1040 480 1242 508 εί.Κόιντεῦθεν
1275 481 1421 515 συμϐαίνει
1452 481 1483 507 τὸ
1516 481 1595 515 σῶμα
1624 480 1683 507 ἐκεῖ
1717 479 1819 515 μόνον

159 527 252 551 untur.
265 523 438 556 lmpossibile
451 523 579 551 estenim
609 524 734 551 eamdem
765 525 946 558 quantitatem

1042 537 1080 561 αι,
1106 528 1174 555 ὅπου
1202 528 1218 563 ὴ
1245 528 1365 562 ποσότης
1393 527 1476 554 αὐτοῦ
1503 528 1550 554 καὶ
1573 527 1602 553 αἱ
1631 525 1820 556 διαστάσεις

159 568 286 602 pluribus
303 569 385 596 simul
395 569 612 599 commensurari
625 569 704 598 locis.
716 569 745 597 in
769 577 885 606 corpore
897 578 947 599 au-

1040 575 1186 602 οίσκονται.
1220 574 1364 601 Ἀδύνατον
1393 573 1421 600 δὲ
1451 572 1502 608 τὴν
1535 572 1622 608 αὐτὴν
1654 572 1819 605 ποσότητα

158 618 211 640 tem
224 613 325 642 Christi
343 621 386 642 res
396 622 449 642 non
462 615 499 642 ita
513 623 543 643 se
554 615 635 643 habet
659 624 667 644 :
693 616 803 645 exsistit
817 617 890 645 enim
918 618 946 646 in

1040 621 1106 647 είοσι
1134 619 1353 656 συμμετρεῖσθαι
1379 619 1474 651 τόποις
1501 619 1581 654 ὁμοῦ.
1601 619 1664 646 Ἐπὶ
1687 619 1726 646 δὲ
1761 618 1818 644 τοῦ

158 660 229 691 loco,
246 660 384 689 mediante
397 668 429 689 ea
444 662 601 696 quantitate
617 670 679 698 quae
707 664 769 698 pani
787 664 866 698 prius
884 665 946 692 ine-

1043 675 1130 704 ματος
1140 667 1188 694 τοῦ
1207 666 1327 702 Χριστοῦ
1349 666 1398 702 οὐχ
1414 666 1501 698 οὕτως
1516 667 1573 701 ἔχει
1586 674 1593 681 ·
1611 666 1670 692 ἔστι
1692 666 1764 700 γὰρ
1784 665 1818 690 ὲν

159 709 213 732 rat.
228 705 255 733 Si
266 713 332 734 vero
356 711 384 735 et
397 707 508 742 propria
527 709 668 742 quantitas
685 710 857 737 sanctissimi
886 718 946 738 cor-

1040 724 1075 751 τῳ
1099 714 1298 750 μεσιτευούςης
1322 714 1371 749 τῆς
1399 713 1562 749 ποσότητος,
1578 713 1626 740 καὶ
1655 713 1819 747 πρότερον

158 750 232 784 poris
254 751 474 787 inseparabiliter
490 753 542 788 ipsi
572 754 726 786 coexsistit,
746 759 947 790 consequenter

1040 761 1211 797 ιπαρχούσης
1226 761 1264 796 τῷ
1282 761 1366 796 ἄρτῳ.
1391 760 1423 787 Ει
1440 760 1468 787 δὲ
1486 760 1534 787 καὶ
1558 760 1574 795 ἡ
1600 759 1654 786 [δία
1672 759 1818 792 ποσότης

157 805 224 825 sane
234 802 261 826 et
269 798 407 827 mediante
418 799 584 833 substantia,
594 809 655 837 quae
666 803 725 830 sine
734 803 844 838 propria
858 810 946 838 quan-

1040 808 1046 833 i
1071 806 1206 841 παναγίου
1234 806 1363 842 σώματος
1379 806 1542 841 ἁχωρίστως
1558 805 1633 839 αὐτῷ
1655 804 1815 837 σύνεστιν,

688 95 878 126 GENNADII
902 97 946 126 (ΣΡ
983 98 1239 129 l’.-\TlllARCH/E

158 843 238 871 titate
252 843 408 873 subsistere
422 853 478 874 non
491 852 591 882 potest.
601 847 670 875 Cum
686 848 769 882 igitur
779 849 848 876 nihil
862 849 947 884 impe-

155 889 218 918 diat
235 890 388 925 quominus
400 892 494 920 multa:
510 894 679 929 quantitates
694 902 795 929 panum
813 896 947 924 exsistant

158 936 185 963 in
201 937 294 965 multis
303 937 450 971 altaribus,
468 939 531 967 inde
555 940 692 968 acciditet
724 941 827 969 Christi
846 949 947 976 corpus

155 990 244 1010 unum
256 992 371 1012 numero
385 985 413 1012 in
426 985 519 1013 multis
532 987 667 1015 exsistens
679 987 878 1022 quantitatibus
893 997 946 1016 non

156 1030 366 1066 Apropriisyillis
375 1032 561 1061 mediantibus
572 1033 600 1061 in
621 1034 714 1061 multis
736 1035 849 1070 reperiri
866 1035 946 1063 locis.

159 1078 215 1105 lloe
230 1078 456 1114 etiamexemplis
469 1080 636 1108 conﬁrmare
659 1080 725 1108 licet.
750 1081 848 1109 anima:
883 1090 948 1109 nos-

158 1129 217 1158 trze,
241 1132 315 1160 quae,
338 1133 401 1153 cum
412 1134 466 1162 per
479 1134 509 1154 se
521 1135 574 1155 non
589 1127 688 1156 habeat
702 1128 881 1163 quantitatem
893 1137 948 1164 qua

156 1173 555 1201 commensureturxcontinenti
565 1181 595 1202 se
605 1174 723 1209 corpori.
734 1178 789 1202 tota
800 1178 842 1202 est
852 1173 879 1202 in
891 1178 948 1202 toto

159 1224 187 1246 et
209 1220 325 1254 singulis
342 1221 466 1254 corporis
490 1220 626 1255 partibus.
639 1220 708 1248 Tum
720 1220 802 1248 etiam
811 1222 948 1250 sermonis

155 1273 234 1294 exem
241 1267 294 1301 plo,
306 1267 351 1301 qui
362 1268 419 1302 ipse
432 1272 459 1294 et
471 1275 669 1295 unusnumero
681 1273 771 1303 potest
780 1269 897 1297 interius
904 1277 948 1297 es-

159 1320 200 1346 se,
215 1312 282 1345 dici,
296 1313 386 1341 audiri
400 1318 428 1341 et
445 1314 548 1342 scribi:
568 1314 659 1343 dictus
674 1323 739 1342 vero
750 1315 808 1343 sive
827 1323 947 1351 pronun~

157 1359 253 1392 tiatus,
282 1359 340 1394 ipse
351 1359 433 1387 etiam
444 1367 459 1387 ει
471 1360 566 1388 multis
575 1361 657 1388 simul
673 1361 768 1389 auditu
782 1362 943 1397 percipitur.

157 1404 292 1433 Praeterea
307 1406 434 1441 exemplo
446 1407 523 1440 solis,
538 1407 617 1443 cujus
647 1408 739 1437 lumen
768 1413 844 1436 extra
863 1413 890 1437 et
908 1409 948 1436 in-

158 1458 200 1478 tra
211 1452 322 1479 domum
338 1452 459 1481 illustrat
488 1458 572 1490 etper
587 1454 687 1482 vitrum
719 1459 875 1490 penetrans,
906 1456 949 1483 in-

999 854 1057 881 ἁλλ*
1073 853 1213 889 ἑπομένως
1235 854 1284 879 καὶ
1305 852 1354 887 τῆς
1379 852 1474 883 οὐσίας
1495 851 1707 886 μεσιτευούσης,
1741 851 1816 887 ἥτις

999 901 1063 928 ἄνευ
1082 899 1149 932 ἰδίας
1171 899 1323 935 ποσότητος
1339 898 1490 933 ὑφεστάναι
1515 898 1545 924 οὐ
1572 898 1699 925 δύναται.
1721 897 1816 924 Ἐπεὶ

998 947 1088 973 τοίνυν
1103 945 1180 973 οὐδὲν
1200 945 1300 972 κωλύει
1317 944 1417 976 πολλὰς
1433 941 1505 970 εἷναι
1523 943 1676 978 ποσότητας
1702 943 1815 978 ἄρτων

998 994 1028 1019 ὲν
1053 992 1161 1025 πολλοῖς
1186 992 1405 1027 θυσιαστηρίοις,
1422 990 1550 1017 ἐντεῦθεν
1573 989 1725 1025 συμὸαίνει
1758 990 1814 1016 καὶ

998 1040 1028 1066 τὸ
1042 1039 1089 1066 τοῦ
1107 1038 1227 1073 Χριστοῦ
1251 1037 1331 1073 σῶμα
1354 1037 1385 1064 τὸ
1404 1037 1487 1064 αὑτὸν
1500 1036 1611 1072 ἀριθμῷ
1628 1037 1656 1063 ἐν
1669 1036 1814 1063 πλείοσιν

978 1096 984 1105 ι
999 1086 1124 1122 ὑπάρχον
1148 1084 1298 1120 ποσότησιν
1323 1084 1373 1111 οὐκ
1389 1083 1481 1115 ἰδίαις,
1502 1083 1607 1110 τούτοιν
1631 1092 1814 1118 μεσιτευου-

1000 1133 1054 1160 σῶν
1071 1133 1100 1160 ἐν
1125 1132 1234 1163 πολλοῖς
1253 1131 1432 1166 εὑρίσκεσθαι
1460 1130 1566 1161 τόποις.
1580 1129 1684 1156 Τούτου
1702 1129 1737 1156 δὲ
1756 1130 1813 1156 καὶ

999 1179 1205 1216 παραδείγμασι
1223 1177 1336 1205 δυνατόν
1349 1177 1409 1203 ἑστι
1426 1176 1545 1212 χρῆσθαι
1558 1184 1564 1190 ·
1580 1177 1613 1211 τῇ
1626 1175 1654 1202 δὲ
1667 1175 1812 1211 ἡμετέρᾳ¹

999 1227 1084 1262 ψυχῇ,
1101 1227 1163 1261 ἥτις
1186 1224 1231 1252 διὰ
1245 1224 1276 1251 τὺ
1293 1223 1330 1259 μὴ
1345 1223 1417 1258 ἔχειν
1436 1223 1574 1257 ποσότητα
1593 1222 1656 1249 καθ’
1670 1222 1771 1256 αὐτὴν

1000 1272 1187 1308 συμμετροῖτο
1206 1271 1240 1298 ἂν
1265 1270 1303 1305 τῷ
1319 1270 1475 1305 περιέχοντι
1494 1269 1613 1303 σώματι,
1629 1269 1677 1303 ὕλη
1692 1268 1749 1295 καὶ
1774 1269 1808 1295 ἔν

999 1321 1053 1356 ὅλῳ
1079 1319 1127 1346 καὶ
1152 1319 1180 1345 ὲν
1204 1318 1314 1351 ἑκάστῳ
1342 1316 1429 1352 μορίῳ
1452 1315 1500 1343 τοῦ
1520 1315 1647 1350 σώματος
1673 1315 1807 1349 πέφυκε.

999 1367 1054 1394 Καὶ
1070 1367 1110 1393 ἑτι
1124 1365 1163 1401 τῷ
1185 1365 1267 1400 λόγῳ,
1281 1365 1311 1395 ὃς
1337 1365 1351 1390 ὁ
1375 1363 1457 1395 αὐτὸς
1479 1362 1527 1390 καὶ
1550 1359 1590 1394 εἷς
1607 1361 1738 1397 ἀριθμῷ,
1755 1362 1811 1388 καὶ

999 1412 1153 1444 ὲνδιάῦετος
1173 1409 1244 1438 εἶναι
1259 1410 1384 1443 δύναται,
1399 1409 1446 1436 κα)¹
1462 1408 1621 1443 λεγόμενος,
1631 1408 1679 1434 καὶ
1695 1407 1811 1434 ἀκουό-

1001 1467 1082 1494 μενος
1096 1458 1143 1484 καὶ
1157 1457 1332 1492 γραφόμενος
1347 1465 1354 1472 ·
1368 1457 1416 1483 καὶ
1435 1455 1449 1481 ό
1463 1454 1612 1488 λεγόμενος
1624 1453 1652 1480 δὲ
1669 1453 1698 1484 δς
1715 1453 1773 1479 καὶ
1790 1452 1806 1479 δ

157 1498 244 1525 terius
257 1506 316 1526 eam
334 1498 477 1533 illuminat,
491 1499 561 1527 idem
592 1500 674 1528 simul
703 1501 849 1535 exsistens,
861 1506 889 1529 et
904 1509 947 1531 ne.

1040 1502 1081 1534 τὸς
1095 1502 1191 1533 ἀκοαῖς
1207 1500 1441 1537 περιλαμσὰνεται
1458 1499 1579 1527 πλείοσι.
1597 1498 1670 1533 Πρὸς
1684 1498 1807 1529 τούτοις

155 1553 210 1579 que
223 1553 238 1572 a
255 1545 357 1580 seipso,
376 1554 427 1573 nec
440 1554 454 1573 a
474 1546 532 1575 sole
545 1553 713 1582 separatum.
726 1548 779 1576 Sed
800 1554 827 1577 et
838 1549 944 1583 species

155 1592 182 1618 in
200 1592 329 1620 omnibus
345 1597 387 1621 est
402 1597 429 1620 et
440 1593 628 1628 singularibus
652 1593 813 1628 individuis,
825 1594 945 1622 ubicun-

157 1647 210 1674 que
227 1639 272 1668 illa
283 1640 350 1672 sint,
366 1648 427 1668 cum
444 1644 535 1668 tamen
552 1640 609 1668 una'
630 1649 745 1669 numero
759 1642 805 1675 sit,

999 1549 1039 1584 τῷ
1051 1548 1098 1575 τοῦ
1110 1548 1186 1584 ἡλίου
1199 1547 1269 1583 φωτὶ
1280 1547 1309 1574 ἓν
1326 1556 1356 1574 τε
1372 1546 1411 1582 τῷ
1427 1545 1480 1578 ἔξω
1497 1545 1546 1580 τῆς
1562 1544 1650 1575 οἰκίας
1663 1544 1809 1578 διαφανεῖ

999 1596 1048 1623 καὶ
1061 1595 1135 1622 ἔνδον
1153 1595 1240 1630 αὐτῆς
1254 1603 1262 1611 ·
1278 1595 1325 1621 καὶ
1342 1595 1371 1621 ἐν
1394 1595 1427 1628 τῇ
1449 1593 1519 1628 ύέλῳ
1545 1592 1574 1618 δὲ
1591 1591 1649 1618 δντι
1663 1591 1699 1618 δι’
1716 1588 1756 1627 ἧς
1771 1590 1806 1617 τδ

1000 1641 1057 1676 φῶς
1084 1641 1159 1668 ἔνδον
1184 1641 1234 1675 τῆς
1263 1640 1352 1672 οἰκίας
1375 1639 1506 1674 διαφανὲς
1534 1637 1731 1671 καταλάμπει·
1759 1635 1805 1669 τῷ

158 1686 233 1721 αὐτῷ
261 1686 291 1713 δὲ
317 1686 392 1722 ὅμως
417 1686 591 1721 τυγχάνοντι,
608 1687 654 1714 καὶ
679 1687 741 1722 μήθ’
757 1687 856 1715 ἑαυτοῦ
874 1688 944 1723 μήτε
959 1686 1007 1714 τοῦ
1026 1687 1101 1723 ἡλίου
1128 1687 1319 1722 χωριζομένῳ.
1345 1686 1429 1713 Ἀλλὰ
1451 1686 1506 1723 μὴν
1529 1686 1576 1714 καὶ
1593 1685 1623 1712 τὸ
1654 1683 1728 1717 εἶδος
1771 1685 1804 1723 ἐν

160 1732 244 1760 πᾶσίν
273 1732 330 1759 ἐστι
352 1733 409 1764 τοῖς
433 1732 510 1764 ἰδίοις
536 1733 659 1769 ἀτόμοις,
683 1734 808 1769 ὅπουπερ
840 1734 872 1761 ἂν
899 1733 942 1769 είη
961 1733 1058 1766 ταῦτα,
1076 1733 1105 1760 ἓν
1125 1733 1154 1760 ὃν
1170 1733 1290 1769 ἀριθμῷ.

195 1781 288 1809 Multis
308 1780 441 1816 ejusmodi
479 1781 613 1817 exemplis
636 1782 835 1809 dubitationem
863 1782 947 1810 menti

158 1829 283 1856 obortam
305 1828 444 1863 depellere
471 1835 620 1863 possumus
642 1837 649 1856 :
673 1836 766 1856 verum
791 1828 891 1856 suﬁicit
919 1833 947 1855 ut

157 1875 313 1903 indubitata
344 1873 397 1902 ﬁde
424 1873 462 1901 ita
488 1874 653 1905 sentiamus.
682 1879 712 1902 et
729 1882 761 1902 ea
777 1874 834 1901 sola
849 1874 948 1901 conﬁr-

158 1923 236 1954 mati,
263 1920 452 1956 perfunctorie
482 1920 598 1956 reliquis
622 1920 786 1955 adjiciamus
810 1920 945 1948 animum.

159 1969 248 2005 Hujus
268 1969 341 1998 enim
371 1969 536 1997 sacramenti
550 1969 622 2005 quod
641 1968 851 2005 supernaturale
865 1972 908 1995 est
921 1970 947 1994 et

160 2017 329 2052 prodigium,
359 2015 432 2051 quod
458 2016 565 2052 reliqua
587 2016 680 2044 omnia
707 2016 788 2050 longo
803 2013 947 2041 intervallo

159 2069 283 2099 eruperat,
321 2070 446 2098 quaenam
488 2062 608 2090 humana
639 2062 710 2089 ratio
742 2061 817 2089 reddi
845 2065 946 2096 potest,

162 2114 210 2136 erit
236 2109 308 2144 quod
344 2109 497 2144 exemplum
521 2117 554 2137 ex
580 2109 663 2136 rebus
691 2106 865 2134 naturalibus
898 2106 946 2133 de-

161 2159 300 2189 sumplum
329 2155 417 2182 eidem
442 2155 641 2183 convenienter
659 2152 862 2180 accouuuodari
886 2151 947 2179 ?At

159 2209 220 2236 ego,
257 2201 377 2234 inquies,
403 2201 565 2237 persuaderi
591 2207 647 2228 non
670 2207 781 2235 pOssmu
801 2200 948 2234 :exempla
966 2195 987 2222 Ι)

160 2249 234 2274 enim
263 2253 289 2275 (ιι
315 2249 436 2276 rationes
462 2248 543 2275 tidem
561 2251 872 2282 prmsuppoanntmgo
900 2254 948 2273 au-

162 2300 216 2321 Icm
231 2294 466 2322 demmlstrationc
481 2294 591 2328 indigeo
604 2301 610 2320 :
627 2293 739 2320 credere
752 2299 807 2320 non
823 2299 945 2327 possum.

162 2339 214 2367 Sed
230 2344 317 2374 potes,
336 2341 447 2375 inquam
459 2347 520 2374 ego,
539 2338 663 2372 credere,
677 2338 700 2366 si
717 2339 758 2366 ris
775 2348 783 2371 ,-
801 2347 862 2365 nam
882 2337 948 2364 lides

162 2387 315 2414 voluntaria
344 2391 386 2414 cst
410 2385 494 2413 animi
514 2385 674 2413 consensio.
705 2385 782 2418 Quod
813 2385 834 2412 si
863 2384 945 2415 nolis.

159 2442 203 2461 res
230 2435 308 2462 aliter
340 2441 370 2461 se
401 2433 521 2464 habebit,
546 2432 654 2459 etiarnsi
683 2433 765 2459 nolis.
796 2430 855 2458 Non
889 2438 948 2457 cre-

161 2482 208 2509 des
233 2481 366 2509 assercnti
384 2479 458 2515 quod
483 2486 515 2505 cx
546 2483 616 2506 terra
648 2479 750 2507 ferrum
783 2479 839 2510 ﬁat,
869 2479 947 2511 longe

161 2527 289 2554 lurlnssis
313 2527 347 2553 ab
374 2524 511 2560 ejusmodi
542 2525 661 2551 artilicio
679 2528 809 2555 remotus,
824 2531 851 2550 ct
878 2523 946 2550 illud

160 2575 292 2608 ignorans
316 2582 323 2600 :
351 2579 440 2606 neque
469 2571 542 2606 quod
570 2580 602 2599 ex
622 2573 732 2599 cinerea
755 2571 872 2605 quadam
892 2579 949 2597 ma-

162 2620 228 2646 teria
263 2619 364 2645 vitrum
390 2617 447 2647 ﬁat,
475 2617 539 2651 quia
567 2616 693 2644 fortassis
723 2624 863 2651 nunquam
883 2617 948 2643 dum

161 2664 212 2692 ista
241 2664 309 2690 liunt
338 2662 521 2695 intervenisti,
555 2670 644 2696 neque
667 2662 794 2689 sensibus
825 2663 948 2695 corporis

160 2711 218 2738 luec
251 2708 408 2744 percepisti,
443 2714 525 2743 atque
561 2708 597 2735 ita
627 2708 660 2735 de
688 2708 761 2736 aliis.
799 2709 856 2744 Ego
882 2716 947 2736 vero

163 2755 394 2785 ostendam/tibi,
430 2755 502 2790 quod
525 2756 610 2782 multa
628 2755 733 2784 credas.
764 2763 825 2790 qua:
855 2756 948 2782 videre

162 2811 217 2830 non
244 2807 331 2837 potes.
357 2801 452 2830 Credis
470 2810 501 2829 ex
518 2807 637 2835 quatuor
662 2803 806 2830 clementis
820 2808 947 2830 constare

158 2856 258 2883 corpus
276 2852 351 2875 tuum
367 2856 373 2882 ;
395 2848 442 2877 sed
460 2857 514 2876 non
527 2849 602 2877 vides
618 2849 691 2884 quod
707 2857 738 2878 ex
760 2849 856 2878 iisdem
873 2857 947 2878 C0lll-

1040 1782 1095 1808 Καὶ
1111 1781 1218 1813 πολλοῖς
1232 1781 1367 1813 τοιούτοις
1378 1781 1584 1817 παραδείγμασι
1601 1781 1650 1817 τὴν
1670 1781 1803 1816 ἀπορίαν

999 1827 1048 1855 τοῦ
1088 1827 1135 1855 νοῦ
1171 1827 1399 1864 παραμυθεῖσθαι
1428 1828 1590 1863 δυνάμεθα’
1623 1827 1683 1855 ἀλλ’
1710 1827 1804 1863 ἀρκεῖ

1001 1875 1072 1911 μετὰ
1088 1875 1210 1907 πίστεως
1226 1875 1391 1903 ἀδιστάκτου
1409 1874 1490 1902 τοῦτο
1513 1876 1623 1910 φρονεῖν
1640 1875 1689 1902 καὶ
1704 1875 1803 1909 ταύτῃ

1001 1922 1071 1958 μόνῃ
1088 1922 1302 1959 βεδαιουμένους
1318 1922 1403 1949 τᾶλλα
1418 1922 1456 1954 ὡς
1471 1923 1499 1948 ἑν
1512 1922 1645 1957 παρέργῳ
1664 1922 1800 1948 σκοπεῖν.

1005 1969 1162 2005 ’Υπερφυεῖ
1175 1969 1230 2005 γὰρ
1241 1969 1299 1996 δντι
1313 1968 1352 2004 τῷ
1367 1968 1512 2005 μυστηρίῳ
1523 1968 1572 1994 καὶ
1584 1967 1724 2002 τεραστίῳ
1741 1966 1801 1992 πᾶν

1002 2017 1114 2044 νικῶντι
1130 2017 1285 2051 τεράστιον,
1310 2015 1352 2046 τίς
1367 2014 1400 2041 ἂν
1417 2013 1565 2046 ἀποδοθείη
1586 2012 1666 2046 λόγος
1686 2012 1802 2048 ἀνθρώ-

1002 2073 1093 2096 πινος,
1114 2064 1131 2098 ἢ
1155 2063 1182 2089 τί
1202 2063 1236 2090 ἂν
1261 2062 1371 2093 οἰκείως
1399 2061 1432 2087 lx
1446 2059 1501 2085 τῶν
1528 2058 1653 2093 φυσικῶν
1669 2059 1801 2095 ὲφαρμου

1003 2111 1082 2146 σθείη
1104 2110 1301 2144 «modosque;
1327 2106 1398 2133 ’Λλλ¹
1423 2105 1454 2132 ού
1478 2105 1609 2140 δύναμαι,
1637 2105 1716 2140 φησὶ,
1735 2106 1800 2132 nam"

1002 2157 1116 2184 θεοθαι·
1143 2155 1177 2182 τὰ
1207 2154 1257 2189 μὲν
1284 2152 1497 2188 παραδείγματα
1513 2151 1560 2178 καὶ
1586 2151 1611 2177 οἰ
1636 2151 1712 2185 λόγοι
1745 2152 1798 2187 τὴν

1005 2203 1099 2229 πίστιν
1120 2199 1369 2236 προῦποτιθὲασιν,
1390 2197 1446 2233 ἐγὼ
1461 2197 1489 2224 δὲ
1505 2197 1671 2229 ἀποδείξεως
1684 2197 1796 2233 δέομαι,

1004 2249 1147 2276 πιστεύειν
1163 2247 1192 2274 δὲ
1216 2247 1247 2274 οὐ
1263 2245 1394 2280 δύναμαι.
1420 2244 1501 2272 ’Δλλὰ
1517 2244 1595 2279 δύνῃ.
1624 2244 1670 2270 ἐὰν
1685 2244 1796 2280 ἐθέλῃς,

1005 2295 1147 2322 πιστεύειν
1157 2302 1163 2310 ·
1180 2293 1272 2325 πίστις
1289 2293 1344 2328 γάρ
1356 2293 1431 2319 ἐστιν
1445 2292 1570 2322 ἑκούσιος
1584 2290 1674 2325 ψυχῆς
1687 2298 1796 2324 συγκα-

1003 2342 1125 2373 τάθεσις.
1147 2341 1211 2368 Ἐὰν
1222 2340 1250 2367 δὲ
1267 2339 1305 2374 μὴ
1324 2338 1417 2374 Θέλῃς,
1432 2338 1512 2369 ἄλλος
1524 2337 1557 2364 ἂν
1578 2338 1620 2371 εἴη
1640 2337 1728 2370 λόγος,
1747 2335 1795 2362 ἐὰν

1006 2390 1043 2424 μὴ
1061 2387 1153 2423 θέλῃς.
1170 2386 1232 2413 Οὐδ’
1251 2387 1292 2413 ὅτι
1308 2386 1340 2412 ὲκ
1354 2385 1407 2420 γῆς
1422 2384 1529 2418 γίνεται
1545 2383 1666 2418 σίδηρος,
1679 2381 1790 2408 πιστεύ-

1005 2443 1063 2466 σεις
1072 2434 1110 2468 τῷ
1126 2434 1246 2468 λέγοντι,
1259 2432 1326 2463 ἴσως
1343 2431 1439 2467 πόρρω
1454 2430 1504 2464 τῆς
1515 2429 1644 2463 τοιαύτης
1659 2428 1791 2464 ἐργασίας

1004 2481 1161 2516 τυγχάνων,
1178 2480 1226 2506 καὶ
1249 2479 1299 2505 οὐκ
1313 2477 1403 2509 εἰδὼς,
1418 2476 1475 2503 οὐδ’
1489 2476 1528 2502 ὅτι
1553 2475 1586 2502 ἐκ
1601 2484 1674 2505 τινος
1689 2473 1791 2510 τεφρώ-

1004 2527 1067 2558 διιυς
1080 2526 1149 2560 ὕλης
1162 2527 1176 2552 ό
1188 2525 1265 2555 ὓελος
1275 2525 1319 2551 διὰ
1331 2524 1360 2550 τὸ
1375 2523 1412 2558 μὴ
1425 2523 1632 2558 παραγενέσθαι
1644 2521 1707 2548 ποτὲ
1720 2529 1791 2555 γινο-

1006 2573 1110 2608 μένοις,
1124 2572 1193 2606 μηδὲ
1211 2571 1382 2606 σωματικαῖς
1396 2569 1540 2604 αἰσθήσεσι
1555 2568 1642 2595 ταῦτα
1657 2568 1729 2600 ἰδλῖν,
1742 2567 1788 2593 καὶ

1003 2618 1120 2644 ἐπὶτῶν
1150 2617 1240 2644 ἄλλων
1264 2617 1378 2651 ὁμοίως.
1413 2615 1485 2650 Ἐγὼ
1505 2615 1533 2642 δὲ
1562 2615 1643 2646 δείξω
1670 2623 1721 2645 σοι,
1749 2613 1788 2639 ὄτι

1005 2665 1091 2691 πολλὰ
1105 2664 1247 2696 πιστεύεις
1269 2663 1287 2691 ἃ
1304 2663 1415 2699 βλέπειν
1435 2663 1466 2689 οὐ
1493 2661 1570 2698 δύνῃ.
1600 2659 1741 2691 Πιστεύεις
1755 2659 1786 2685 ὲκ

1003 2710 1057 2736 τῶν
1089 2709 1231 2744 τεσσάρων
1262 2706 1333 2735 εἶναι
1361 2708 1503 2743 στοιχείων
1525 2705 1555 2732 τὸ
1577 2705 1658 2740 σῶμα
1678 2705 1708 2731 τὸ
1733 2705 1784 2733 σὴν.

1003 2757 1061 2784 ἀλλ’
1078 2757 1108 2782 οὐ
1137 2756 1249 2791 βλέπεις
1267 2755 1333 2783 αὐτὸ
1354 2754 1549 2789 συντιθέμενον
1566 2752 1595 2784 ἐξ
1616 2752 1705 2778 αὐτῶν
1719 2759 1725 2766 ·
1743 2758 1785 2776 πι-

1005 2802 1112 2834 στεύεις
1128 2802 1174 2828 τὸν
1190 2801 1236 2828 σὺν
1260 2802 1430 2836 πρόπαππον
1445 2801 1492 2827 καὶ
1511 2798 1671 2825 ὲπίπατιπον
1686 2795 1790 2823 τοιούσ-

1004 2848 1030 2874 δε
1054 2847 1206 2883 γεγονέναι,
1222 2847 1279 2874 ἀλλ’
1292 2847 1342 2874 οὐκ
1365 2844 1435 2880 εἶδες
1448 2846 1564 2877 αὐτούς·
1583 2843 1721 2876 πιστεύεις
1741 2840 1790 2868 «in
