1870 3058
66 136 134 167 369

65 195 236 226 ὠκεανὸν
250 201 426 235 περικλύζειν
444 201 492 238 τήν
512 202 573 237 γῆν·
588 203 728 235 πιστεύεις
741 203 780 238 τῷ
796 203 904 238 λέγοντι
921 208 944 236 Α

66 244 127 270 τὸν
151 246 255 280 ἥλιον
269 248 411 283 ἐκλείψειν
426 249 487 276 ὅλον
502 249 519 284 ἢ
538 249 585 276 τὸν
609 250 697 284 ἡμίση
720 251 791 285 μετὰ
807 251 907 277 τοσαύ-

68 300 133 323 τας
154 293 287 329 ἡμέρας
302 296 350 321 καὶ
365 295 452 331 ὥρας,
468 296 526 322 ἀλλ’
543 296 594 323 οὐκ
609 294 679 328 εῖδες
702 296 783 330 αὐτὰ,
798 296 906 332 ἢοῦπω

69 338 253 373 ἑώρακας.
267 341 299 368 Εἰ
317 341 346 368 δὲ
361 343 418 374 τοῖς
431 342 518 369 ταῦτα
535 342 689 377 ἱστοροῦσιν
708 343 844 374 ἀποδίδως
856 343 907 378 τὴν

74 386 221 420 tiatur,
243 389 320 423 πόσῳ
334 389 403 420 Θεὸς
423 389 649 424 ἀξιοπιστότερος
671 389 826 425 ἀνθρώπων
851 390 906 416 τῶν

72 433 195 459 ταῦτα.
209 434 400 469 διηγουμένων
411 435 510 469 λέγων⁹
522 436 576 468 ὅτι,
592 434 684 462 Τοῦτό
696 435 762 463 ἐστι
777 436 810 462 τὸ
823 435 909 470 σῶμά

71 489 172 513 μου.
194 483 261 514 κατ,
282 481 376 509 Τοῦτο
393 481 427 508 τὸ
439 479 511 516 αἶμά
523 490 605 517 μου;
628 481 710 509 Ἀλλὰ
719 482 767 508 καὶ
779 482 843 517 περὶ
859 481 909 516 τῆς

74 524 247 561 Δάληθειας
272 524 320 555 τοῦ
347 528 470 559 είπόντος
485 528 664 563 ἀμφιδάλλω,
688 529 768 563 φησὶ,
790 528 837 555 καὶ
858 528 908 564 τῆς

79 573 223 600 ἐκείνου
266 574 409 608 θεότητος,
451 572 524 601 Ἀλλ’
563 573 773 609 ὲκτετύφλωσαι
810 574 908 607 ὅντως,

79 619 260 654 ἄνθρωπε.
288 621 356 657 περὶ
388 621 443 647 τῶν
467 621 611 656 προδήλων
640 621 804 656 ἀμφιγνοῶν
832 622 910 655 ήλίου

81 665 314 702 λαμπρότερον
331 668 504 702 μαρτυροῦσι
522 667 572 702 τὴν
583 667 712 703 ἀλήθειαν
722 667 769 694 τοῦ
785 668 909 700 εἰπόντος

83 711 149 737 καὶ
189 713 242 746 τὴν
260 713 388 747 θεότητα,
407 713 434 740 ai
461 713 526 747 περὶ
554 713 636 740 αὐτὸν
661 714 829 750 προφητεῖαι
854 714 909 740 τῶν

86 758 115 782 ιε
123 758 200 792 ρῶν
217 759 383 794 προφητῶν,
399 760 454 785 τῶν
473 759 663 795 χρηστηρίων,
680 759 735 786 τῶν
756 759 908 792 Σιϐυλλῶν,

87 804 229 830 πάντων
248 804 352 838 σοφῶν,
372 805 484 831 πάντων
501 805 626 840 μάντεων
643 804 778 840 εὐφήμως
795 803 842 839 τὴν
861 813 910 839 με-

89 851 215 884 γίστην
244 851 356 886 ἐκείνην
385 851 434 877 καὶ
460 850 624 885 σωτηριώδη
651 851 833 886 καινοτομίαν
862 851 909 877 ἐπὶ

92 896 262 929 βελτιώσει
286 897 339 932 τῆς
361 897 470 932 φύσεως
494 897 638 933 πόρρωθεν
658 897 909 933 προαγγέλλουσαι,
927 887 947 915 Β

92 945 375 979 οἰκονομησαμένου
388 944 468 971 τοῦτο
478 945 559 976 Θεοῦ,
572 944 615 971 ῐνα
628 944 836 979 ἀπροφάσιστος
846 945 862 978 ὴ
877 944 910 979 σὴ

94 991 230 1017 ἀπιστία
246 990 402 1026 κατακριθῇ
417 999 424 1006 ·
440 991 475 1018 τὰ
499 990 720 1026 προηγησάμενα
736 989 787 1024 τῆς
811 989 912 1024 γεννή-

99 1045 189 1069 σεως
204 1035 304 1068 αὐτοῦ,
322 1038 370 1063 καὶ
385 1038 435 1070 τῆς
460 1036 626 1069 ἀναδείξεως
653 1036 793 1071 θαύματα·
810 1037 825 1063 ὁ
840 1036 911 1071 ὑπὲρ

101 1083 295 1119 ἀνθρώπινον
308 1083 391 1110 αὐτοῦ
419 1083 487 1118 βίος,
502 1084 519 1119 ὴ
541 1083 761 1118 ὐψηλοτάτηκαὶ
783 1083 912 1119 οὐράνιος

102 1131 165 1157 καὶ
181 1131 243 1158 θεία
259 1130 348 1162 ὅντως
365 1129 524 1164 νομοθεσία,
543 1131 570 1156 αι
587 1130 758 1165 προρρήσεις
773 1129 857 1157 αὐτοῦ
871 1131 912 1162 είς

106 1178 203 1212 ἔργον
237 1177 420 1213 ὲκΰεὸηκυῖαι
448 1177 549 1210 πᾶσαι,
575 1177 604 1203 αι
633 1176 786 1212 ὑπερφυεῖς
807 1175 912 1202 ἐκεῖναι

106 1223 358 1258 θαυματουργίαι,
381 1223 395 1249 ό
422 1222 547 1254 ἑκούσιος
566 1222 694 1253 θάνατος,
716 1222 751 1249 τὰ
777 1220 821 1248 ἐπ’
837 1220 912 1255 αὑτῷ

109 1267 252 1302 θαύματα
264 1275 271 1282 ·
290 1267 319 1294 αι
338 1267 408 1302 μετά
422 1267 520 1294 τούτου
539 1267 736 1302 λαμπρότητες
760 1262 858 1294 πᾶσαι.
876 1266 913 1293 Τδ

108 1313 172 1339 τῶν
193 1313 328 1348 μαθητῶν
355 1313 557 1349 ἀμετάπτωτον
574 1313 647 1348 μέγα
664 1313 748 1349 μὲνεί
763 1313 811 1348 τῆς
821 1312 913 1340 αὐτῶν

110 1359 240 1392 πίστεως
256 1357 302 1395 ἧν,
320 1360 368 1386 καὶ
386 1360 470 1394 πολλὴ
486 1360 537 1395 τῆς
558 1359 683 1394 περὶτοῦ
712 1358 832 1394 Χριστοῦ
850 1367 913 1385 συν-

114 1405 300 1442 εγνωσμένης
327 1407 422 1437 αὐτοῖς
444 1406 577 1441 ἀληθείας
602 1404 753 1437 ἀπόδειξις
773 1404 867 1439 μεῖζον
883 1405 912 1432 δὲ

117 1454 147 1479 εί
166 1453 217 1488 τῆς
232 1452 338 1479 ἐκείνου
356 1452 470 1488 χάριτος
483 1450 517 1487 ἦν
527 1452 557 1478 οὺ
578 1451 711 1486 παρόντος
729 1451 912 1485 σωματικῶς,

115 1498 158 1531 ὡς
173 1499 323 1534 πρότερον,
346 1498 405 1525 ἀλλ’
422 1497 549 1533 ἀοράτως
563 1498 596 1524 ὲκ
614 1498 669 1524 τῶν
689 1496 814 1532 οὐρανῶν
831 1498 913 1524 αὐτον

616 143 710 175 ΠΟΜ.
730 143 778 173 DE
800 143 966 175 SACRAM.
993 145 1168 177 CORPORE
1188 148 1264 179 J.-C.

1695 151 1751 182 370

959 206 1077 241 positum
1095 207 1130 234 sit
1144 210 1251 240 ;crcilis
1270 216 1400 243 proavum
1419 215 1445 236 et
1472 213 1581 236 atavum
1602 212 1679 235 tuum
1698 209 1750 235 hos

961 252 1002 279 vel
1022 252 1084 280 illos
1115 254 1266 287 exstitisse,
1299 255 1346 282 sed
1378 263 1426 282 eos
1451 263 1504 282 non
1528 254 1620 282 vidisti
1640 255 1750 288 ;orcdis

960 305 1092 326 oceanum
1120 299 1307 340 circumfundi
1326 306 1440 332 terram,
1464 300 1555 328 credis
1581 300 1685 328 dicenti
1703 309 1749 328 so-

961 343 1015 371 lem
1043 344 1157 379 eclipsin
1180 353 1328 380 passurum
1359 351 1444 373 totum
1468 346 1509 373 vel
1531 346 1673 373 dimidium
1689 352 1750 381 post

962 395 1001 418 tot
1030 391 1090 419 dies
1118 397 1144 419 ct
1173 391 1344 425 horas;sed
1373 400 1428 419 non
1455 393 1559 425 vidisti,
1586 400 1674 427 neque
1700 401 1749 420 un<

961 445 1044 472 quam
1073 438 1130 465 haec
1143 438 1234 466 oculis
1255 439 1408 473 usurpasti.
1422 439 1449 466 Si
1470 446 1535 466 vero
1554 439 1612 466 hare
1631 439 1750 466 referen-

962 483 1035 511 tibus
1054 484 1134 512 [idem
1159 485 1286 518 adhibes,
1312 490 1413 520 quanto
1441 485 1528 520 magis
1550 493 1605 520 pra:
1633 486 1750 512 homini-

961 533 1013 561 bus
1035 533 1087 561 ista
1109 534 1290 561 narrantibus
1305 534 1385 561 [idem
1405 539 1526 561 meretur
1541 533 1614 560 Deus
1635 533 1750 560 dicens:

963 578 1020 606 Hoc
1032 585 1071 606 est
1088 587 1184 613 corpus
1201 586 1303 612 meum;
1331 584 1358 606 et
1372 587 1380 605 :
1398 579 1450 605 Hic
1470 583 1509 604 est
1525 577 1635 612 sanguis
1656 585 1727 604 meus
1742 579 1752 603 ."

963 624 1015 652 Sed
1045 624 1150 657 dubito,
1168 624 1272 659 inquis,
1288 623 1322 650 de
1340 623 1491 650 veracitate
1514 623 1574 657 ejus
1599 622 1645 657 qui
1670 622 1752 653 dixit,

962 675 989 698 et
1009 670 1042 698 de
1057 669 1118 705 eius
1142 670 1296 698 divinitate.
1318 669 1354 697 At
1379 670 1491 697 ceccutis
1519 676 1601 699 vere,
1626 676 1642 696 ο
1659 669 1752 698 homo,

962 716 996 744 de
1024 717 1108 745 rebus
1132 716 1288 744 manifestis
1313 716 1453 747 htesitans.
1482 723 1544 743 cum
1563 715 1620 742 sole
1652 714 1753 741 Clarius

963 762 1151 790 testimonium
1179 762 1343 797 perhibcant
1370 761 1404 789 de
1432 761 1580 789 veraeitate
1603 765 1630 788 ct
1652 759 1751 787 divini-

963 813 1017 836 tate
1029 808 1178 843 loquentis,
1189 813 1346 836 sanctorum
1358 808 1552 843 prophetarum
1567 807 1600 834 de
1609 814 1642 834 eo
1654 804 1734 833 vatici
1743 821 1749 824 -

963 855 1018 887 nia,
1030 855 1151 887 oracula,
1165 854 1282 889 Sibyllae,
1293 854 1431 889 sapientes
1443 858 1469 881 et
1480 858 1556 881 Vates
1564 860 1673 883 omnes:
1690 860 1750 885 qum

963 901 1073 937 quidem
1091 901 1242 936 prophetiae
1265 901 1310 928 diu
1331 905 1394 928 ante
1422 900 1679 935 praenuntiaveruut
1697 907 1751 924 ma-

963 947 1065 974 ximam
1083 947 1158 974 illatn
1173 951 1199 974 et
1211 947 1366 974 salutarem
1381 953 1472 974 rerum
1492 952 1626 973 novarum
1640 945 1750 973 seriem.

963 993 998 1021 ad
1017 998 1121 1021 naturae
1150 997 1250 1021 nostrze
1288 993 1494 1028 provectionem
1517 991 1545 1018 iu
1562 990 1672 1022 melius,
1697 989 1752 1016 Dco

963 1041 1001 1067 ita
1017 1040 1206 1074 dispensante,
1235 1043 1265 1066 ut
1290 1037 1489 1066 inexcusabilis
1509 1036 1689 1064 incredulitas
1705 1039 1752 1062 tua

963 1086 1205 1114 condemnaretur.
1235 1084 1367 1112 Miracula
1396 1091 1458 1119 qute
1487 1083 1548 1118 ejus
1579 1081 1750 1109 nativitatem

963 1137 990 1161 et
1013 1132 1265 1160 matiifcstationem
1293 1134 1512 1165 praecesserunt;
1540 1130 1597 1156 vita
1619 1129 1680 1163 ejus
1703 1128 1750 1154 ho-

964 1178 1046 1206 minis
1073 1177 1257 1205 conditionem
1285 1184 1441 1212 superans;
1459 1175 1660 1204 sublimissima
1677 1174 1747 1208 ejus.

964 1224 1086 1253 cmlestis
1109 1229 1136 1252 et
1157 1232 1220 1252 vere
1242 1223 1334 1252 divina
1364 1223 1502 1259 legislatio
1521 1231 1529 1256 ς
1555 1222 1750 1257 przedictiones

964 1270 1035 1305 ejus,
1064 1278 1125 1305 quae
1152 1277 1249 1298 omnes
1271 1275 1371 1297 eventu
1403 1269 1590 1305 contprobatte
1615 1268 1748 1299 fuerunt;

965 1316 1093 1343 miracula
1119 1316 1206 1349 edita,
1233 1324 1295 1351 quae
1323 1315 1477 1343 naturalem
1507 1314 1656 1350 potentiam
1670 1321 1752 1340 exec-

965 1362 1032 1389 dunt
1052 1370 1150 1395 ;mors
1180 1363 1351 1396 voluntaria;
1379 1361 1502 1397 prodigia
1526 1369 1587 1397 qua:
1617 1368 1676 1387 eam
1703 1367 1749 1386 co-

965 1409 1071 1442 mitata,
1096 1413 1124 1437 et
1139 1417 1199 1445 quae
1219 1417 1279 1437 eam
1304 1413 1400 1437 secuta
1416 1412 1493 1441 sunt,
1508 1407 1600 1435 omnia
1616 1411 1670 1434 tam
1687 1405 1748 1432 illu-

964 1455 1042 1482 stria.
1063 1454 1265 1490 Discipulorum
1281 1454 1463 1482 immutabilis
1483 1453 1750 1486 ﬁrmitas,magmnn

965 1501 1095 1536 quiddam
1124 1509 1201 1534 sane,
1218 1501 1240 1528 si
1259 1509 1292 1528 ex
1320 1507 1416 1528 eorum
1439 1499 1492 1527 ﬁde
1519 1502 1579 1526 erat
1595 1507 1602 1531 ;
1617 1497 1753 1531 simulqnc

115 1544 286 1576 ἐντιθέντος.
317 1544 349 1571 Ui
372 1543 427 1570 τῶν
438 1543 597 1570 ἀποστόλων
609 1543 715 1577 ἀγῶνες
732 1543 802 1577 ὑπὲρ
818 1544 852 1569 αὑ

1015 1548 1133 1584 plissima
1159 1549 1258 1582 agnita:
1279 1547 1312 1575 ab
1331 1547 1398 1582 ipsis
1427 1546 1460 1573 de
1484 1545 1596 1573 Christo
1629 1545 1753 1571 veritatis

115 1593 130 1619 ό
147 1591 208 1626 βίος
219 1591 311 1617 αὐτῶν
326 1590 402 1617 οὐδὲν
425 1591 531 1626 ἀπᾷδον
545 1590 615 1625 ἔχων
631 1590 686 1617 τῶν
702 1590 792 1616 καλῶν
809 1590 913 1624 δογμά-

114 1646 175 1664 των
192 1637 242 1663 καὶ
260 1636 496 1672 παραδειγμάτων
513 1636 561 1662 τοῦ
579 1636 753 1663 διδασκάλου·
775 1636 801 1662 οἱ
816 1636 908 1663 κίνδυ-

115 1694 159 1711 νοι
175 1683 281 1711 τούτων
305 1683 376 1719 ὑπὲρ
403 1682 453 1717 τῆς
479 1682 609 1718 ἀληθείας
635 1682 746 1716 καὶτῆς
775 1682 912 1717 σωτηρίας

115 1730 168 1757 τοῦ
184 1730 292 1766 κόσμου
312 1731 380 1766 μετὰ
392 1730 521 1758 τοσούτου
535 1731 617 1766 ζήλου
627 1737 635 1744 ⁴
648 1730 683 1757 τὰ
699 1730 828 1764 θαύματα
845 1730 862 1757 ἂ
876 1730 910 1756 δι’

115 1777 210 1804 αὐτῶν
236 1776 413 1812 ἐνηργοῦντο,
439 1777 487 1803 καὶ
513 1773 554 1807 οἷς
582 1776 776 1811 ἐφυλάττοντο.
804 1776 844 1803 Τὰ
859 1777 912 1802 τῶν

117 1823 271 1859 μαρτύρων
290 1822 396 1858 αἵματα
414 1824 462 1850 καὶ
477 1823 512 1849 τὰ
526 1823 655 1857 θαύματα
666 1830 674 1838 ι
690 1823 706 1857 ή
721 1823 835 1858 λαμπρὰ
847 1823 909 1848 πάν-

114 1878 172 1895 των
189 1869 245 1895 τῶν
259 1869 308 1904 τῆς
325 1869 378 1903 γῆς
393 1868 535 1903 κλιμάτων
560 1867 615 1895 ἀπὸ
632 1868 682 1902 τῆς
708 1868 813 1903 πλάνης
843 1868 911 1903 πρὸς

119 1916 171 1951 τὴν
188 1915 279 1950 ἀληθῆ
309 1916 375 1949 περὶ
404 1914 471 1941 Θεοῦ
499 1915 592 1941 πίστιν
621 1915 795 1950 ἐπιστροφή·
818 1915 834 1949 ή
855 1914 906 1947 τῆς

119 1961 302 1996 πολυχρονίου
339 1960 554 1996 δεισιδαιμονίας
583 1960 734 1992 κατάλυσις
764 1961 911 1993 τοσούτους

115 2009 272 2043 τυράννους
288 2009 336 2035 καὶ
348 2007 482 2038 δυνάστας
499 2008 722 2042 προϊσταμένους
736 2007 851 2043 ἐχούσης
864 2009 911 2034 καὶ

117 2054 284 2089 ὑπερδίκους
300 2054 336 2089 -ή
356 2054 406 2088 τῆς
428 2054 504 2089 ἱερᾶς
541 2053 703 2090 Ἑκκλησῖας
726 2055 797 2089 μετὰ
823 2054 911 2080 ταῦτα

115 2102 302 2132 κατάστασις,
322 2101 425 2131 παντὸς
449 2100 550 2135 σεμνοῦ
576 2102 624 2127 καὶ
647 2101 740 2136 τιμίου
766 2101 814 2128 καὶ
830 2110 912 2128 πνευ-

117 2147 237 2182 ματικοῦ
254 2148 364 2182 πλήρης
387 2148 541 2182 χρήματος,
560 2149 606 2174 καὶ
620 2147 688 2181 πρὸς
706 2148 801 2175 εἰκόνα
817 2148 866 2183 τῆς
880 2149 909 2182 εν

116 2194 244 2228 οὐρανοῖς
278 2193 405 2226 εὐταξίας
438 2192 653 2228 ὲξειργασμένη.
683 2194 736 2220 Καὶ
764 2193 791 2220 τί
819 2193 851 2220 ἄν
866 2202 908 2223 τις

119 2241 271 2274 καταλέγοι
299 2241 348 2271 τὰς
376 2241 584 2275 ἐναργεστάτας
610 2241 676 2276 περὶ
706 2241 755 2276 τῆς
786 2241 908 2276 Χριστοῦ

117 2287 246 2322 θεότητος
267 2287 421 2320 ἀποδείξεις
436 2287 570 2322 ἀπείρους
583 2286 667 2318 οὔσας
680 2287 719 2321 τῷ
736 2287 849 2322 πλήθει,
862 2287 909 2314 καὶ

115 2336 149 2369 τῇ
179 2334 295 2368 δυνάμει
324 2334 475 2368 μεγίστας;
492 2333 574 2360 Ὅθεν
590 2334 640 2365 τὰς
661 2334 711 2369 μὲν
728 2335 794 2368 περὶ
809 2333 906 2360 τούτου

118 2380 164 2406 τοῦ
182 2379 337 2415 μυστηρίου
355 2380 402 2406 καὶ
417 2380 472 2406 τῶν
487 2380 576 2406 ἄλλων
601 2379 652 2406 σὺν
669 2380 745 2414 αὐτῷ
765 2379 845 2406 θείων
860 2379 907 2406 καὶ

117 2426 201 2461 ἱερῶν
218 2425 389 2461 μυστηρίων,
402 2426 449 2453 καὶ
464 2426 529 2461 ὅλης
542 2426 593 2460 τῆς
607 2426 725 2457 πίστεως
740 2425 906 2461 ἀμφιϐολίας

116 2474 174 2505 τοῖς
188 2473 315 2504 ἀπίστοις
330 2473 378 2500 καὶ
395 2473 546 2508 αἱρετικοῖς
566 2471 764 2507 καταλίπωμεν
777 2480 783 2487 ·
804 2472 906 2507 μᾶλλον

115 2519 142 2545 δὲ
167 2519 215 2545 καὶ
241 2516 349 2550 τούτοις
372 2518 517 2553 εὐξώμεθα
541 2520 573 2553 τῇ
600 2518 649 2553 τῆς
679 2518 809 2554 ἀληθείας
821 2518 906 2555 αἴγλῃ

117 2564 358 2598 καταλαμφθῆναι.
388 2564 484 2599 Ἡμεῖς
500 2565 528 2591 δὲ
543 2564 582 2600 τῷ
610 2564 685 2600 καλῷ
709 2564 799 2598 λιμένι
820 2573 906 2600 προσ-

114 2609 300 2645 ορμιζόμενοι,
324 2611 357 2645 τῇ
384 2609 450 2645 ζωῇ,
476 2610 514 2645 τῷ
538 2611 621 2645 φωτὶ,
652 2612 686 2646 τῇ
711 2610 837 2646 ἀληθείᾳ,
870 2611 903 2646 τῇ

117 2656 183 2691 πρὸς
202 2656 252 2690 τὴν
264 2656 403 2690 σωτηρίαν
427 2656 488 2691 ὀδῷ,
514 2657 553 2692 τῷ
570 2658 699 2692 ἡμετέρῳ
713 2657 787 2692 λέγω
800 2659 905 2684 Δεσπό-

114 2710 157 2739 τῃ.
177 2703 224 2729 καὶ
238 2702 310 2744 ὑπὲρ
329 2703 458 2730 ἁπάντων
475 2701 515 2735 οἷς
533 2705 609 2738 ἡμᾶς
629 2704 802 2740 εὐηργέτηκε
821 2704 903 2740 χάριν

114 2746 309 2782 ὁμολογοῦντες
321 2747 467 2782 ἀποδῶμεν
479 2749 553 2784 αὐτῷ
564 2749 611 2775 κα)⁸
626 2748 746 2783 νῦν,’καὶ
759 2749 808 2781 τῆς
820 2758 903 2776 πνευ-

116 2793 235 2828 ματικῆς
246 2794 349 2828 ταύτης
365 2795 468 2830 τροφῆς
485 2796 536 2830 τὴν
556 2795 744 2829 εὐχαριστίαν,
759 2796 793 2822 δι’
805 2793 839 2832 ἦς
853 2796 902 2830 τὴν

114 2842 140 2866 ἐν
157 2840 223 2874 ἡμῖν
247 2841 298 2874 τῆς
313 2842 424 2876 χάριτος
441 2842 548 2877 θέρμην
578 2842 714 2874 μένουσαν
745 2843 795 2877 μὲν
823 2842 901 2874 αὔξει

117 2886 185 2920 μετὰ
208 2885 309 2920 πολλῆς
330 2888 377 2924 τῆς
395 2888 567 2925 προσθήκης,
585 2887 638 2914 ύπὺ
656 2888 683 2914 δὲ
701 2888 751 2924 τῆς
768 2888 900 2924 πονηρίας

965 1593 1192 1621 demonstratio:
1210 1593 1301 1626 m‘ajus
1328 1599 1402 1623 vero,
1429 1591 1451 1618 si
1488 1591 1514 1618 id
1541 1590 1629 1624 ipsius
1661 1589 1754 1623 gratia.-

965 1639 1141 1667 tribuendum
1173 1643 1241 1671 erat,
1269 1639 1315 1673 qui
1340 1646 1393 1666 non
1417 1638 1486 1672 jam,
1506 1641 1535 1664 ut
1553 1636 1640 1672 prius,
1656 1643 1753 1670 corpo-

965 1686 1057 1714 raliter
1083 1693 1213 1721 praesens,
1240 1685 1288 1714 sed
1320 1684 1494 1713 invisibiliter
1532 1691 1548 1710 e
1576 1681 1656 1710 cmlis
1693 1689 1754 1709 eam

965 1733 1132 1760 insinuabat.
1146 1733 1340 1767 Apostolorum
1365 1739 1414 1766 pro
1429 1730 1489 1766 ipso
1507 1729 1656 1757 certamina
1675 1737 1682 1761 ;
1700 1728 1753 1756 vita

964 1786 1059 1807 eorum
1077 1779 1144 1806 nihil
1159 1779 1262 1806 habens
1277 1778 1411 1805 absonum
1426 1785 1440 1805 a
1456 1777 1598 1811 prmelaris
1615 1775 1753 1802 doctrinis

964 1831 992 1852 et
1019 1825 1154 1860 exemplis
1188 1824 1339 1860 magistri;
1368 1823 1490 1858 pericula
1521 1823 1555 1849 ab
1588 1821 1657 1856 ipsis
1690 1828 1754 1847 cum

965 1875 1041 1898 tanto
1075 1870 1183 1898 fervore
1214 1874 1343 1904 suscepta
1381 1876 1431 1904 pro
1459 1869 1575 1895 veritate
1601 1871 1628 1894 et
1664 1867 1754 1894 salute

965 1916 1060 1944 tnundi
1080 1925 1087 1949 ;
1109 1916 1241 1943 miracula
1254 1923 1314 1950 qua‘
1340 1923 1388 1949 per
1416 1921 1465 1942 eos
1494 1913 1697 1944 cﬂiciehantur,
1727 1918 1754 1939 et

964 1963 1062 1998 quibus
1093 1962 1283 1990 servabantur.
1295 1961 1443 1997 Martyrum
1474 1960 1587 1994 sanguis
1619 1964 1646 1987 ct
1670 1959 1753 1986 mira-

962 2009 1026 2037 cula
1040 2017 1046 2035 :
1061 2008 1204 2043 splendida
1235 2008 1358 2034 omnium
1389 2006 1465 2034 orbis
1487 2006 1628 2033 climatum
1656 2005 1690 2032 ab
1710 2013 1752 2030 er-

964 2063 1025 2084 rore
1051 2056 1083 2083 ad
1111 2063 1203 2082 veram
1226 2055 1260 2081 de
1281 2054 1337 2082 Deo
1349 2054 1430 2081 ﬁdem
1451 2052 1597 2081 conversio
1619 2061 1625 2079 :
1643 2051 1753 2079 diutur-
1799 2088 1802 2089 ν

963 2108 1004 2127 me
1033 2100 1106 2127 illius
1124 2099 1332 2135 superstitionis
1362 2099 1525 2130 destructio,
1548 2098 1613 2125 licet
1639 2101 1679 2123 tot
1711 2102 1752 2132 ty-

963 2154 1065 2174 rannos
1078 2150 1105 2174 et
1124 2147 1254 2182 dynastas
1270 2151 1441 2181 protectores
1466 2149 1494 2172 et
1521 2144 1642 2172 vindices
1669 2142 1752 2170 habe-

964 2199 1022 2220 ret:
1041 2193 1149 2220 demum
1168 2198 1269 2220 sancta:
1296 2192 1427 2219 Ecclesiae
1442 2191 1614 2223 constitutio,
1642 2191 1669 2216 in
1699 2198 1752 2224 qua

963 2239 1097 2274 quidquid
1122 2244 1283 2275 angustum,
1311 2238 1464 2273 pretiosum
1489 2241 1515 2264 et
1544 2236 1686 2271 spirituale
1699 2241 1752 2266 cst,

963 2285 1072 2315 abunde
1088 2285 1236 2319 reperitur,
1267 2291 1384 2319 qumque
1406 2283 1439 2309 ad
1461 2281 1608 2317 imaginem
1624 2281 1751 2316 prmclari

963 2330 1038 2358 illius
1065 2330 1094 2358 in
1124 2331 1194 2358 cmlo
1222 2329 1366 2357 constituti
1405 2327 1511 2355 ordinis
1529 2334 1662 2362 expressa
1696 2332 1750 2352 est.

962 2375 1031 2409 Quis
1060 2384 1125 2404 vero
1161 2381 1305 2403 enunieret
1333 2375 1555 2403 evidentissimas
1588 2373 1622 2399 de
1649 2372 1751 2399 Christi

961 2421 1109 2450 divinitate
1134 2421 1398 2453 demonstrationes,
1433 2419 1556 2447 infinitas
1572 2418 1695 2452 quidem,
1727 2418 1749 2443 si

960 2476 1093 2497 numerus
1113 2472 1270 2503 spectetur,
1292 2467 1315 2495 si
1340 2468 1382 2494 vis
1402 2471 1430 2493 ct
1454 2467 1570 2502 pondus,
1598 2464 1751 2491 maximas?

960 2517 1135 2551 Quapropter
1159 2522 1256 2541 omnes
1291 2518 1347 2540 tam
1375 2514 1451 2540 circa
1483 2516 1536 2540 hoc
1572 2512 1748 2547 mysterium,

960 2572 1044 2600 quam
1074 2563 1181 2598 reliqtta
1213 2569 1290 2590 sacra
1308 2565 1335 2588 ct
1361 2560 1452 2588 divina
1487 2560 1626 2595 mysteria,
1665 2562 1747 2592 atque

959 2611 1028 2638 adeo
1054 2610 1128 2637 circa
1152 2608 1242 2640 ﬁdem,
1264 2607 1451 2634 dubitationes
1474 2606 1628 2633 inﬁdelibus
1647 2609 1674 2631 et
1692 2604 1744 2631 hm-

959 2657 1054 2685 reticis
1082 2656 1291 2691 relinquamus:
1315 2654 1433 2681 maxime
1467 2660 1531 2680 vero
1568 2659 1689 2684 oremus,
1715 2655 1746 2675 ut

958 2702 1083 2732 veritatis
1115 2702 1262 2737 splendore
1290 2700 1490 2727 illumincntur.
1529 2697 1584 2725 Nos
1614 2704 1679 2724 vero
1711 2696 1746 2721 :ul

959 2753 1046 2776 tntum
1068 2751 1178 2782 portum
1218 2746 1397 2781 appellentes,
1430 2743 1589 2774 Dominum,
1620 2742 1745 2777 inqnatn,

960 2799 1097 2825 nostrum,
1131 2793 1177 2827 qni
1190 2797 1232 2819 cst
1250 2793 1313 2825 vita,
1331 2792 1389 2822 lux,
1405 2791 1505 2817 veritas
1517 2794 1543 2816 et
1558 2789 1602 2815 via
1620 2788 1653 2815 ad
1669 2787 1744 2815 salu-

958 2847 1024 2872 lem,
1052 2845 1078 2867 et
1103 2848 1152 2874 pro
1168 2839 1297 2867 omnibus
1322 2838 1422 2872 qurein
1442 2845 1493 2866 nos
1513 2835 1633 2864 contulit
1658 2835 1743 2863 boue-

959 2888 1028 2916 liciis
1058 2887 1159 2922 gratias
1190 2886 1350 2918 referentes,
1381 2884 1528 2913 reddamus
1555 2883 1638 2912 etiam
1667 2888 1742 2910 nunc
