1870 3058
163 150 217 182 375

680 139 682 141 ’
728 135 1277 178 cavatanceﬁmrmancna

1773 141 1847 179 π

390 322 706 394 EJUSDEM
752 321 917 379 ALlA
957 321 1217 379 BBEVIS
1259 323 1594 381 HOMILIA'

626 448 675 478 DE
691 447 867 478 CORPORE
892 446 941 477 ET
957 447 1159 478 SANGUINE
1190 446 1333 477 DOMlNl

213 541 322 572 Relata
339 551 358 571 a
373 541 498 573 Meletio
515 542 641 581 Syrigo,
663 541 903 572 hieromonacho
923 542 1078 578 Cretensi,
1098 542 1132 571 in
1158 541 1361 580 Rcfutatiene
1386 540 1600 581 Confessiom's
1618 539 1759 580 σς]νίΗὶ

721 604 853 634 Lucoris
867 602 1028 643 Cpolitani
1047 602 1248 642 patriarchw.
1771 591 1776 595 ’

198 765 266 794 Cum
292 766 325 792 de
349 765 542 793 sacramentali
560 772 674 800 corpore
691 770 719 793 et
738 766 872 801 sanguine
901 766 951 793 Do-
968 769 989 796 Α

160 811 226 839 mini
251 812 337 839 nostri
355 809 425 849 ‘Jesn
441 811 544 839 Christi
563 819 649 846 nuper
666 812 698 838 ad
715 817 834 839 vestram
861 813 947 840 inter-

158 859 331 893 rogationem
351 866 383 885 ex
404 863 526 893 tempore
545 858 781 893 responderimus,
798 867 873 886 nutte
898 860 947 886 ite-

157 913 220 931 rum
240 903 326 931 fusius
352 904 595 938 respondebimus,
621 912 734 932 necesse
752 905 884 933 habentes
902 913 949 933 vc-

158 958 216 978 ram
240 951 407 978 sacramenti
432 951 618 985 cognitionem
642 952 721 979 vobis
741 953 861 985 tradere,
889 957 950 980 tan-

158 1004 241 1031 quam
259 997 444 1024 sanctissimis
462 997 606 1025 animabus
620 1005 680 1032 qua:
697 999 848 1026 secundum
863 999 946 1027 Deum

157 1044 285 1078 diligunt,
305 1051 354 1075 nec
375 1044 468 1071 minus
484 1044 648 1079 diliguntur.

193 1090 317 1118 Primum
341 1091 424 1126 igitur
441 1091 513 1118 scire
527 1091 647 1124 debetis,
658 1092 731 1126 quod
754 1092 862 1120 Domini
889 1083 959 1119 ηοξ-ί

157 1138 193 1166 tri
208 1146 311 1173 corpus
324 1138 546 1169 sanctissimum,
561 1145 646 1165 unttm
663 1146 774 1173 semper
798 1139 947 1172 exsistens,

157 1186 284 1213 diversos
300 1184 498 1212 considerandi
515 1184 611 1212 tnodos
626 1185 759 1212 admittit.
773 1185 860 1213 Aliter
874 1186 947 1213 enim

158 1239 173 1259 a
192 1231 271 1259 nobis
286 1232 490 1262 consideratur,
510 1235 647 1265 quatenus
663 1231 798 1264 naturale,
816 1232 874 1259 sive
887 1236 946 1260 sta-

157 1280 207 1306 tim
224 1278 258 1305 ab
272 1278 332 1312 ipsa
350 1277 543 1311 conceptione,
560 1285 648 1312 usque
663 1279 696 1304 ad
716 1278 805 1313 ipsius
824 1285 872 1313 per
897 1279 948 1306 mi-

158 1326 254 1352 racula
281 1324 560 1351 manifestationem:
586 1325 666 1352 aliter
683 1328 820 1360 quatenus
847 1325 949 1361 glorio-

158 1379 231 1404 sum,
253 1371 312 1399 sive
338 1378 353 1397 a
373 1369 600 1398 maniieslalione
626 1378 712 1406 usque
734 1371 767 1399 ad
790 1372 947 1407 passionem

159 1423 190 1446 et
206 1417 378 1453 sepulturam
394 1425 404 1446 ς
428 1417 510 1444 aliter
532 1424 643 1452 quoque
662 1422 796 1452 quatenus
812 1417 948 1453 gloriﬁca-

157 1469 228 1498 tum,
242 1464 298 1492 sive
307 1464 342 1491 ab
357 1464 571 1498 resurrectione,
588 1468 615 1491 et
631 1472 738 1499 semper
750 1465 898 1500 deinceps:
918 1472 949 1492 a-

157 1512 222 1538 liter
239 1510 351 1538 tandem
367 1514 396 1538 ut
418 1511 564 1546 mysticum
579 1519 627 1538 seu
644 1512 854 1545 sacramentale,
872 1510 951 1539 nem?

157 1566 192 1593 pe
209 1563 346 1593 quatenus
371 1557 401 1585 in
425 1558 542 1585 diversis
569 1558 703 1586 altaribus
725 1558 946 1586 Christianorum

158 1604 390 1638 orthodoxorum,
406 1604 522 1632 nimium
537 1612 619 1640 quant
634 1605 807 1641 mirabiliter,
825 1604 948 1639 quotidie

157 1658 281 1685 prtesens
304 1650 459 1678 exhibetur.
485 1650 518 1678 lli
541 1658 624 1686 porro
650 1650 846 1678 considerandi
873 1650 947 1678 modi

157 1697 283 1732 quamvis
309 1697 424 1730 diversi,
441 1697 545 1725 Christi
563 1705 674 1732 corpus,
699 1698 772 1732 quod
794 1697 948 1726 secundant

158 1743 218 1769 illas
229 1750 326 1770 omnes
338 1742 460 1770 rationes
473 1750 557 1770 unum
570 1747 622 1776 est,
635 1743 793 1771 nullatenus
809 1742 947 1771 dividunt.

194 1788 338 1821 Secundo,
353 1789 426 1816 scire
445 1796 556 1824 quoque
574 1796 623 1816 vos
647 1793 765 1823 Oportet,
796 1788 871 1823 quod
898 1790 948 1816 mi-

157 1836 316 1863 raculorum
330 1835 453 1863 omnium
468 1843 528 1871 qua:
539 1843 554 1863 a
567 1835 622 1863 Deo
637 1843 721 1870 supra
735 1841 860 1863 naturam
877 1835 946 1864 facta

157 1880 235 1914 sun’t,
258 1882 345 1918 magis
361 1881 573 1917 superuaturale
599 1882 704 1909 nullum
722 1886 763 1909 est
779 1882 832 1910 hoc
853 1890 947 1910 sacra-

156 1934 248 1956 mento
268 1937 276 1961 ;
296 1928 369 1956 unde
385 1928 490 1956 nullum
513 1929 599 1964 magis
615 1929 757 1964 ignmatur
771 1929 805 1956 ab
820 1929 948 1967 illittera.

158 1975 203 2005 tis,
223 1981 313 2008 neque
329 1974 358 2001 in
379 1973 434 2000 ttllo
451 1973 505 2001 alio
523 1974 610 2009 magis
626 1978 774 2002 exercetur
789 1974 880 2002 divina
898 1975 948 2002 hu-

160 2027 298 2054 manaque
313 2019 461 2054 sapientia,
481 2027 571 2054 neque
590 2021 663 2048 aliud
683 2026 724 2048 est
739 2022 766 2048 in
786 2028 865 2049 sacra
881 2029 947 2049 uos-

159 2070 200 2092 tra
216 2065 279 2095 ﬁde.
298 2065 344 2092 cui
361 2065 421 2100 plus
449 2065 642 2093 contradicant
673 2067 796 2094 inlidelcs
811 2070 838 2094 et
862 2067 947 2094 luere-

1047 764 1157 801 Ἐπειδὴ
1185 765 1249 800 περὶ
1277 764 1324 793 τοῦ
1346 766 1555 800 μυστηριώδους
1580 766 1728 802 σώματος
1768 769 1823 796 καὶ

1002 810 1120 845 αἳματος
1137 811 1185 837 τοῦ
1204 811 1311 846 Κυρίου
1328 810 1406 845 ἡμῶν
1429 811 1518 846 Ἰησοῦ
1536 813 1657 847 Χριστοῦ
1688 815 1821 850 προχεί-

1001 867 1056 893 ρως
1075 859 1173 895 πρώην
1189 859 1399 895 ἀπεκρινάμεθα
1416 860 1486 895 πρὸς
1500 861 1551 895 τὴν
1567 862 1721 897 ὑμετέραν
1741 863 1821 898 ἐρώ-

1000 915 1091 941 τησιν,
1107 907 1155 934 νῦν
1172 907 1256 934 πάλιν
1271 908 1441 942 πλατύτερον
1449 909 1676 944 -ἅποκρινόμεθα,
1691 910 1819 946 ἔχοντες

1001 954 1125 989 ἀνάγκην
1141 954 1180 985 ὡς
1196 954 1312 981 δυνατὸν
1330 953 1449 981 ἐνθεῖναι
1462 955 1526 989 ὑμῖν
1544 955 1595 986 τὴν
1612 956 1712 991 ἀληθῆ
1734 957 1819 990 γνῶ-

1003 1009 1047 1027 σιν
1063 1000 1110 1028 τοῦ
1130 1000 1295 1036 μυστηρίου,
1314 1000 1352 1032 ὡς
1368 997 1534 1033 ὁσιωτάταις
1546 1002 1648 1037 ψυχαῖς
1663 1003 1722 1029 καὶ
1735 1003 1818 1037 ἀγα-

1002 1046 1110 1078 πώσαις
1127 1045 1198 1073 κατὰ
1215 1045 1293 1077 Θεὸν,
1311 1046 1357 1073 καὶ
1372 1047 1582 1081 ἀγαπωμέναις.

1039 1092 1152 1127 Πρῶτον
1173 1091 1230 1127 μὲν
1241 1091 1388 1125 γινώσκειν
1410 1093 1546 1128 ὀφείλετε,
1567 1095 1608 1121 ὃτι
1623 1094 1654 1122 τὺ
1673 1095 1732 1121 τοῦ
1751 1095 1814 1121 Κυ-

1003 1138 1063 1173 ρίου
1078 1138 1158 1173 ὑμῶν
1172 1138 1254 1173 σῶμα
1271 1138 1301 1165 τὺ
1318 1139 1464 1173 πανάγιον,
1479 1139 1508 1166 ἓν
1524 1140 1650 1174 ὑπάρχον
1665 1141 1730 1173 ἀεὶ,
1749 1141 1815 1168 δια·

1001 1185 1102 1220 φόρους
1116 1184 1273 1219 ἐπιδέχεται
1288 1183 1419 1220 θεωρίας.
1438 1186 1544 1218 Ἀλλως
1559 1187 1611 1222 γὰρ
1628 1188 1813 1224 θεωροῦμεν

1000 1231 1067 1266 περὶ
1083 1230 1167 1258 αὑτοῦ
1178 1231 1246 1258 καθὸ
1260 1231 1388 1264 φυσικοῦ,
1402 1232 1488 1267 ἤγουν
1502 1233 1584 1265 εὐθὺς
1599 1235 1653 1261 ἀπὸ
1666 1236 1728 1271 τῆς
1741 1236 1811 1263 συλ-
1832 1229 1839 1240 ⁸

1000 1278 1111 1313 λήψεως
1144 1278 1226 1313 μέχρι
1244 1278 1353 1312 καὶτῆς
1376 1278 1419 1305 διὰ
1439 1279 1494 1306 τῶν
1510 1279 1659 1314 θαυμάτων
1685 1283 1812 1310 ἀναδεί-

1001 1323 1089 1356 ξεως·
1110 1323 1158 1349 καὶ
1180 1322 1269 1354 ἄλλως
1295 1323 1363 1350 καθὸ
1393 1324 1515 1357 ἐνδόξου.
1543 1326 1628 1361 ἤγουν
1660 1328 1724 1355 ἀπὸ
1752 1329 1809 1363 τῆς

1000 1368 1165 1401 ἀναδείξεως
1201 1369 1283 1404 μέχρι
1306 1368 1353 1395 τοῦ
1371 1370 1476 1402 πάθους
1491 1372 1602 1406 καὶτῆς
1616 1374 1714 1408 ταφῆς
1729 1383 1738 1390 -
1756 1375 1812 1401 καὶ

1001 1415 1092 1447 ἄλλως
1110 1414 1321 1450 δεδοξασμένου,
1342 1416 1428 1451 ἤγουν
1459 1417 1515 1444 ἀπὸ
1537 1418 1588 1452 τῆς
1617 1420 1810 1451 ἀναστάσεως

1001 1462 1049 1489 καὶ
1065 1463 1145 1497 μέχρι
1162 1462 1264 1494 παντὸς
1277 1462 1325 1489 τοῦ
1347 1464 1445 1498 χρόνου
1465 1464 1610 1500 διηνεκῶς’
1637 1467 1685 1493 καὶ
1705 1467 1809 1499 ἄλλως

1000 1508 1038 1540 ὼς
1052 1509 1198 1543 μυστικοῦ,
1209 1509 1295 1545 ἤγουν
1308 1510 1375 1536 καθὸ
1389 1511 1418 1537 ὲν
1431 1510 1570 1546 διαφόροις
1585 1512 1807 1549 θυσιαστηρίοις

997 1555 1054 1582 τῶν
1085 1555 1233 1591 ὀρθοδόξων
1251 1557 1442 1592 Χριστιανῶν,
1472 1557 1714 1593 ὗπερθαυμάστως
1738 1559 1808 1587 καθ’

1000 1601 1120 1637 ἑκάστην
1136 1601 1365 1637 παρουσιάξεται.
1384 1603 1417 1629 At
1440 1603 1565 1630 τοιαῦται
1583 1604 1615 1640 δὴ
1633 1605 1713 1640 ὅμως
1739 1607 1806 1634 διάο

1000 1656 1078 1682 φοροι
1105 1648 1220 1683 θεωρίαι
1238 1648 1269 1675 οὐ
1290 1648 1428 1684 διαιροῦσι
1445 1650 1476 1676 τὸ
1491 1649 1538 1678 τοῦ
1556 1651 1676 1686 Χριστοῦ
1699 1654 1802 1689 σῶμα,

999 1693 1068 1721 ἀλλὰ
1081 1693 1128 1721 διὰ
1143 1694 1238 1722 πασῶν
1250 1694 1279 1722 ἓν
1296 1695 1365 1728 ἐστι.

1036 1782 1169 1817 Δεύτερον
1184 1782 1332 1817 γινώσκειν
1359 1783 1494 1819 ὀφείλετε,
1524 1786 1565 1813 ὅτι
1593 1788 1703 1815 πάντων
1737 1790 1798 1816 τῶν

1001 1829 1072 1863 ὑπὲρ
1090 1828 1169 1863 φύσιν
1185 1830 1334 1864 θαυμάτων
1347 1832 1499 1867 γινομένων
1516 1834 1591 1869 παρὰ
1610 1835 1690 1868 Θεοῦ,
1713 1837 1799 1864 οὐδέν

999 1877 1076 1902 ἐστιν
1103 1876 1330 1912 ὑπερφυέστερου
1355 1878 1403 1905 τοῦ
1424 1875 1577 1916 μυστηρίου
1604 1881 1713 1914 τούτου,
1747 1884 1800 1910 καὶ

999 1920 1044 1948 διὰ
1060 1921 1141 1948 τοῦτο
1157 1922 1235 1950 οὐδὲν
1248 1923 1389 1956 ἀγνοεῖται
1405 1925 1484 1960 παρὰ
1499 1927 1556 1958 τοῖς
1574 1927 1692 1960 ίδιὼταις
1708 1929 1798 1956 πλέον

999 1966 1106 1999 τούτου,
1120 1967 1166 1994 καὶ
1181 1967 1211 1994 ὲν
1228 1968 1318 1995 οὐδενὶ
1331 1970 1501 2004 γυμνάζεται
1515 1971 1532 2006 ή
1544 1971 1605 1998 θεία
1620 1973 1666 1999 καὶ
1683 1974 1798 2010 ἀνθρω-

999 2014 1065 2048 πίνη
1082 2014 1165 2048 σοφία
1189 2014 1271 2041 πλέον
1284 2017 1392 2045 τούτου,
1413 2017 1462 2043 καὶ
1473 2016 1561 2043 οὐδενὶ
1576 2018 1635 2044 τῶν
1648 2021 1697 2054 τῆς
1715 2021 1796 2056 ἱερὰς

999 2059 1079 2094 ἡμῶν
1091 2060 1210 2092 πίστεως
1225 2060 1414 2094 ἀντιλέγουσιν
1427 2062 1451 2087 οἱ
1465 2062 1575 2090 ἄπιστοι
1592 2064 1640 2090 καὶ
1651 2066 1797 2102 αἱρετικοὶ

158 2111 217 2138 lici.
236 2110 342 2138 Idcirco
357 2118 409 2138 nos
427 2111 576 2145 aliquando
594 2112 621 2139 in
640 2111 743 2139 infelici
760 2112 875 2147 palatio,
901 2112 946 2140 die
961 2115 982 2144 ο
1001 2106 1046 2139 μᾶῖ

1037 2106 1101 2132 ιλλον
1118 2106 1225 2133 τούτου.
1242 2106 1288 2132 Διὸ
1305 2108 1354 2133 καὶ
1369 2108 1451 2142 ἡμεῖς
1477 2117 1541 2135 ποτε
1560 2110 1589 2136 ὲν
1604 2110 1643 2145 τῷ
1662 2111 1797 2148 δυστυχεῖ

157 2165 320 2191 parasceves
350 2156 460 2190 Lazari,
490 2158 524 2186 de
555 2159 673 2194 mystico
702 2158 806 2186 Christi
838 2158 944 2186 Domini

157 2211 276 2239 corpore
298 2211 454 2232 sermonem
478 2204 638 2236 habuimus.
666 2213 759 2233 coram
780 2205 947 2238 imperatore

156 2255 184 2277 et
202 2255 313 2283 senatu,
331 2251 463 2286 urbisque
480 2251 671 2286 optimatibus,
696 2251 743 2286 qui
762 2255 830 2278 tunc
846 2251 946 2278 multas

156 2297 243 2324 servis
271 2297 374 2332 gratias
394 2298 557 2325 retulerunt.
594 2296 674 2324 Nunc
692 2296 815 2324 breviter
829 2299 857 2324 et
883 2303 946 2332 per-

156 2343 252 2378 spicue
273 2343 306 2371 dc
323 2344 418 2372 eodem
440 2345 522 2372 verba
538 2343 683 2372 faciemus.

191 2478 296 2506 Scitote
314 2479 408 2515 igitur,
427 2479 498 2505 inter
521 2476 568 2504 Dei
587 2477 720 2504 miracula
749 2477 866 2512 primum
897 2477 945 2505 illa

155 2527 245 2554 locum
260 2527 371 2557 habere,
391 2526 417 2552 in
441 2524 544 2559 quibus
574 2524 644 2552 ordo
673 2524 760 2551 solum
793 2530 820 2552 et
846 2525 946 2553 modus

156 2577 260 2599 natura:
274 2575 408 2602 mutatur,
424 2570 609 2606 etftciturque,
624 2571 672 2598 sed
689 2571 742 2598 alia
760 2571 815 2603 via,
832 2571 859 2598 id
872 2572 945 2606 quod

154 2619 279 2653 quotidie
298 2618 357 2645 ﬁeri
376 2623 478 2652 potest.
498 2619 535 2645 lta
563 2618 688 2646 inlirntos
707 2619 809 2646 tuultos
837 2619 946 2646 sanavit

155 2664 291 2691 Dominus
319 2663 422 2696 absque
450 2663 597 2696 medicina,
626 2668 656 2691 ut
674 2672 784 2692 socrum
810 2664 896 2697 Petri,
920 2659 965 2692 et}

153 2710 324 2739 centurionis
345 2717 459 2743 puerum
477 2718 485 2738 :
509 2715 593 2745 atque
618 2711 644 2738 in
666 2711 752 2738 veteri
769 2711 947 2739 Testamento

154 2766 204 2793 per
220 2757 376 2785 Samuelem
392 2761 417 2784 ct
432 2757 517 2784 Elinut
535 2758 717 2786 condensavit
733 2765 823 2785 aerem
839 2758 870 2784 ad
885 2757 946 2792 plu-

1000 2152 1124 2186 παλατίῳ
1152 2151 1333 2187 ὠμιλήσαμεν
1359 2153 1431 2180 κατὰ
1454 2154 1506 2188 τὴν
1533 2156 1719 2194 Παρασκευὴν
1742 2160 1794 2187 τοῦ

999 2198 1127 2233 Λαζάρου
1145 2206 1177 2223 πε
1185 2199 1212 2232 ρ).
1237 2198 1290 2224 τοῦ
1301 2200 1433 2232 μυστικοῦ
1446 2201 1574 2235 σώματος
1587 2202 1634 2229 τοῦ
1651 2204 1792 2232 AacM-aeu

1000 2245 1120 2281 Χριστοῦ
1137 2245 1254 2272 ἐνώπιον
1272 2247 1318 2273 τοῦ
1337 2247 1470 2283 βασιλέως
1493 2250 1540 2276 καὶ
1556 2250 1606 2284 τῆς
1634 2253 1792 2287 συγκλήτου

999 2292 1047 2317 καὶ
1063 2290 1118 2318 τῶν
1135 2291 1284 2327 ὲξαιρέτων
1301 2294 1350 2328 τῆς
1364 2295 1481 2327 πόλεως,
1496 2296 1544 2322 καὶ
1557 2296 1659 2328 πολλὰς
1674 2299 1791 2333 χάριτας

999 2337 1156 2372 ἀνήνεγκαν
1169 2338 1208 2373 τῷ
1224 2340 1321 2375 Κυρίῳ
1337 2341 1411 2373 τότε,
1430 2343 1477 2368 καὶ
1489 2342 1557 2378 ἡμῖν
1579 2345 1635 2375 τοῖς
1647 2347 1790 2376 ταπεινοῖς
1811 2344 1816 2365 ι’

1002 2384 1109 2416 δούλοις
1124 2385 1218 2412 αὐτοῦ.
1247 2385 1305 2413 Νῦν
1333 2386 1361 2413 δὲ
1377 2386 1512 2423 σύντομον
1536 2389 1584 2417 καὶ
1610 2391 1694 2425 σαφὲς
1725 2393 1790 2424 περὶ

998 2430 1095 2456 τούτου
1113 2430 1241 2465 λέγομεν.

1036 2476 1194 2503 Γινώσκετε
1213 2476 1260 2504 οὖν
1287 2477 1329 2503 ὅτι
1358 2478 1408 2512 τὴν
1434 2478 1547 2514 πρώτην
1577 2480 1655 2512 τάξιν
1674 2481 1703 2507 ὲν
1731 2482 1786 2511 τοῖς

1000 2522 1124 2558 θαύμασι
1147 2523 1195 2549 τοῦ
1220 2523 1289 2549 Θεοῦ
1312 2523 1421 2558 ἔχουσιν
1438 2525 1540 2558 ἐκεῖνα,
1562 2526 1590 2553 ἐν
1615 2524 1655 2558 οἷς
1680 2527 1695 2562 ἡ
1714 2527 1787 2559 τάξις

1001 2569 1081 2604 μόνον
1096 2569 1163 2595 καὶὸ
1177 2569 1277 2604 τρόπος
1292 2569 1342 2604 τῆς
1351 2569 1459 2603 φύσεως
1471 2573 1674 2606 μεταποιεῖται,
1683 2574 1786 2607 γίνεται

998 2616 1027 2642 δὲ
1043 2616 1161 2651 πρᾶγμα
1177 2615 1330 2650 δυνάμενον
1347 2615 1473 2649 γίνεσθαι
1490 2617 1554 2644 καθ’
1571 2618 1701 2653 ἑκάστην,
1719 2619 1786 2653 πλὴν

998 2663 1033 2689 δι’
1044 2662 1128 2692 ἄλλης
1143 2662 1204 2689 ὁδοῦ
1218 2672 1223 2679 ·
1243 2662 1337 2699 ὥσπερ
1354 2663 1451 2692 ἰάσατο
1465 2664 1582 2696 πολλοὺς
1597 2664 1757 2701 ἀρρώστους
1771 2666 1784 2692 ό

1000 2709 1109 2744 Κύριος.
1122 2710 1201 2746 ἡμῶν
1220 2710 1304 2745 χωρὶς
1319 2710 1451 2746 ἰατρείας,
1468 2711 1506 2742 ὡς
1521 2711 1570 2745 τὴν
1584 2712 1717 2745 πενθερὰν
1734 2711 1778 2738 τοῦ

1001 2757 1117 2792 Πέτρου,
1140 2757 1188 2783 καὶ
1210 2756 1255 2783 τὸν
1273 2757 1356 2784 παῖδα
1371 2757 1421 2784 τοῦ
1445 2759 1655 2794 ἑκατοντάρχου.
1690 2760 1744 2785 Καὶ
1758 2760 1785 2786 ὲν

154 2806 226 2832 tiam
247 2804 456 2837 demittendam,
483 2805 587 2839 absque
610 2805 664 2833 ulla
681 2806 733 2833 alia
753 2813 835 2833 causa
864 2809 945 2833 nat't—
964 2812 985 2840 ι)
1000 2805 1033 2838 τῇ

1051 2803 1157 2838 ΙΙαλαιᾷ
1169 2804 1212 2830 διὰ
1225 2804 1271 2830 τοῦ
1282 2804 1410 2839 Σαμουὴλ
1424 2804 1527 2830 καὶτοῦ
1544 2804 1636 2831 Ἠλιοῦ
1647 2805 1783 2832 ὲπὺκνωιε

155 2852 205 2878 tab
223 2859 284 2885 qtta‘
300 2851 420 2885 pluviam
438 2853 615 2887 produceret.

1001 2850 1047 2876 τὸν
1080 2849 1149 2884 ἀέρα
1171 2850 1237 2884 πρὸς
1255 2849 1333 2876 ὑετὸν
1361 2850 1445 2885 χωρὶς
1458 2850 1505 2876 τοῦ
1527 2850 1654 2884 γενέσθαι
1671 2852 1784 2887 φυσικήν

1004 2904 1067 2924 τινα.
1084 2895 1201 2932 Eii/2pm
1216 2897 1262 2924 καὶ
1278 2897 1370 2924 αἰτίαν
1380 2897 1426 2924 τοῦ
1442 2897 1560 2933 δμὸρου.
