1870 3058
23 161 71 191 3ἳ7
523 162 616 193 ΗΘΜ.
639 163 668 192 ll
686 162 736 192 DE
751 161 827 192 SACl

933 161 1109 192 CORPORE
1129 161 1208 195 περ.

1619 163 1672 195 3T8

54 217 206 253 Δευτέραν
221 217 318 252 ἔχουσι
332 217 410 249 τάξιν
426 217 443 252 ή
458 217 607 249 ἀνάστασις
621 217 667 244 τοῦ
682 217 823 252 Λαζάρου,

916 217 1074 245 Secundum
1093 218 1185 246 locum
1198 218 1300 246 habent
1313 220 1436 254 quaedam
1450 220 1515 252 alia,
1531 225 1561 247 ut
1574 219 1671 247 Lazari

22 264 66 289 καὶ
81 264 100 297 ὴ
118 263 281 298 ἀνάϐλεψις
297 265 344 290 τοῦ
357 263 461 297 τυφλοῦ
472 272 480 280 ·
491 265 519 290 ὲν
536 263 644 295 τούτοις
659 264 715 298 γὰρ
729 263 759 289 τὸ
776 263 826 298 μὲν

22 309 188 343 γινόμενον,
207 310 280 337 κατὰ
301 309 350 346 τὴν
365 310 446 344 φύσιν
470 309 529 336 ὲστί
543 317 550 325 ·
575 305 637 336 ὅσον
661 310 688 336 δὲ
703 310 772 345 πρὸς
795 309 827 336 τὸ

22 355 218 390 ὑποκείμενον
237 357 266 382 ὲν
294 354 316 390 ᾦ
339 356 456 390 γίνεται,
481 355 559 390 παρὰ
581 355 631 389 τὴν
648 355 731 390 φύσιν
755 354 825 382 ἐστί.

23 401 99 428 [lanci
123 402 186 437 γὰρ
204 402 254 429 καὶ
271 403 287 436 ἡ
314 401 396 436 φύσις
412 401 482 435 αὑτὴ
503 400 588 435 ζωὴν,
610 399 731 426 ἀλλὀὐκ
746 400 776 427 ἐν
788 400 827 435 τῷ

23 449 116 484 νεκρῷ
129 457 138 464 ”
158 449 209 476 καὶ
223 449 332 476 δίδωσιν
358 448 420 483 ὄψιν
435 448 451 482 ἡ
473 447 565 481 φύσις,
592 446 651 473 ἀλλ’
667 446 718 473 οὐκ
741 447 771 473 ἐν
787 446 827 481 τῷ

27 496 232 530 πεπηρωμένῳ
247 495 312 527 τοὺς
327 493 496 530 ὀφθαλμούς.

59 542 174 577 Τρίτην
187 542 280 577 ἔχουσι
298 541 375 573 τάξιν
390 541 421 567 τὸ
436 541 533 573 στῆναι
545 538 592 566 τοῦ
604 539 706 566 οἰκείου
722 539 825 574 δρόμου

27 589 72 614 τὴν
88 588 186 623 ἣλιον,
213 588 227 614 ὃ
251 588 351 622 γέγονε
369 588 415 614 διὰ
446 586 535 622 Ἰησοῦ
551 586 600 613 τοῦ
620 586 699 621 Ναυῆ
710 594 718 602 ν
735 586 783 612 καὶ
797 585 828 613 τὸ

30 635 111 670 σῶμα
127 636 259 671 χωρῆσαι
278 635 323 661 διὰ
349 634 490 670 σώματος,
507 634 545 665 ὡς
572 635 586 660 ὁ
613 633 718 668 Κύριος
747 632 827 668 ἡμῶν

29 681 124 716 διῆλθε
140 682 197 709 τῶν
226 682 321 718 Θυρῶν
342 681 546 717 κεκλεισμένων
559 690 567 697 ’
583 680 673 708 ταῦτα.
689 681 743 716 γὰρ
768 679 829 707 κατ’

32 729 130 754 οὐδένα
140 728 246 763 τρόπον
264 728 340 763 παρὰ
357 728 406 763 τῆς
420 727 531 762 φύσεως
544 726 675 753 δύνανται
691 725 828 760 γίνεσθαι.

37 774 185 801 Ἐπέκεινα
202 774 232 801 δὲ
250 774 361 801 πάντων
376 773 482 800 τούτων
500 773 555 800 τῶν
570 772 747 807 θαυμασίων,
761 771 829 798 ἀλλὰ

33 820 78 846 δύο
93 821 151 846 εἰσὶ
162 819 293 855 θαῦμα-ια
305 820 434 855 μέγιστα,
448 819 494 845 καὶ
506 818 595 845 πάντα
607 817 686 852 λόγον
698 816 828 849 νικῶντα,

35 866 60 892 ἓν
81 866 133 901 μὲν
162 865 239 898 ἅπαξ
264 865 462 900 γεγενημένον,
489 865 533 891 ὅτε
571 864 621 899 τὴν
650 862 828 897 ἀνθρωπίνην

36 912 115 945 ᾠσιν
133 914 147 938 6
163 912 232 944 Θεὸς
248 911 352 946 συνῆψε
370 912 408 946 τῷ
426 911 492 946 θείῳ
508 910 650 946 προσώπῳ
665 917 671 925 ·
686 909 782 945 ἕτερον
799 908 828 935 δὲ
843 901 865 932 Β

38 958 130 992 μεῖξον
144 957 254 988 τούτου,
275 957 323 983 καὶ
341 957 405 984 καθ’
423 957 531 992 ἡμέραν
544 956 699 990 γινόμενον,
719 954 822 981 ὄτιαὺ-

38 1006 97 1031 τίκα
115 1004 285 1039 μεταϐάλλει
298 1004 348 1039 τὴν
365 1003 460 1030 οὐσίαν
480 1002 528 1029 τοῦ
553 1003 640 1038 ἄρτου
665 1002 705 1032 εἰς
717 1001 768 1036 τὴν
779 1001 827 1027 οὐ-

40 1051 96 1077 σίαν
118 1049 166 1078 τοῦ
186 1051 254 1078 ἰδίου
273 1049 403 1084 σώματος
417 1051 431 1076 ὁ
457 1049 585 1084 Χριστὸς,
602 1049 650 1075 καί
665 1048 714 1083 τὴν
733 1047 828 1074 οὐσίαν

39 1097 81 1123 τοῦ
98 1098 170 1124 οἴνου
186 1098 227 1128 εἰς
245 1097 295 1132 τὴν
311 1096 409 1124 οὐσίαν
421 1096 470 1123 τοῦ
488 1096 554 1122 ἰδίου
568 1096 695 1130 αἵματος.
717 1094 762 1120 Ἐν
779 1093 829 1128 μὲν

41 1143 90 1178 γὰρ
102 1143 141 1178 τῷ
156 1143 259 1178 πρώτῳ
275 1142 411 1177 θαύματι,
427 1141 558 1176 οὐδετέρα
574 1140 657 1175 φύσις
674 1138 827 1175 μετεϐλήθη

43 1190 106 1223 πρὶς
118 1189 166 1224 τὴν
180 1188 280 1224 ἑτέραν
293 1197 299 1204 ·
316 1187 376 1215 ἀλλ’
389 1187 418 1214 ὲν
429 1187 469 1222 τῷ
481 1187 528 1214 τοῦ
543 1185 663 1222 Χριστοῦ
676 1185 827 1221 προσώπῳ,

44 1234 87 1260 καὶ
99 1235 116 1269 ἠ
134 1234 231 1269 θεότης
256 1234 304 1260 καὶ
321 1234 337 1269 ἡ
364 1233 546 1269 ἀνθρωπότης
565 1233 731 1267 ἁσυγχύτως
748 1230 828 1258 εἰσίν.

50 1280 91 1305 Ἐν
107 1279 136 1305 δὲ
152 1279 241 1315 τούτῳ
268 1278 307 1314 τῷ
339 1278 486 1314 μυστηρίῳ
511 1277 543 1303 τὸ
567 1277 672 1311 κτίσμα
687 1275 757 1312 πρὸς
781 1275 828 1302 τὸν

47 1325 152 1359 κτίστην
167 1325 357 1360 μεταποιεῖται
377 1323 421 1351 διὰ
438 1324 522 1358 μέσου
534 1322 581 1349 τοῦ
597 1321 735 1357 σώματος,
752 1320 827 1356 καὶὴ

47 1371 240 1406 προῦφεστῶσα
259 1370 307 1397 τοῦ
329 1370 412 1406 ἄρτου
427 1370 507 1396 οὐσία
525 1369 605 1404 σῶμα
620 1367 741 1403 Χριστοῦ
753 1367 828 1402 γίνε-

48 1425 106 1444 ται·
123 1417 169 1445 καὶ
186 1418 203 1454 ἡ
218 1417 269 1453 μὲν
284 1417 367 1444 οὐσία
380 1416 428 1443 τοῦ
449 1416 534 1451 ἄρτου
554 1415 767 1451 μεταϐάλλεται,
783 1414 828 1440 ἵνα

48 1464 72 1490 ὲν
88 1464 151 1499 ἡμῖν
164 1465 195 1490 τὸ
209 1463 361 1499 μυστήριον
377 1463 488 1497 ἐνεργῇ,
503 1463 551 1489 καὶ
564 1461 730 1496 συσσώμους
751 1460 826 1495 ἡμᾶς

50 1511 106 1544 ποιῇ
122 1510 167 1536 τοῦ
185 1509 319 1544 Χριστοῦ.
341 1509 375 1535 Ἡ
387 1508 415 1535 δὲ
428 1507 528 1540 ἔξωθεν
543 1507 665 1538 διάθεσις
679 1505 728 1532 τοῦ
742 1505 826 1540 ἄρτου

52 1556 119 1589 μένει
135 1556 215 1583 πάλιν
228 1556 244 1590 ὴ
262 1556 344 1590 αὑτὴ,
360 1554 592 1590 συγκαλύπτουσαι
603 1553 653 1588 τὴν
668 1551 764 1579 οὐσίαν
778 1550 826 1578 τοῦ

51 1600 175 1635 σώματος,
192 1601 237 1629 ἵνα
259 1601 354 1636 μηδεὶς
370 1599 476 1634 ῐλιγγος
491 1600 566 1635 ἡμᾶς
577 1599 736 1633 κατασχὼν,
756 1599 829 1625 ἀπα-

51 1648 115 1683 γάγῃ
140 1648 188 1683 τῆς
211 1647 402 1683 μεταλήψεως.
429 1646 567 1680 Μέγιστον
590 1645 641 1680 μὲν
654 1644 701 1671 οὖν
719 1645 829 1671 πάντων

53 1694 99 1720 τῶν
115 1695 160 1721 τοῦ
173 1694 242 1721 Θεοῦ
263 1693 427 1728 θαυμασίων
444 1692 525 1719 τοῦτό
543 1692 602 1718 ἐστι
622 1691 652 1723 τὸ
665 1691 827 1726 μυστήριον,

55 1738 89 1765 διὸ
101 1741 146 1766 καὶ
175 1739 286 1773 πολλὰς,
314 1739 351 1770 ὡς
375 1738 557 1773 προείπομεν,
587 1737 730 1768 ἐνστάσεις
758 1736 828 1770 πρὶς

52 1786 121 1813 τοῦτο
135 1786 255 1813 κινοῦσιν
279 1786 355 1812 ἔνθεν
374 1785 423 1820 μὲν
449 1785 571 1816 ἄπιστοι,
598 1783 676 1810 ἐνθεν
700 1783 728 1810 δὲ
753 1784 829 1818 αἰρε-

53 1834 125 1865 τικοὶ,
140 1833 214 1860 ἔνθεν
233 1833 261 1859 δὲ
282 1832 399 1865 ἰδιῶται,
422 1832 473 1859 οὐκ
498 1831 608 1866 ἔχοντες
634 1831 752 1866 συνορᾷν
783 1831 828 1858 τδν

53 1877 125 1912 λόγον
143 1879 188 1906 τοῦ
214 1879 378 1915 μυστηρίου,
395 1878 430 1910 ἃς
458 1878 600 1910 ἐνστάσεις
625 1878 654 1904 ὲν
679 1878 774 1914 ἐκείνῃ
794 1879 827 1914 τῇ

54 1924 136 1959 ὁμιλίᾳ
154 1924 336 1959 διελυσάμεθα
348 1923 420 1951 τότε.

83 1971 112 1997 Οἱ
130 1971 176 2006 μὲν
191 1971 245 2006 γὰρ
261 1970 352 1996 αὐτῶν
367 1969 512 2005 ἀποροῦσι,
540 1969 600 2001 πῶς
624 1970 653 1996 ὲν
669 1969 708 2004 τῷ
722 1977 826 2004 παραυ-

55 2016 109 2042 τίκα
125 2017 322 2052 μεταϐάλλεται
341 2017 356 2051 ή
374 2017 453 2043 οὐσία
469 2016 517 2042 τοῦ
531 2015 614 2050 ἄρτου
636 2015 683 2042 καὶ
700 2015 772 2041 οἰνου
789 2016 829 2048 εἰς

56 2061 94 2096 τὴν
109 2063 196 2089 οὐσίαν
211 2062 257 2089 τοῦ
277 2062 415 2098 σώματος.
433 2063 464 2088 οἰ
477 2062 505 2089 δὲ
521 2061 657 2097 ἀποροῦσι
675 2062 734 2093 πῶς
749 2062 830 2088 δυνα-

59 2107 97 2133 τόν
119 2109 172 2134 ἐστι
192 2109 241 2143 τῆς
264 2108 358 2139 οὐσίας
374 2107 421 2134 τοῦ
443 2108 528 2143 ἄρτου
553 2107 773 2143 μεταϐληθείσης
789 2108 828 2139 εἰς

56 2153 99 2187 τὴν
125 2155 214 2180 οὐσίαν
229 2154 276 2180 τοῦ
293 2154 431 2189 σώματος,
449 2154 543 2189 μένειν
572 2154 608 2181 τὰ
635 2153 830 2189 συμϐεϐηκότα

58 2199 97 2225 τοῦ
123 2201 210 2234 ἄρτου,
239 2201 324 2235 ἧγουν
341 2201 372 2226 τὶ
399 2202 486 2235 μῆκος
512 2199 609 2233 αὑτοῦ,
635 2200 665 2227 τὸ
690 2200 830 2235 βάρος,τδ

881 264 1060 298 resurrectio,
1081 269 1109 292 et
1131 265 1207 293 visus
1232 265 1258 292 in
1284 273 1358 293 caeco
1376 267 1535 299 restitutio;
1554 267 1582 293 in
1610 267 1672 294 istis

879 311 950 337 enim
969 311 1041 346 quod
1058 311 1100 344 ﬁt,
1113 311 1265 339 secundum
1280 316 1404 339 naturam
1419 317 1482 346 cst;
1500 313 1547 341 sed
1566 314 1672 340 ratione

879 356 970 384 habita
991 357 1024 384 ad
1054 357 1209 392 subjectum
1236 358 1262 384 in
1281 366 1337 393 qtto
1360 359 1400 390 lit,
1424 362 1522 393 przeter
1544 363 1671 386 naturam

878 409 930 431 est.
950 403 1110 439 Eat-quippe
1135 405 1219 432 vitam
1241 404 1334 437 clﬁcit,
1355 405 1402 432 sed
1420 413 1473 432 non
1493 406 1520 432 in
1543 410 1670 445 mortuo;

879 450 973 478 eadem
995 451 1083 478 visum
1105 451 1162 484 dat,
1181 451 1230 479 sed
1244 459 1297 479 non
1315 452 1342 479 in
1358 451 1448 479 oculis
1464 452 1573 479 orbato.

915 539 1039 567 Tertium
1058 541 1146 567 locum
1172 540 1286 572 habent,
1312 547 1424 567 cursum
1441 540 1583 575 proprium
1602 540 1671 567 solis

881 585 991 618 sistere,
1011 587 1083 621 quod
1097 594 1145 621 per
1159 586 1253 614 Jesum
1273 586 1346 614 Nave
1362 586 1464 614 factum
1485 592 1526 614 est
1545 596 1552 615 :
1569 594 1673 621 corpus

880 639 928 667 per
943 632 1019 660 aliud
1036 639 1137 667 corpus
1154 637 1311 668 penetrare,
1329 637 1358 660 ut
1382 633 1449 660 fecit
1470 632 1599 661 Christus
1618 633 1671 660 Do-

880 678 981 711 minus,
1007 686 1069 706 cum
1091 687 1141 714 per
1162 680 1257 707 clausa
1283 680 1354 707 ostia
1387 680 1568 713 pertransivit
1589 688 1596 706 :
1615 681 1673 708 hazc

880 724 953 751 enim
969 725 1046 752 nullo
1063 725 1146 753 modo
1171 733 1187 753 a
1206 731 1305 753 natura
1327 725 1400 753 efﬁci
1424 730 1550 760 possunt.
1579 725 1672 759 Longe

879 780 946 800 vero
971 780 1056 808 supra
1087 773 1181 801 omnia
1211 774 1270 801 haec
1297 773 1446 805 mirabilia.
1466 774 1521 802 duo
1551 775 1669 801 maxima

880 819 1016 847 miracula
1039 825 1116 852 sunt,
1142 828 1203 855 qua:
1232 820 1367 848 rationem
1391 827 1502 847 omnem
1529 826 1671 854 superant,

881 874 966 894 unttm
985 867 1059 902 quod
1078 867 1162 895 semel
1182 867 1284 894 factum
1314 871 1365 898 est,
1393 866 1503 900 quando
1522 866 1670 894 humanam

881 916 1007 952 naturam
1023 912 1094 940 Deus
1107 912 1254 948 conjunxit
1271 912 1373 939 divina:
1388 919 1515 947 personae
1530 921 1537 941 :
1553 912 1670 940 alterum

881 965 946 985 vero
957 957 1045 992 majus
1060 958 1120 991 illo,
1133 963 1160 985 et
1172 957 1245 992 quod
1271 957 1397 993 qttotidie
1418 958 1547 992 elﬁcitur,
1560 958 1672 993 quando

880 1003 973 1031 statim
990 1003 1119 1032 Christus
1139 1007 1308 1032 transmutat
1323 1004 1508 1032 substantiam
1541 1004 1622 1039 panis
1642 1004 1670 1031 in

879 1049 984 1085 proprii
1001 1050 1128 1084 corporis
1145 1049 1345 1081 substantiam,
1365 1054 1392 1076 et
1408 1049 1594 1077 substantiam
1615 1049 1670 1075 vini

881 1096 908 1122 in
940 1095 1124 1123 substantiam
1142 1096 1244 1130 proprii
1264 1095 1418 1131 sanguinis.
1441 1095 1469 1122 In
1482 1095 1571 1130 pritno
1597 1095 1670 1121 enim

881 1141 1026 1176 miraculo,
1045 1147 1145 1169 neutra
1173 1142 1198 1168 in
1229 1141 1342 1169 alteram
1365 1145 1464 1168 natura
1488 1145 1694 1180 transmutata.

879 1192 921 1216 est
934 1195 941 1220 ;
953 1188 1001 1215 sed
1018 1188 1044 1215 in
1063 1188 1166 1215 Christi
1184 1195 1313 1223 persona,
1333 1193 1362 1216 et
1377 1187 1510 1216 divinitas
1527 1192 1553 1215 et
1572 1187 1670 1214 huma-

880 1234 952 1261 nitas
965 1238 1031 1261 sunt
1047 1234 1205 1261 inconfuse.
1219 1234 1254 1260 At
1265 1234 1294 1261 in
1307 1234 1359 1261 hnc
1374 1237 1549 1261 sacramento
1562 1236 1672 1259 creatu-

880 1280 948 1308 rain
963 1282 1122 1308 Creatorem
1141 1280 1367 1313 transformatur,
1386 1279 1528 1307 mediante
1541 1285 1671 1313 corpore,

879 1330 905 1353 et
923 1326 1120 1360 praeexsistens
1137 1326 1218 1361 panis
1250 1325 1418 1358 substantia,
1436 1324 1544 1352 Christi
1569 1331 1672 1358 corpus

879 1371 1008 1399 edicitur.
1027 1371 1061 1399 Et
1082 1372 1241 1400 substantia
1258 1371 1370 1407 quidem
1396 1371 1477 1406 panis
1501 1374 1671 1398 transmuta-

880 1422 935 1451 tur,
955 1423 983 1445 ut
1000 1417 1027 1445 in
1045 1418 1136 1450 ,nobis
1165 1421 1371 1446 sacramentum
1397 1421 1536 1452 operetur,
1565 1424 1672 1451 nosque

879 1471 1084 1500 concorporeos
1102 1464 1206 1492 Christi
1230 1464 1342 1492 efﬁciat.
1360 1463 1489 1492 Exterior
1512 1470 1576 1490 vero
1593 1462 1672 1498 panis

881 1510 1017 1538 habitudo
1033 1515 1127 1538 manet
1143 1510 1326 1538 nihilominus
1342 1510 1450 1544 eadem,
1476 1514 1571 1545 tegens
1604 1508 1672 1536 sub-

881 1556 1017 1583 stantiam
1034 1556 1170 1590 corporis,
1184 1564 1218 1583 ne
1234 1559 1287 1589 qua
1303 1563 1353 1583 nos
1372 1556 1508 1584 haesitatio
1532 1555 1670 1587 detinens,

881 1608 895 1627 a
913 1601 1111 1628 communione
1124 1601 1261 1628 detrahat.
1285 1600 1435 1628 Maximum
1452 1601 1534 1636 igitur
1546 1600 1670 1635 omnium

880 1647 928 1674 Dei
943 1647 1111 1675 mirabilium
1133 1652 1175 1675 est
1187 1648 1238 1675 hoc
1256 1652 1463 1675 sacramentum
1478 1656 1484 1681 ;
1510 1648 1582 1674 unde
1601 1648 1671 1675 mnl-

880 1696 933 1726 tas,
955 1698 984 1720 ut
1009 1701 1090 1728 supra
1108 1693 1240 1726 diximus,
1260 1695 1391 1722 adversus
1412 1694 1480 1722 illud
1501 1694 1670 1730 objectiOnes

880 1744 990 1767 movent
1004 1740 1068 1767 hinc
1084 1740 1220 1772 inﬁdeles,
1233 1740 1310 1767 illine
1324 1740 1453 1770 hreretici,
1474 1749 1506 1768 ex
1524 1741 1577 1767 alia
1594 1740 1672 1768 deni-

881 1792 934 1817 que
948 1789 1027 1818 parle
1042 1785 1133 1813 idiota“
1144 1785 1288 1816 illitterati,
1304 1784 1378 1819 quod
1396 1784 1530 1812 rationem
1547 1785 1670 1819 mysterii

880 1831 1034 1866 perspicere
1047 1831 1139 1858 minus
1152 1831 1273 1861 valeant,
1292 1837 1362 1865 quas
1373 1830 1486 1864 quidem
1499 1830 1671 1865 objectiones

880 1885 953 1905 rmnc
968 1877 1101 1905 diluimus
1118 1876 1146 1904 in
1164 1876 1259 1905 eadem
1272 1875 1396 1904 homilia.

917 1970 1027 1998 lllormn
1058 1969 1169 2004 quidem
1197 1969 1324 1997 nonnulli
1359 1968 1504 2004 objiciunt,
1535 1968 1672 2003 quomoqu

880 2017 907 2044 in
926 2020 1066 2044 momento
1089 2020 1291 2044 transmutatur
1313 2015 1467 2043 substantia
1481 2014 1560 2050 panis
1575 2018 1601 2041 et
1616 2014 1671 2040 vini

881 2063 909 2089 in
926 2062 1111 2090 substantiam
1127 2061 1266 2097 corporis.
1291 2061 1360 2093 Alii,
1378 2060 1516 2096 quomodo
1541 2059 1672 2093 possibile

882 2110 930 2142 sit,
958 2109 1113 2137 substantia
1136 2109 1216 2144 panis
1236 2112 1341 2136 mutata
1355 2109 1382 2135 in
1399 2107 1581 2135 substantiam
1606 2113 1671 2132 cor-

882 2156 968 2190 poris.
998 2162 1113 2182 manere
1149 2154 1303 2183 accidentia
1338 2154 1428 2188 panis,
1459 2160 1557 2186 nempe
1582 2151 1671 2184 longi-

881 2203 1004 2230 tudinem
1023 2202 1093 2236 ejus,
1109 2201 1230 2237 pondus,
1249 2200 1431 2239 latitudinem,
1455 2199 1587 2230 colorem,
1603 2198 1670 2225 odo-

59 2246 154 2278 πλάτος,
169 2247 197 2273 τὸ
214 2247 324 2282 χρῶμα,
336 2247 385 2281 τὴν
400 2247 498 2282 ὀσμὴν,
516 2247 563 2273 καὶ
577 2246 628 2282 τὴν
642 2247 670 2273 ὲν
684 2247 716 2282 τῇ
731 2246 826 2281 γεύσει

916 2257 951 2280 m,
969 2253 997 2275 et
1015 2249 1041 2275 in
1059 2253 1141 2282 gustu
1171 2247 1344 2283 qualitatem,
1372 2245 1441 2272 adeo
1463 2249 1491 2272 ut
1517 2243 1669 2272 accidentia

61 2294 186 2327 ποιότητα,
209 2293 280 2319 ὥστε
309 2292 379 2319 εἶναι
402 2293 436 2319 τὰ
457 2292 653 2328 συμϐεϐηκότα
679 2293 727 2318 τοῦ
743 2294 827 2327 ἄρτου

61 2337 129 2370 χωρὶς
141 2338 186 2372 τῆς
199 2337 294 2368 οὐσίας
307 2336 353 2363 τοῦ
364 2337 518 2371 ἄρτου,καί
529 2337 579 2372 τὴν
591 2337 722 2372 ἀληθινὴν
732 2338 828 2365 οὐσίαν

61 2383 97 2408 τοῦ
123 2383 242 2418 σώματος
271 2383 444 2419 κρύπτεσθαι
472 2385 501 2409 ὲν
520 2383 724 2418 συμϐεϐηκόσιν
745 2384 828 2419 ἄλλης

62 2428 147 2460 οὐσίας.
164 2430 273 2465 Ἕτεροι
296 2430 432 2465 ἀποροῦσι
459 2430 518 2461 πῶς
544 2429 660 2457 δυνατὸν
676 2430 735 2457 ὅλον
755 2428 827 2458 εἰναι

61 2474 96 2500 τὸν
114 2476 224 2510 Χριστὸν
249 2478 278 2503 ὲν
308 2477 394 2512 μικρᾷ
415 2476 463 2504 τοῦ
491 2476 657 2512 φαινομένου
686 2477 827 2512 ποσότητι.

63 2520 138 2547 ’Λλλοι
159 2522 237 2549 πάλιν
262 2522 450 2550 διαπιστοῦσιν
478 2523 552 2554 ὅπως
571 2522 601 2549 τὸ
628 2522 676 2550 τοῦ
707 2523 827 2558 Χριστοῦ

65 2568 175 2598 μυστικὸν
190 2568 270 2603 σῶμα
285 2569 333 2595 καὶ
354 2569 524 2604 τεμνόμενον
539 2568 670 2604 ἀκέραιον
692 2568 827 2604 διαμένει,

63 2612 98 2635 καὶ
119 2612 166 2638 τῶν
194 2614 348 2649 τμημάτων
372 2614 500 2648 ἕκαστον,
523 2614 589 2640 αὐτὸ
612 2613 673 2641 ὅλον
696 2614 755 2640 ἐστὶ
780 2614 826 2641 τοῦ

63 2655 161 2690 Χριστοῦ
176 2660 255 2694 σῶμα
269 2661 316 2687 καὶ
329 2661 444 2688 τέλειον.
464 2661 626 2696 Ἀποροῦσιν
637 2660 739 2696 ἕτεροι,
752 2661 767 2688 δ
780 2662 827 2688 καὶ

66 2704 173 2740 μεγίστην
195 2706 254 2741 ἔχει
271 2707 400 2741 ἀπορίαν,
426 2708 484 2739 πῶς
511 2709 543 2734 τὸ
561 2708 629 2735 αὺτδ
653 2709 693 2740 εἰς
722 2707 751 2734 ἓν
779 2708 826 2736 τοῦ

64 2748 160 2781 Χριστοῦ
176 2753 256 2788 σῶμά
267 2753 336 2787 ἐστι,
353 2755 400 2781 καί
414 2755 442 2781 ἐν
454 2754 574 2791 οὐρανῷ,
586 2755 634 2782 καὶ
645 2756 674 2781 ὲν
688 2754 827 2787 πλείστοις

66 2794 107 2829 ἅμα
120 2798 322 2835 θυσιαστηρίοις
339 2801 367 2827 ὲν
394 2803 441 2837 γῇ.
470 2801 553 2828 Ἀλλὰ
580 2801 683 2834 ταύτας
701 2802 752 2837 μὲν
778 2803 827 2833 τὰς

66 2841 159 2877 ἀπορίας
176 2845 224 2871 καὶ
245 2845 398 2882 λελύκιμεν
413 2848 484 2880 τότε,
506 2848 555 2875 καὶ
573 2848 713 2884 δυνάμεθα
738 2848 824 2882 λύειν,

66 2888 88 2922 τῇ
102 2889 211 2924 ΧριστἿῦ
228 2891 395 2927 φωτίσαντος
413 2895 486 2931 ἡμᾶς
501 2895 614 2930 χάριτι·
636 2895 738 2931 μᾶλλον
760 2895 788 2923 δὲ
803 2896 826 2923 οἰ

881 2296 961 2331 panis
973 2296 1030 2323 sint
1047 2295 1150 2330 absque
1166 2293 1322 2322 substantia
1341 2292 1429 2328 panis,
1465 2297 1492 2319 et
1516 2299 1578 2319 vera
1604 2292 1670 2318 sub-

885 2341 989 2370 stantia
1020 2341 1145 2376 corporis
1176 2340 1260 2367 lateat
1292 2340 1320 2366 in
1336 2337 1526 2366 accidentibus
1557 2338 1669 2365 alterius

881 2387 1054 2416 substantiae.
1086 2387 1140 2413 Alii
1158 2390 1285 2422 quaerunt
1312 2385 1451 2420 quomodo
1476 2383 1607 2420 possibile
1633 2384 1671 2411 sit

880 2438 966 2462 totum
980 2433 1121 2461 Christum
1138 2439 1199 2460 esse
1216 2432 1243 2458 in
1259 2430 1372 2457 minima
1384 2429 1459 2457 illius
1475 2428 1547 2464 quod
1561 2427 1670 2455 videtur

880 2480 1044 2516 quantitate.
1056 2478 1122 2511 Alii,
1136 2477 1275 2513 quomodo
1287 2484 1388 2511 corpus
1401 2475 1501 2503 Christi
1520 2474 1665 2510 mysticum

880 2535 929 2554 seu
960 2524 1171 2555 sacramentale,
1200 2523 1363 2555 dissectum,
1392 2525 1501 2549 maneat
1529 2521 1665 2555 integrant

881 2578 981 2603 tamen.
999 2575 1027 2600 et
1042 2578 1212 2605 unaquaeque
1242 2568 1373 2603 particula
1391 2567 1427 2594 sit
1440 2574 1541 2602 corpus
1565 2566 1668 2593 Christi

880 2624 966 2647 totum
980 2623 1060 2654 atque
1080 2616 1244 2653 perfectum.
1262 2614 1396 2648 Quaerunt
1412 2614 1470 2647 alii,
1489 2613 1561 2648 quod
1585 2614 1668 2641 etiam

881 2665 1029 2692 maximam
1055 2663 1242 2691 difficultatem
1262 2661 1354 2693 habet,
1381 2660 1520 2696 quomodo
1545 2660 1615 2687 idem
1641 2664 1668 2687 et

881 2716 964 2735 utlllln
982 2707 1082 2736 Christi
1098 2715 1201 2742 corpus
1222 2707 1247 2734 in
1264 2707 1334 2735 coelo
1361 2710 1414 2738 est,
1441 2709 1467 2732 et
1485 2705 1511 2732 in
1540 2705 1667 2739 plurimis

880 2741 960 2781 simul
973 2761 1056 2790 super
1073 2757 1176 2780 terram
1187 2753 1328 2780 altaribus.
1347 2752 1399 2780 Sed
1416 2751 1592 2780 dillicultates
1605 2751 1678 2780 illas~

881 2805 907 2829 ct
923 2804 988 2827 tunc
998 2799 1143 2832 solvimus,
1167 2804 1193 2826 ct
1207 2799 1313 2827 solvere
1342 2800 1490 2827 etiamnum
1509 2806 1677 2834 possumus,

881 2846 983 2875 Christi
1002 2845 1090 2881 gratia
1106 2852 1157 2872 nos
1180 2845 1373 2880 illuminantc;
1388 2846 1429 2873 vel
1446 2846 1537 2881 potius
1551 2852 1598 2872 eas
1612 2845 1668 2872 dis-

881 2894 992 2923 solvunt
1023 2891 1220 2926 sapicnlissimi
1242 2891 1371 2919 ECCltJbiiC
1404 2892 1544 2926 ductores,
1574 2892 1676 2927 gratia;
