1870 3058
197 77 246 109 39l

721 74 848 104 GENNA
855 74 906 104 Dil
928 74 983 105 (ΣΡ.
1006 74 1263 105 PATRIARCIIE

1802 71 1854 104 392

196 144 246 170 της
275 135 427 162 ἀπολαῦσαι
447 132 640 168 λαμτιρότητός
658 140 687 158 τε
715 131 762 157 καὶ
796 132 908 166 φήμης,
945 128 992 155 καὶ
1013 130 1081 166 μηδὲ
1106 131 1156 165 τὴν
1184 132 1353 158 ἀποστασίαν
1380 130 1436 158 τῶν
1462 131 1528 166 ἡμῖν
1545 127 1771 165 προσηκόντων
1812 131 1853 156 δε-

194 182 277 210 διέναι
299 182 397 216 γενῶν,
428 180 523 216 ἐπειδὴ
543 180 591 215 τὴν
609 177 755 213 ὁμολογίαν
773 178 821 211 τῆς
849 176 968 208 πίστεως
987 174 1039 202 οὐκ
1071 176 1157 210 άλλως
1183 178 1199 214 ἢ
1227 179 1359 214 πρότερον
1381 177 1496 208 ἐκεινοις
1528 184 1558 202 τε
1577 175 1627 203 καὶ
1658 176 1742 210 ἡμῖν
1777 175 1854 204 ἔσται

196 230 347 269 ποιεῖσθαι..

232 279 263 305 Ει
280 276 367 304 Latini
383 275 492 311 quidem
523 275 580 302 hmc
597 273 758 303 ostendunt.
785 272 842 299 haec
871 271 977 301 dicunt.
995 271 1019 300 Α

196 328 271 352 lauto
307 322 485 351 conficienda:
518 321 659 348 nobiscum
693 319 802 346 unionis
847 317 983 345 desiderio

200 367 414 402 flagrantzadeo
445 366 512 393 nihil
542 365 636 392 volunt
665 364 721 391 fieri
756 372 769 390 ιι
800 363 888 394 nobis,
912 362 983 396 quod

197 415 248 440 sibi
265 413 392 448 gloriam,
405 412 483 439 nobis
510 410 684 446 ignominiam
715 414 762 437 aut
788 409 982 436 detrimentum

166 485 168 492 ,
196 460 293 486 afferre
308 460 405 493 possit.
429 457 512 484 Nobis
532 465 594 484 vero
612 457 644 484 ad
666 457 722 483 haec
748 456 839 483 omnia
865 455 983 482 fortasse

198 505 308 539 quidem
324 504 405 532 verba
420 512 471 531 non
485 503 610 534 deerunt,
626 503 672 530 sed
697 509 752 529 non
770 502 847 529 multi
875 501 983 528 roboris

197 550 408 582 autdecoris,et
423 557 483 583 quae
501 549 599 575 virtute
612 551 639 574 et
658 547 791 582 sapientia
810 554 903 574 nostra
925 546 981 573 sint

197 596 289 630 digna,
302 601 348 622 aut
363 595 503 622 hominum
533 594 680 621 volentium
705 601 760 628 pra;
775 600 804 620 se
822 592 893 620 ferre
918 600 982 626 spe-

198 642 266 668 cicm
281 649 312 668 ac
327 641 484 676 dignitatem
504 640 624 672 Patrum,
650 639 697 674 qui
723 639 750 666 in
767 639 886 673 antiquis
907 638 982 666 fuere

198 687 332 719 conciliis,
347 692 373 714 ct
389 687 479 714 omnia
496 694 558 713 cum
572 686 685 713 veritate
697 690 723 712 et
737 684 872 712 eharitale
888 688 981 711 mutua

198 733 402 760 examinarunt.
419 731 474 759 Nec
505 740 569 759 γυνη
591 731 762 766 propositum
786 730 864 757 nobis
888 734 930 757 est
948 730 981 757 de

199 785 228 803 re
242 783 295 803 non
313 777 402 811 magni
414 775 542 810 ponderis
559 780 708 807 certamen,
719 774 765 801 sed
780 775 870 809 agitur
888 774 921 801 de
934 782 981 801 ve-

199 823 278 850 ritate
306 822 379 855 ﬁdei,
394 829 442 857 per
466 829 548 856 quam
570 829 621 849 nos
647 821 746 848 salvari
773 829 927 855 speramus.
955 818 1007 848 et’

198 877 279 904 quam
291 869 460 896 contentiose
475 875 631 903 oppugnare
653 875 707 895 non
724 867 812 895 solum
832 872 910 902 turpe
928 871 980 899 est,

198 916 244 945 sed
257 921 284 944 et
296 915 414 944 maxime
429 915 623 950 periculosum.
655 912 747 948 Neque
766 913 838 940 enim
865 917 912 940 aut
932 913 980 940 do-

198 968 287 990 ctores
298 969 398 997 negare
411 961 486 993 licet,
496 960 595 995 quibus
608 959 689 986 etiam
700 959 924 993 deprecatoribus
946 958 979 985 ad

176 1016 180 1020 ‘
199 1008 282 1035 Deum
298 1015 346 1042 pro
362 1007 480 1042 peccatis
496 1002 596 1033 nostris
608 1006 646 1032 uti
671 1005 801 1038 solemus,
823 1009 850 1031 et
880 1004 981 1038 quibus

198 1056 324 1082 universa
345 1053 466 1080 Ecclesia
494 1059 544 1087 pro
569 1051 764 1079 certaminibus
787 1050 822 1078 ob
839 1051 981 1078 veritatem
1010 1059 1013 1061 ·

197 1100 341 1136 Susceptis,
353 1104 378 1127 et
392 1098 533 1127 laboribus
547 1098 573 1125 in
589 1097 723 1130 docendo,
737 1104 818 1132 quam
833 1096 980 1124 maximam

198 1146 289 1173 retulit
300 1145 426 1182 gratiam,
442 1149 472 1172 ut
488 1144 612 1172 omittam
627 1143 695 1170 alias
708 1142 863 1170 sanctitatis
879 1147 982 1177 partes,

198 1199 308 1227 propter
335 1199 405 1227 quas
429 1191 490 1218 illos
517 1190 666 1217 secumlum
691 1189 777 1216 Deum
803 1189 981 1216 honoramus.

198 1238 290 1274 Neque
323 1238 445 1266 dicemus
473 1236 598 1264 doctores
623 1236 694 1263 inter
717 1243 746 1263 se
760 1242 904 1270 pugnare;
933 1235 983 1262 hoc

198 1284 270 1312 rnitn
285 1288 326 1312 est
339 1283 429 1311 omnia
445 1281 622 1314 confundere,
636 1289 667 1308 ac
682 1285 765 1308 totam
793 1281 926 1315 abnegare
952 1281 983 1308 ti-

199 1331 271 1357 dem.
287 1329 373 1356 Porro
388 1333 478 1355 autem
495 1327 611 1354 voluisse
640 1326 752 1354 Latinos
777 1326 926 1361 depravare
952 1327 983 1354 li-

201 1376 274 1408 dcm,
289 1380 314 1402 et
330 1374 470 1401 doctorum
485 1373 606 1400 omnium
635 1371 792 1399 adulterare
809 1371 982 1406 theologiam,

201 1422 262 1457 quis
282 1421 350 1449 adeo
365 1419 490 1452 stolidus,
513 1423 542 1446 ut
558 1418 652 1446 credat
665 1418 676 1444 ?
690 1418 786 1452 quisve
797 1417 824 1445 id
836 1407 983 1446 asserendo

995 936 1018 967 Β

200 1471 294 1495 contra
314 1467 437 1498 Latinos,
457 1465 512 1492 risu
540 1472 594 1491 non
608 1462 781 1499 excipiatur?
810 1463 886 1490 Nulla
911 1463 983 1490 enim

198 1513 354 1541 criminatio
369 1516 457 1547 potest
469 1510 596 1538 falsitatis
612 1510 737 1544 redargui
764 1509 899 1545 pluribus,
930 1508 984 1537 for-

198 1559 324 1590 tioribus,
341 1565 373 1585 ac
388 1557 543 1585 verioribus
565 1555 743 1592 argumentis.
759 1555 794 1581 At
821 1554 984 1588 objiciemus

199 1612 249 1632 nos
267 1607 442 1639 apparentem
460 1603 602 1630 doctorum
634 1600 833 1629 dissensionem
851 1608 858 1633 ;
891 1607 984 1627 verum
999 1616 1020 1646 α

200 1651 239 1678 illi
259 1657 317 1678 eam
333 1649 408 1676 nullo
421 1649 530 1684 negotio
551 1647 712 1680 dissolvent,
742 1647 797 1674 imo
814 1648 898 1674 etiam
926 1647 982 1682 jam

198 1697 392 1725 dissolverunt.
412 1695 464 1723 Sed
478 1703 566 1730 neque
583 1694 712 1722 decorum
731 1693 847 1728 amplius
862 1698 905 1721 est
928 1693 985 1720 hac

198 1749 212 1768 a
227 1741 332 1768 Latinis
347 1748 480 1776 quaerere;
495 1747 643 1775 possumus
655 1739 728 1766 enim
744 1743 771 1766 et
790 1745 839 1765 nos
850 1738 903 1773 ipsi
921 1745 985 1766 con-

198 1788 292 1815 ciliare
303 1788 374 1815 inter
390 1794 420 1814 se
445 1786 582 1814 doctores.
604 1785 659 1820 Ego
688 1791 751 1812 cum
777 1784 828 1812 sim
859 1788 981 1812 vestrum

199 1835 322 1861 eximium
339 1833 480 1864 minimus,
497 1831 544 1859 ubi
577 1830 602 1858 id
633 1830 845 1864 mamlaveritis,
872 1835 984 1865 paratus

199 1889 258 1908 sum
274 1881 326 1907 hoe
352 1883 482 1915 praestare
506 1881 533 1905 et
565 1877 689 1912 privatim
713 1881 741 1904 et
756 1877 872 1912 publice,
902 1881 984 1912 atque

198 1926 325 1953 omnibus
339 1925 483 1952 ostendere
511 1923 682 1958 apertissime
703 1923 829 1950 doctores
854 1922 983 1950 Ecclesia:

197 1974 204 2000 i
219 1985 223 1999 l
238 1973 395 2000 universum
413 1971 446 1998 de
470 1972 615 2005 praeposita
643 1969 755 1996 materia
773 1969 843 1995 idem
870 1969 980 1995 sentire.

198 2020 253 2046 lloc
272 2023 360 2045 autem
378 2026 431 2045 non
444 2017 538 2044 multis
561 2016 703 2044 ostendam
724 2014 909 2046 sermonibus.
934 2015 982 2042 sed

197 2065 265 2092 satis
295 2063 344 2091 erit
375 2064 488 2090 duarum
517 2064 635 2097 spatium
656 2062 783 2088 lim-arum
805 2061 839 2088 ad
871 2068 984 2095 persua-

198 2111 314 2137 dendum
328 2109 405 2137 vobis
425 2109 553 2137 omnibus
578 2114 748 2142 nequaquam
775 2107 901 2134 dubitare
922 2115 982 2134 am-

198 2159 267 2192 plius
283 2157 316 2184 de
331 2157 514 2183 consensione
531 2155 685 2186 doctorum,
703 2159 732 2180 ut
763 2161 810 2180 nec
838 2161 886 2180 vos
913 2153 983 2181 ultra

199 2203 330 2233 habeatis,
347 2210 396 2229 nec
411 2201 514 2228 Latinis
530 2201 666 2234 negotium
698 2199 859 2231 exhibeatis,
887 2199 981 2226 harmn

197 2248 375 2282 inquisitione
405 2254 495 2273 rerum
526 2246 672 2273 commissa
704 2245 808 2281 synodo
835 2245 981 2272 rounmuni.

198 2295 251 2322 Sed
271 2301 358 2328 neque
371 2293 392 2320 si
411 2297 518 2324 tempus
532 2292 612 2318 etiam
640 2291 739 2318 frustra
753 2295 894 2317 conterere
919 2290 984 2317 lice-
999 2282 1022 2312 ί)

197 2339 343 2372 rct,veluti
367 2337 526 2365 sedentibus
556 2338 581 2363 in
603 2337 669 2367 otio,
698 2336 826 2370 nullaque
845 2336 983 2370 oppressis

198 2387 361 2413 necessitate
376 2385 408 2411 ad
425 2383 598 2418 cogitandum
621 2383 655 2409 de
680 2381 781 2414 reditu,
798 2385 936 2414 oporteret
951 2382 984 2409 de

199 2434 280 2460 rebus
296 2431 395 2458 divinis
411 2429 506 2456 inanes
528 2428 641 2454 fundere
661 2433 812 2459 sermones,
829 2431 855 2453 et
879 2427 983 2454 instan-

200 2479 251 2505 tias
266 2475 459 2511 disputationis
474 2481 539 2507 ergo
551 2473 658 2505 aﬂ'erre,
672 2472 870 2506 victoriamque
894 2474 982 2500 solum

200 2533 238 2559 sp
250 2529 333 2554 ctare,
352 2530 383 2549 ac
402 2520 484 2547 multa
500 2520 599 2551 dicere,
613 2519 638 2545 in
652 2519 751 2553 quibus
773 2519 855 2546 etiam
873 2527 922 2552 par
942 2524 983 2547 est

201 2567 304 2602 aliquid
318 2564 418 2591 erroris
434 2565 565 2596 miscere;
582 2563 663 2598 idque
690 2571 742 2590 non
761 2564 875 2590 mttltum
892 2565 984 2592 valen-

203 2614 274 2640 tibus
286 2610 451 2639 contendere
480 2617 540 2635 cum
557 2608 661 2635 Latinis
688 2609 845 2644 theologicae
866 2617 897 2637 ac
923 2610 984 2645 phi-

202 2658 347 2692 losophicae
377 2655 514 2682 facultatis
540 2655 654 2687 nozitia;
688 2655 787 2682 infelici
822 2663 911 2682 rerum
938 2664 986 2683 no-

201 2712 319 2733 strarum
336 2707 408 2730 statu
425 2701 460 2727 ita
477 2701 591 2734 ferente,
623 2706 732 2736 propter
747 2710 827 2736 quem
858 2703 902 2737 qui
930 2702 986 2737 pri-

202 2755 361 2779 mastencnt
380 2749 525 2780 internus,
549 2747 585 2774 ita
617 2748 780 2782 theologiam
812 2756 843 2774 ac
868 2748 988 2782 philoso-

200 2798 291 2832 phiam
304 2795 451 2831 attingunt,
467 2799 495 2821 ut
518 2803 570 2822 non
587 2795 698 2823 omnino
721 2794 849 2822 ineruditi
881 2795 988 2822 vidcan-

997 2906 1020 2913 η

1070 273 1126 300 Καὶ
1139 273 1164 298 oi
1181 271 1231 307 μὲν
1248 273 1359 300 Λατῖνοι
1374 272 1463 299 ταῦτα
1487 272 1664 304 δεικνύουσι,
1685 271 1789 298 ταῦτά
1803 280 1852 305 φι-

1035 328 1087 351 σιν,
1108 318 1179 345 οὕτω
1192 319 1260 353 πρὸς
1280 318 1330 354 τὴν
1349 318 1408 352 μεθ’
1430 318 1508 353 ὴμῶν
1525 317 1636 350 ζέουσιν
1665 317 1794 348 ἕνωσιν,
1810 317 1854 342 εὖ.

1033 373 1087 396 τως
1101 366 1174 399 ἡμᾶς
1190 365 1239 398 τῆς
1253 365 1366 390 ἐκείνων
1378 363 1460 390 ἕνεκα
1487 363 1567 398 δόξης
1588 359 1676 390 οὐδὲν
1699 361 1852 397 βούλονται

1034 410 1165 445 πράττειν
1180 411 1292 445 αἰσχρὸν
1317 410 1498 444 ἢδυνάμενον
1523 409 1676 444 βλάπτειν.
1702 408 1812 442 Ἡμεῖς
1827 408 1853 434 δὲ

1033 456 1102 490 πρὸς
1120 455 1207 482 ταῦτα
1233 456 1323 492 πάντα
1338 456 1425 489 λόγων
1456 455 1505 489 μὲν
1535 455 1601 486 ἴσως
1617 454 1850 488 εὐπορήσομεν,

1033 501 1091 528 ἀλλ’
1106 501 1136 528 οὐ
1154 501 1225 528 πάνυ
1241 501 1384 535 γενναίων,
1407 501 1462 527 οὐδ’
1482 501 1645 535 εὐπρεπῶν,
1673 499 1741 526 οὐδ’
1765 499 1850 530 ἀξίων

1033 547 1232 583 τῆςὴμετέρας
1252 547 1352 582 ἀρετῆς
1370 547 1417 574 καὶ
1440 546 1548 580 σοφίας,
1567 546 1626 573 οὐδὲ
1655 545 1849 581 βουλομένων

1033 593 1138 629 ἀνδρῶν
1152 594 1246 629 σχῆμα
1271 594 1369 625 σώζειν
1392 593 1440 619 καὶ
1462 593 1540 625 τάξιν
1555 593 1608 619 τῶν
1625 593 1662 618 ὲν
1680 593 1753 622 ταῖς
1771 591 1850 617 m6-

1033 641 1089 672 δοις
1118 641 1237 670 ἐκείναις
1263 639 1404 674 Πατέρων,
1422 639 1446 666 οἳ
1473 639 1543 674 μετὰ
1564 639 1613 672 τῆς
1629 638 1784 672 ἀληθείας
1801 638 1848 663 κιὶ

1032 688 1082 722 τῆς
1104 687 1170 722 πρὸς
1193 686 1325 720 ἀλλήλους
1353 685 1465 720 ἀγάπης
1481 686 1568 712 πάντα
1585 684 1756 718 ὲξήτασαν.
1786 682 1848 708 Οὐδ’

1033 733 1104 768 ὑπὲρ
1117 733 1171 759 τῶν
1184 733 1318 767 τυχόντων
1329 733 1396 767 ἡμῖν
1411 733 1424 758 ὁ
1439 731 1526 765 ἀγὼν,
1538 730 1595 757 ἀλλ’
1608 730 1690 764 ὑπὲρ
1704 730 1763 763 τῆς
1777 728 1846 763 άλη-

1033 779 1109 811 θείας
1124 780 1175 814 τῆς
1190 779 1320 810 πίστεως,
1337 778 1396 814 μεθ’
1410 776 1443 814 ἧς
1466 778 1498 811 δὴ
1515 777 1669 811 ἐλπίζομεν
1697 773 1845 807 σώζεσθαι

1033 826 1081 852 καὶ
1096 826 1162 860 πρὸς
1176 827 1209 860 ἢν
1225 825 1329 851 ἐθέλειν
1344 824 1516 859 φιλονεικεῖν,
1530 823 1580 849 οὐκ
1599 822 1731 857 αίσχρδν
1747 821 1843 856 μόνον,

1033 870 1162 897 ἀλλὰκαὶ
1181 870 1306 897 κινδύνου
1332 869 1416 903 γέμον
1441 868 1582 902 μεγίστου.
1609 866 1687 893 Οὔτε
1712 866 1775 900 γὰρ
1796 867 1843 899 ἀρ-

1033 919 1165 952 νήσασθαι
1178 918 1240 954 τοὺς
1255 916 1429 946 διδασκάλους
1441 916 1556 947 ἔξεστιν,
1568 911 1608 945 οἷς
1624 914 1678 939 καὶ
1699 912 1843 946 πρέσϐεσι

1037 965 1105 999 πρὸς
1118 965 1184 992 Θεὸν
1204 965 1274 998 ὑπὲρ
1289 965 1342 991 τῶν
1365 964 1507 999 ἡμετέρων
1526 961 1757 997 ἁμαρτημάτων
1782 959 1843 985 eid;-

1036 1012 1123 1047 θαμεν
1147 1011 1277 1046 χρῆσθαι,
1295 1011 1341 1037 καὶ
1364 1009 1404 1041 οἷς
1425 1010 1456 1036 τὺ
1473 1009 1562 1036 κοινὸν
1576 1010 1626 1043 τῆς
1657 1006 1841 1041 Ἐκκλησῐας

1037 1057 1169 1093 μεγίστας
1186 1057 1240 1087 τῶν
1260 1056 1330 1090 ὑπὲρ
1341 1057 1390 1090 τῆς
1415 1056 1544 1089 ἀληθείας
1563 1054 1684 1088 ἀγώνων
1718 1053 1769 1078 καὶ
1787 1051 1839 1078 τῶν

1035 1104 1064 1130 ὲν
1075 1103 1112 1138 τῷ
1123 1102 1260 1130 διδάσκειν
1275 1102 1364 1129 πόνων
1388 1102 1520 1136 ἀπένειμε
1543 1100 1659 1135 χάριτας
1687 1099 1762 1125 ἄνευ
1789 1097 1838 1131 τῆς

1035 1148 1118 1183 ἄλλης
1144 1147 1314 1182 ἁγιωσύνης,
1342 1144 1377 1183 ἧς
1405 1147 1487 1174 ἕνεκα
1511 1144 1570 1177 ταῖς
1592 1145 1750 1180 δευτέραις
1769 1144 1836 1179 μετὰ

1036 1194 1102 1221 Θεὸν
1114 1194 1214 1225 αὐτοὺς
1229 1194 1353 1228 τιμῶμεν
1366 1194 1470 1228 τιμαῖς’
1483 1192 1543 1228 ρῦτ¹
1566 1193 1691 1228 ἐροῦμεν
1720 1191 1837 1224 ἀντιφά-

1037 1249 1112 1268 σκειν
1123 1241 1185 1271 τοὺς
1203 1239 1383 1270 διδασκάλους
1398 1239 1525 1273 ἀλλήλοις
1536 1246 1544 1254 ·
1557 1237 1637 1264 τοῦτο
1655 1238 1719 1272 γὰρ
1744 1238 1833 1263 πάντα

1037 1286 1164 1320 συγχέειν
1188 1285 1259 1318 ἐστὶ,
1286 1284 1334 1310 καὶ
1348 1284 1396 1319 τὴν
1411 1284 1504 1310 πίστιν
1534 1284 1624 1310 πᾶσαν
1663 1282 1834 1317 ἀρνεῖσθαι.

1037 1332 1073 1358 Τὸ
1087 1332 1116 1359 δὲ
1131 1333 1263 1363 Λατίνους
1287 1332 1442 1366 διαφθεῖραι
1460 1330 1624 1366 βουληθῆναι
1647 1330 1704 1360 τὴν
1728 1330 1835 1360 πίστιν,

1037 1377 1084 1404 καὶ
1093 1377 1142 1412 τὴν
1153 1377 1207 1403 τῶν
1219 1377 1385 1404 διδασκάλων
1398 1375 1524 1403 ἁπάντων
1534 1375 1661 1401 νοθεῦσαι
1673 1374 1833 1407 θεολογίαν,

1037 1424 1079 1456 τίς
1094 1423 1181 1456 οὕτως
1197 1422 1298 1455 ἁπλοῦς
1315 1423 1373 1449 ἔστι
1386 1422 1455 1449 ὥστε
1473 1422 1634 1454 rue-reboat;
1653 1422 1671 1457 ἢ
1690 1422 1738 1453 τίς
1756 1421 1834 1447 τοῦτο

1038 1470 1109 1498 κατὰ
1120 1471 1244 1497 Λατίνων
1257 1469 1342 1496 εἰπὼν
1355 1469 1415 1504 οὐχὶ
1429 1470 1476 1495 καὶ
1496 1468 1601 1502 γέλωτα
1615 1468 1832 1503 προσοφλήσει;

1037 1519 1152 1553 οὐδεμία
1167 1518 1221 1553 γὰρ
1235 1517 1353 1553 ταυτησὶ
1363 1518 1413 1552 τῆς
1428 1516 1596 1552 κατηγορίας
1610 1518 1726 1544 πλείοσί
1742 1526 1774 1544 τε
1789 1516 1834 1544 καὶ

1040 1565 1145 1600 μείζοσι
1177 1564 1225 1592 καὶ
1251 1563 1443 1600 ἀληθεστέρως
1478 1563 1511 1590 ἂν
1547 1564 1692 1599 ἐλέγχοιτο
1722 1564 1830 1598 λόγοις.

1043 1611 1124 1638 Ἀλλὰ
1138 1610 1188 1645 τὴν
1204 1609 1372 1645 φαινομένην
1394 1609 1604 1644 προϐαλλόμεθα
1625 1610 1682 1636 τῶν
1700 1609 1832 1636 διδασκά-

1034 1659 1088 1685 λων
1112 1657 1285 1692 διαφωνίαν.
1312 1657 1432 1683 Λῠσουσι
1449 1657 1539 1683 τοίνυν
1566 1656 1650 1692 αὐτὴν
1674 1657 1727 1683 καὶ
1758 1656 1830 1690 μάλα

1034 1704 1153 1736 εὐκόλως
1168 1711 1175 1718 ’
1193 1702 1294 1738 μᾶλλον
1319 1703 1348 1730 δὲ
1363 1703 1410 1730 καὶ
1427 1702 1478 1738 ἠδη
1505 1702 1660 1729 λελύκασιν.
1677 1702 1758 1729 Ἀλλ’
1775 1702 1830 1728 οὐδ’

1034 1750 1172 1785 εὐπρεπές
1186 1751 1243 1777 ἔστι
1256 1749 1350 1777 λοιπὸν
1368 1749 1445 1784 παρὰ
1457 1749 1580 1776 Λατίνων
1595 1750 1629 1776 τὰ
1649 1749 1772 1776 τοιαῦτα
1786 1748 1828 1781 5’s-

1029 1787 1090 1822 ⁴ἰτεῖν
1103 1803 1111 1811 ·
1128 1797 1174 1821 καὶ
1191 1795 1273 1830 ἡμεῖς
1299 1794 1355 1830 γὰρ
1382 1795 1448 1829 παρ’
1468 1794 1576 1826 ἑαυτοῖς
1604 1794 1754 1829 δυνάμεθα
1768 1793 1829 1823 τοὺς

1034 1834 1212 1870 διὸἶσκάλους
1229 1839 1384 1866 συνάπτειν.
1400 1837 1472 1873 Ἐγὼ
1501 1839 1610 1866 πάντων
1633 1839 1716 1873 ὑμῶν
1735 1839 1825 1872 ἐλάχι-

1035 1893 1096 1916 στος
1113 1883 1160 1915 ὢν.
1173 1884 1272 1910 ὁπόταν
1286 1883 1443 1918 κελεύσητε,
1455 1882 1529 1910 τοῦθ’
1544 1883 1652 1917 ἕτοιμός
1663 1883 1728 1917 είμι
1742 1883 1826 1917 πράτ-

1034 1939 1092 1957 τειν
1108 1930 1155 1957 καὶ
1172 1929 1224 1964 ἰδίᾳ
1241 1931 1285 1956 καὶ
1303 1929 1431 1967 δημοσίᾳ,
1455 1929 1503 1955 καὶ
1519 1929 1603 1962 δεῖξαι
1625 1930 1713 1956 πᾶσιν
1729 1928 1825 1955 οὑτωσὶ

1034 1976 1171 2011 φανερῶς,
1185 1976 1226 2002 ὅτι
1250 1975 1295 2002 διὰ
1319 1975 1428 2001 πάντων
1451 1975 1476 2000 οἱ
1492 1974 1542 2008 τῆς
1565 1975 1736 2010 Ἐκκλησίας
1753 1974 1823 2001 διδά-

1036 2021 1129 2047 σκαλοι
1139 2021 1188 2055 τὴν
1203 2020 1288 2054 αὐτὴν
1300 2019 1364 2054 περὶ
1375 2019 1430 2045 τῶν
1443 2019 1632 2053 προκειμένων
1647 2020 1742 2054 ἔχουσι
1756 2019 1822 2054 γνώ-

1002 2094 1005 2097 ,
1037 2075 1100 2103 μην’
1120 2067 1167 2093 καὶ
1182 2065 1261 2092 τοῦτο
1289 2066 1340 2092 οὐκ
1368 2066 1396 2091 ὲν
1420 2065 1510 2098 λόγοις
1528 2065 1607 2097 δείξω
1627 2066 1750 2098 πολλοῖς,
1767 2065 1822 2092 ἀλλ’

1034 2113 1198 2148 ἀρκέσουσιν
1209 2109 1278 2146 ὧραι
1294 2111 1351 2143 δύο,
1371 2110 1441 2137 ὥστε
1458 2112 1551 2138 πεῖσαι
1567 2112 1671 2144 πάντας
1682 2114 1757 2148 ὑμᾶς
1773 2119 1820 2146 μιν

1035 2160 1093 2186 κέτι
1102 2158 1222 2193 περὶτῆς
1230 2157 1283 2184 τῶν
1291 2158 1463 2185 διδασκάλων
1473 2159 1635 2192 συμφωνίας
1646 2159 1819 2194 ἀμφιγνοεῖν

1037 2204 1106 2240 μηδὲ
1122 2205 1274 2239 πράγματα
1288 2204 1381 2230 λοιπὸν
1399 2204 1495 2235 αὐτούς
1508 2213 1537 2231 τε
1550 2204 1622 2239 ἔχειν
1635 2205 1684 2231 καὶ
1697 2205 1820 2233 Λατίνοις

1035 2250 1180 2285 παρέχειν,
1198 2251 1277 2284 κοινῇ
1294 2250 1396 2289 συνρδῳ
1408 2250 1457 2286 τὴν
1472 2251 1537 2286 περὶ
1559 2250 1661 2276 τούτων
1681 2250 1818 2278 ἀνατιθέν-

1035 2304 1084 2327 τας
1097 2295 1234 2336 ίὲξέτιισινἶ
1258 2295 1340 2322 Ἀλλὰ
1358 2295 1411 2330 μὴν
1436 2296 1491 2322 οὐδ’
1519 2296 1544 2322 εί
1564 2296 1669 2331 τρίϐειν
1689 2296 1753 2330 ἐξῆν
1776 2295 1817 2320 τὶν

1037 2342 1144 2376 καιρδν,
1163 2341 1290 2376 καθάπερ
1306 2342 1352 2367 ὲπὶ
1368 2341 1466 2376 σκολῆς
1482 2341 1667 2376 καθημένους,
1685 2343 1731 2367 καὶ
1755 2341 1816 2375 πρὶς

1035 2387 1084 2422 τὴν
1101 2387 1231 2414 ἐπάνοδον
1245 2388 1374 2423 οὐδεμίαν
1392 2388 1515 2422 ἀνάγκην
1540 2388 1661 2422 ἔχοντας,
1687 2388 1740 2414 ἔδει
1758 2387 1817 2418 ’περὶ

1035 2433 1090 2460 τῶν
1107 2433 1187 2460 ὑείων
1199 2435 1373 2468 πραγμάτων
1390 2435 1456 2460 κενὰ
1471 2434 1518 2460 καὶ
1534 2433 1636 2468 μάταια
1657 2433 1756 2466 λέγειν,
1773 2430 1815 2456 mi

1037 2479 1105 2514 πρὶς
1118 2479 1163 2505 τὸν
1174 2478 1226 2510 ἔξω
1238 2480 1316 2512 λόγον
1336 2478 1506 2508 ἐνίστασθαι,
1518 2479 1564 2504 καί
1584 2478 1631 2512 τὴν
1646 2478 1724 2512 νίκην
1737 2477 1815 2510 μόνην

1037 2527 1160 2556 σκοπεῖν,
1175 2526 1222 2550 καὶ
1240 2524 1326 2550 πολλὰ
1340 2525 1440 2558 λέγειν,
1459 2524 1488 2549 ὲν
1500 2522 1539 2555 οἷς
1551 2523 1623 2554 είκὸς
1634 2531 1659 2548 τι
1676 2523 1720 2548 καὶ
1731 2522 1812 2555 ἁμαρ·

1035 2571 1136 2596 τὰνειψ
1151 2571 1198 2596 καὶ
1215 2570 1301 2596 ταῦτα
1318 2570 1382 2604 περὶ
1394 2569 1533 2604 Οειλογίας
1549 2578 1577 2596 τε
1594 2570 1640 2595 καὶ
1664 2566 1813 2602 φιλοσοφὲας

1036 2617 1065 2642 οὗ
1084 2616 1188 2650 σςὸδρα
1205 2615 1370 2648 δυναμένους
1397 2615 1564 2649 ἁμιλλᾶσθαι
1580 2615 1706 2645 Λατίνοις
1720 2622 1726 2629 ·
1742 2612 1813 2638 τοῦτο

1036 2662 1085 2694 τῆς
1099 2662 1127 2686 ὲν
1140 2661 1206 2693 ἡμῖν
1222 2661 1368 2695 δυστυχίας
1378 2661 1432 2687 τῶν
1447 2661 1617 2695 πραγμάτων
1629 2657 1810 2694 πεποιηκυίας,

1036 2705 1068 2731 δι’
1082 2706 1113 2740 ἢν
1131 2706 1154 2730 οἱ
1170 2705 1234 2740 παρ’
1248 2706 1314 2739 ἡμῖν
1329 2706 1408 2740 ἄκροι
1426 2707 1552 2732 τοσοῦτον
1564 2706 1709 2740 θεολογίας
1720 2712 1748 2730 τε
1771 2702 1811 2727 καὶ

1038 2751 1197 2785 φιλοσοφίας
1214 2751 1357 2783 ἅπτονται,
1371 2752 1441 2778 ὥστε
1470 2752 1551 2786 μόνον
1575 2751 1613 2787 μὴ
1636 2752 1723 2778 δοκεῖν
1735 2748 1810 2775 καυά-

1040 2796 1094 2828 παξ
1111 2796 1280 2829 ﬁnitimam,
1312 2797 1507 2824 ἐκλελοιπότων
1535 2799 1584 2833 μὲν
1610 2793 1809 2831 παιδευτηρίωνν
