1870 3058
40 92 100 126 409

668 102 810 134 ORATIO
826 102 841 132 Ι
862 102 912 133 ΔΙ.)
929 103 1121 137 SYNODUM.

1641 105 1695 137 410

42 152 70 177 δὲ
91 153 153 187 τῆς
175 155 240 181 τῶν
257 155 328 183 ὅλων
344 157 458 192 εἰρήνης
471 158 518 184 καὶ
533 158 568 186 τὰ
581 159 697 186 πλείστα
707 160 761 188 τῶν
775 161 857 195 ὕπαρ-

952 164 1006 188 tem
1019 161 1162 188 comnutni
1176 161 1372 196 projiciendam
1386 167 1447 188 esse
1459 160 1616 188 facultatum
1633 167 1694 194 par-

40 198 160 232 χόντων
179 201 288 236 χρῆναι
302 202 544 236 προέσθαι.-Δυοῖν
571 206 662 233 τοίνυν
685 207 799 239 τούτων,
822 204 860 234 ὧν

39 245 133 271 ’ἕνεκα
152 249 214 274 καὶ
230 249 296 279 τοὺς
310 249 425 281 πολλοὺς
449 251 608 286 ὑπέστημεν
622 253 730 283 πόνους,
746 253 861 287 θάτερον

43 290 97 324 μὲν
120 294 358 329 κατωρθωκόσιν
374 296 451 330 ἡμῖν,
465 296 515 332 τὴν
531 297 632 330 γνῶσιν
646 298 717 331 λέγω
731 299 780 333 τῆς
792 299 860 335 ἀλη-

42 338 142 370 θείιις,
175 340 292 376 ἀνάγκη
323 342 399 368 πᾶσα
427 342 474 368 καὶ
500 343 530 368 τὺ
548 343 639 370 λοιπὸν
655 345 859 373 ἐπακολουθεῖν.

43 383 139 410 Οὖῖὲν
152 385 219 422 γὰρ
241 387 331 421 ἔσται,
350 388 399 421 τῆς
415 389 544 424 ἀληθείας
561 390 626 425 περὶ
642 390 696 417 τῶν
720 391 860 426 ἀμφισϐη-

41 431 212 465 τουμένων
231 433 458 469 ἐπιγνωσθείσης,
475 435 489 461 ὃ
512 436 559 462 καὶ
584 436 665 464 πάλιν
681 437 750 472 ἡμῖν
772 437 860 472 σχίσει

45 477 100 508 τὰς
121 478 264 513 γνώμας,
291 480 340 506 καὶ
357 481 406 515 τὴν
431 482 596 517 οἰκουμένην
624 483 724 517 ὁμοίως
750 483 859 510 ἅπασαν

43 522 213 550 διελεῖται.
227 524 300 551 Οὔτε
316 526 372 560 γὰρ
392 526 456 561 περὶ
485 527 537 562 γῆς
552 528 622 563 ὅρων
638 528 654 564 ἢ
669 529 818 564 χρημάτων
840 529 857 564 ἢ

46 570 154 603 νήσων
177 571 228 597 καὶ
250 571 356 599 πόλεων
385 572 461 605 δίκας
479 574 644 609 πράττοντες
658 575 858 610 καθεδούμεθα,

47 615 109 641 οἰδ¹
129 616 251 651 ἥκομεν
266 617 371 644 τούτων
385 618 468 645 ἕνεκα
484 619 534 654 τὴν
550 619 648 655 ἀρχὴν,
669 619 733 648 οὔτε
747 620 859 648 δυνατόν

48 662 114 688 ἐστι
133 662 328 696 περὶτούτων
347 663 452 696 πάντας
479 665 564 691 πᾶσιν
595 666 792 701 ἀμφισὸητεῖν.
813 666 859 694 Εἱ-

53 708 258 742 ρηνεύσαντες
272 708 299 734 δὲ
316 708 383 743 πρὸς
399 708 531 744 ἀλλήλους
543 710 608 736 ἄνευ
621 710 668 737 τοῦ
680 711 727 737 καὶ
744 711 807 746 περὶ
824 710 859 738 τὰ

50 752 196 787 δόγματα
213 755 373 781 παντάπασι
385 755 551 790 συμφωνεῖν,
565 756 611 782 καὶ
622 755 672 791 τὴν
686 756 770 791 αὐτὴν
784 756 860 791 παρὰ

52 800 128 824 πᾶσι
146 800 295 834 κρατῆσαι
309 799 401 834 δόξαν,
415 802 480 836 περὶ
499 798 537 828 ὧν
563 804 675 829 σκοπεῖν
701 802 857 837 πρόκειται,

52 843 130 878 repit;
149 844 198 879 τῷ
219 845 287 881 μηδὲ
301 846 352 880 τὴν
366 846 480 882 εἰρήνην
492 846 525 873 ἂν
544 846 693 881 δυνηθῆναι
711 847 796 873 σῶσαι
811 846 859 880 μέ-

53 899 104 924 χρι
123 891 250 924 πολλοῦ,
269 892 316 919 ἐπὶ
336 892 435 926 σαθροῦ
451 900 523 925 τινος
547 892 725 928 ίὸρυνθεῖσαν,
743 893 791 920 καὶ
808 893 858 928 τῆς

54 935 202 970 ἀληθείας
229 936 293 963 ἄλλο
314 945 341 964 τι
367 937 481 971 δόξομεν
507 939 654 974 προτιμᾷν,
676 938 693 974 ἢ
711 938 780 974 μόνη
802 938 858 965 τῶν

56 981 181 1008 πολλῶν
205 982 396 1017 ἀναλωμάτων
429 983 477 1010 καὶ
500 984 588 1010 πόνων
617 984 694 1015 τέλος
709 984 808 1018 γένοιτ’
824 985 858 1012 ἂν

56 1027 139 1059 ἄξιον
151 1036 162 1044 ο
187 1029 236 1055 καὶ
247 1028 387 1063 πρόφασιν
400 1029 449 1064 μὲν
462 1029 510 1056 τοῦ
526 1030 664 1058 συνελθεῖν
677 1030 796 1058 ἐνταῦθα
807 1031 858 1066 τὴν

56 1074 128 1107 moi.
161 1074 222 1100 τῶν
250 1074 393 1109 δογμάτων
420 1076 535 1110 ἔρευναν
561 1074 643 1110 εἶναι,
664 1076 695 1103 τὸ
719 1077 742 1104 δ’
757 1077 858 1112 ἀληθὲς

55 1119 144 1154 ἣκειν
177 1121 314 1152 ἑκάστους
339 1121 447 1153 ἑαυτοῖς
476 1122 580 1156 ἀγαθόν
604 1132 631 1150 τι
643 1123 859 1159 περιποιησαμέ-

63 1175 143 1198 νους,
165 1167 214 1194 καὶ
229 1166 278 1193 τὸν
297 1167 368 1194 κατὰ
383 1166 469 1194 ταῦτα
485 1167 543 1202 βίον
555 1168 661 1204 ἀμείνω
688 1170 858 1196 κατασκευάο

61 1221 179 1244 σοντεις,
196 1213 294 1240 Ταῦτα
314 1212 337 1240 δ’
363 1213 436 1247 ὑμᾶς
462 1214 583 1249 ἠγοῦμαι
613 1215 721 1246 πάντως
744 1215 859 1249 φυλάξα-

62 1258 141 1291 σθαι,
169 1258 208 1290 ὡς
233 1260 302 1286 πᾶσι
326 1259 621 1296 μᾶλλονῆάνθρώποις
633 1262 686 1287 ὑπὸ
697 1261 746 1288 τοῦ
773 1260 860 1288 Πνιῦ-

64 1315 156 1340 μειτος
170 1306 321 1340 ἀγομένοις
337 1307 385 1334 καὶ
399 1308 449 1342 τὴν
464 1307 596 1343 ἀλήθειαν
613 1307 771 1344 προτιμῶσι
789 1308 858 1336 πάν-

62 1361 120 1379 των
137 1354 328 1388 ἁρμόττοντα.

99 1399 213 1425 Οὐκοῦν
225 1400 332 1425 ἐκείνου
343 1399 390 1426 καὶ
414 1399 522 1434 πρώτου
552 1399 601 1427 καὶ
627 1399 729 1435 μᾶλλον
755 1400 857 1436 πρέπει

66 1446 227 1480 φροντίσαι,
242 1443 273 1472 οὗ
283 1446 313 1471 τὸ
329 1445 467 1480 προσῆκον
493 1447 578 1480 πέρας
601 1446 793 1481 ἀπειληφότος,
809 1447 859 1474 αὐ-

66 1492 132 1519 τίκα
151 1492 186 1518 τὰ
205 1492 324 1527 κρείττω
339 1492 386 1519 καὶ
413 1493 477 1528 περὶ
500 1494 554 1520 τῶν
588 1494 742 1521 ὑπολοίπων
769 1494 856 1526 ἔξεστι

66 1539 237 1574 προσδοκᾷν.
257 1539 306 1565 ‘Av
323 1540 377 1573 γὰρ
393 1539 444 1574 τὴν
470 1540 599 1573 ἀλήθειαν
620 1541 688 1567 πᾶσι
710 1542 759 1575 μὲν
775 1541 860 1576 ζητῆ-

71 1595 116 1612 σαι
131 1587 248 1621 τρόποις
261 1585 433 1619 θελήσιιιμεν,
451 1588 585 1621 φανεῖσαν
602 1587 630 1613 δὲ
663 1587 787 1622 ἁρπάσαι
812 1588 859 1615 καὶ

70 1634 234 1668 κατασχεῖν,
263 1632 418 1667 ἀναλάμψει
438 1633 487 1667 μὲν
508 1632 537 1659 τὸ
558 1633 606 1667 τῆς
622 1634 747 1668 ὁμονοίας
766 1634 858 1666 καλὸν,

71 1680 99 1705 τὸ
112 1679 142 1705 δὲ
156 1679 207 1704 τοῦ
242 1678 391 1712 σχίσμα-τος
418 1679 565 1714 λυθήσεται
588 1679 677 1713 νέφοςσ
696 1680 744 1706 καὶ
767 1679 859 1706 οὐκέτι

73 1726 271 1761 προστιθέντες
283 1725 375 1756 κακῶς
390 1725 406 1760 ἦ
434 1725 649 1759 φιλονεικοῦντες
664 1726 778 1759 ἀλόγως,
805 1727 859 1754 τῶν

74 1772 199 1805 ἀδελφῶν
226 1771 489 1806 ἁπορραγησόμεθα.
505 1770 558 1798 Τοῦ
574 1772 601 1798 δὲ
619 1772 713 1807 μίσους
738 1773 785 1799 καὶ
809 1773 859 1806 τῆς

73 1819 169 1852 ἀηδίας
185 1817 260 1844 οὕτω
274 1817 419 1850 λυθέντων,
445 1818 640 1853 μεταδώσομεν
655 1819 781 1853 ἀλλήλοις
803 1820 859 1845 τῶν

74 1865 138 1898 παρ’
153 1865 222 1898 ἡμῖν
242 1863 364 1897 ἀγαθῶν,
381 1865 426 1889 καὶ
441 1864 566 1898 καθάπερ
591 1864 699 1896 οἰκείοις
715 1865 763 1891 καὶ
790 1873 858 1898 συγ-

73 1911 168 1944 γενέσι
184 1909 356 1944 χρησόμεθα·
375 1910 422 1936 καὶ
437 1910 504 1941 ὅλως
518 1910 567 1936 οὐκ
582 1910 638 1936 ἐσθ’
648 1911 664 1936 ό
679 1919 705 1937 τι
722 1911 776 1937 τῶν
793 1912 860 1944 ἀγα-

73 1957 126 1983 θῶν
140 1957 190 1990 οὐχ
205 1955 302 1990 ἕψεται
318 1955 501 1990 παραχρῆμα.
526 1956 598 1990 Ἐγὼ
610 1956 632 1982 δ’
646 1956 749 1990 εῖποιμ’
763 1956 806 1989 ἇν,
822 1957 860 1988 ὡς

74 2004 96 2029 εἰ
114 2003 162 2029 καὶ
177 2003 232 2028 τῶν
246 2001 425 2036 ὑπαρχόντων
440 2002 590 2036 ἐμέλλομεν
608 2002 754 2028 ἐκπίπτειν
771 2003 859 2029 ἁπαν-

73 2057 137 2079 των,
153 2049 199 2074 καὶ
221 2048 341 2082 πένητες
354 2048 401 2074 καὶ
415 2047 503 2079 ἄδοξοι
527 2048 577 2082 τὴν
600 2048 766 2083 οἰκουμένην
782 2057 861 2082 περι-

74 2094 177 2120 νοστεῖν
189 2094 221 2118 ὲκ
228 2091 277 2118 τοῦ
290 2091 420 2126 πλείστην
432 2092 562 2126 φροντίδα
571 2092 665 2119 θέσθαι
674 2094 724 2128 τῆς
731 2094 859 2128 ἀληθείας

74 2138 119 2164 καὶ
136 2137 201 2171 περὶ
218 2135 322 2171 ταύτης
348 2136 500 2171 σκέψασθαι
532 2136 682 2172 προῠργου,
712 2138 773 2173 μηδ’
787 2137 859 2164 οὕτω

913 209 965 233 tem
981 206 1021 233 vel
1039 206 1197 235 maximam.
1213 206 1281 234 Cum
1295 207 1376 242 igitur
1390 207 1487 233 horum
1500 206 1627 237 duorum,
1645 213 1694 239 pro

910 250 1011 285 quibus
1037 257 1091 279 tam
1111 251 1213 278 multos
1239 251 1346 279 labores
1372 251 1553 284 suscepimus,
1575 251 1692 277 alterum

909 297 1017 331 egregie
1046 297 1266 331 praestiterimus,
1293 297 1422 323 nimirum
1443 297 1567 324 veritatis
1595 295 1690 329 cogni-

911 342 1030 376 tionem;
1049 351 1160 371 necesse
1175 343 1287 370 omnino
1302 347 1344 370 est
1360 343 1475 369 alterum
1492 350 1601 376 quoque
1621 349 1689 368 con—

910 393 1054 422 sequatur.
1073 389 1190 416 Veritate
1204 388 1276 416 enim
1298 388 1389 424 agnita
1409 396 1499 415 rerum
1513 395 1572 422 qua:
1593 396 1687 414 versa-

910 434 1009 461 bantur
1035 434 1062 461 in
1080 434 1279 467 controversia,
1305 434 1374 461 nihil
1402 434 1454 461 erit
1480 434 1596 468 amplius
1617 434 1689 468 quod

909 484 1019 508 nostros
1037 480 1144 507 animos
1167 479 1317 515 disiungat,
1335 484 1477 514 totumque
1499 484 1631 505 terrarum
1646 485 1692 504 or-

909 526 970 554 bem
1001 527 1129 554 similiter
1154 527 1291 554 distrahat
1314 533 1428 560 :neque
1454 526 1527 552 enim
1553 524 1587 552 de
1613 529 1692 551 teme

909 572 1047 603 conﬁniis.
1061 577 1109 600 aut
1124 574 1251 607 pecunia,
1267 577 1314 599 aut
1330 572 1428 599 insulis
1440 577 1466 599 ct
1481 571 1598 598 urbibus
1614 578 1695 598 recu—

909 619 1038 654 perandis
1048 619 1127 645 otiosi
1140 619 1308 652 litigabimus
1320 627 1328 651 ;
1346 625 1433 652 neque
1447 624 1558 652 prorsus
1573 617 1642 644 hanc
1655 617 1692 644 ob

909 672 1018 693 causam
1036 664 1149 700 profecti
1163 672 1269 696 sumus,
1286 671 1373 698 neque
1390 663 1445 691 ﬁeri
1463 667 1551 698 potest
1582 667 1611 690 nt
1627 669 1691 697 pro-

909 716 969 746 pter
984 711 1042 738 hate
1055 711 1183 738 omnibus
1197 715 1292 738 contra
1308 717 1403 737 omnes
1419 710 1451 736 lis
1469 709 1584 736 oriatur.
1600 708 1653 735 Sed
1667 708 1691 735 si

909 761 1004 792 paceni
1032 757 1210 784 conﬁciamus
1237 757 1305 783 citra
1329 755 1434 783 firmam
1460 756 1494 782 de
1515 754 1690 789 dogmatibus

909 804 1130 836 consensionem,
1147 811 1284 839 unamque
1305 811 1320 830 a
1340 803 1447 831 cunctis
1471 806 1606 836 receptam
1627 808 1690 828 sen-

911 850 1022 878 tentiam
1039 851 1073 878 de
1095 850 1129 878 iis
1145 857 1207 885 quae
1224 850 1303 877 modo
1320 853 1494 881 tractantur;
1510 853 1689 884 praeterquam

910 897 982 932 quod
1003 904 1096 931 pacem
1117 896 1163 924 diu
1180 903 1344 924 conservare
1365 903 1417 922 nou
1436 895 1597 930 poterimus.
1610 893 1691 920 debili

911 943 1087 970 fundamento
1103 943 1239 976 innixam,
1255 943 1408 970 videbimur
1418 943 1500 970 etiam
1517 940 1622 968 veritati
1639 939 1692 974 ipsi

910 989 1011 1024 aliquid
1040 989 1113 1017 aliud
1142 996 1318 1025 praeponere,
1346 996 1407 1023 quae
1424 995 1476 1016 una
1504 988 1604 1022 dignus
1627 986 1689 1013 linis

910 1035 1047 1064 exstiterit
1068 1036 1216 1063 multorum
1246 1039 1403 1069 sumptuum
1433 1039 1514 1069 atque
1542 1033 1691 1060 laborum:

911 1081 1046 1109 videbitur
1064 1088 1176 1116 quoque
1200 1080 1380 1116 profectionis
1397 1085 1497 1108 nostrae
1521 1086 1582 1106 vera
1608 1085 1691 1106 causa

910 1137 965 1158 non
981 1129 1067 1157 fuisse
1083 1127 1224 1163 inquisitio
1239 1127 1408 1161 dogmalum,
1436 1126 1483 1154 sed
1500 1130 1530 1153 ιιι
1544 1124 1693 1159 unusquis-

910 1183 964 1210 que
975 1175 1040 1202 boni
1055 1174 1157 1210 aliquid
1181 1174 1310 1206 lucretur,
1328 1178 1356 1202 et
1379 1174 1441 1200 vitae
1461 1172 1533 1207 quod
1557 1175 1690 1204 superest.

911 1221 1036 1248 traducat
1057 1220 1218 1256 jucundius.
1235 1220 1296 1247 Hac
1312 1224 1405 1247 autent
1427 1226 1475 1246 vos
1493 1219 1570 1253 plane
1589 1217 1692 1244 devita-

910 1274 985 1295 turos
996 1267 1135 1300 existimo,
1152 1271 1182 1294 ut
1196 1266 1284 1294 cuivis
1296 1266 1385 1301 potius
1400 1264 1576 1300 congruentia
1610 1270 1691 1298 quam

912 1313 1092 1353 hominibus,
1116 1313 1163 1348 qui
1188 1313 1291 1348 Spiritu
1317 1312 1468 1346 ducuntur,
1494 1310 1694 1344 veritatemque

910 1361 1037 1390 omnibus
1053 1361 1212 1397 praferunt.

947 1408 985 1436 De
996 1408 1042 1435 illo
1053 1407 1134 1443 igitur
1146 1412 1173 1435 et
1187 1407 1276 1443 primo
1285 1407 1347 1434 loco
1367 1411 1393 1433 et
1406 1405 1492 1440 magis
1508 1409 1548 1433 est
1564 1403 1691 1439 cogitan-

911 1454 997 1487 dum;
1016 1453 1088 1489 quod
1107 1453 1130 1481 si
1147 1453 1181 1480 ad
1198 1453 1317 1480 debitum
1336 1452 1500 1487 perduc-itur
1517 1451 1610 1483 tinem,
1628 1457 1692 1476 con-

870 1507 894 1539 c
911 1499 988 1527 tinuo
1007 1499 1112 1533 reliqtta
1128 1498 1209 1526 etiam
1228 1506 1358 1532 prospera
1375 1501 1439 1525 sunt
1453 1495 1643 1530 exspectanda.
1660 1494 1689 1521 Si

909 1545 981 1572 enim
999 1544 1088 1572 modis
1102 1544 1229 1571 omnibus
1244 1544 1385 1570 veritatem
1404 1549 1536 1576 qurerere,
1556 1544 1582 1567 ct
1602 1539 1688 1566 visam

909 1591 1029 1625 arripere
1042 1597 1075 1617 ac
1091 1589 1207 1616 retinere
1223 1589 1348 1620 velimus,
1361 1587 1495 1615 eluces‘cet
1505 1585 1613 1621 quidem
1626 1592 1692 1611 ron-

909 1635 1009 1663 cordiae
1030 1635 1144 1666 bonum,
1162 1634 1326 1662 discutietur
1343 1639 1432 1660 autem
1458 1629 1617 1659 schismatis
1640 1637 1694 1655 un-

910 1682 956 1708 bes
975 1689 983 1708 :
1004 1687 1092 1714 neque
1117 1680 1186 1706 ultra
1209 1685 1256 1712 aut
1274 1679 1373 1714 iniquis
1395 1677 1627 1713 aggressionihus,
1645 1679 1692 1701 aut

909 1727 987 1754 vanis
1003 1726 1254 1754 concertationibus
1268 1725 1445 1760 sejungemur
1460 1731 1475 1750 a
1495 1722 1635 1750 fratribus.
1652 1721 1689 1747 Ita

909 1781 992 1808 porro
1016 1773 1123 1800 sublato
1151 1772 1225 1803 odio,
1258 1771 1426 1806 placatisque
1449 1770 1553 1796 aversis
1580 1767 1691 1798 animis,

910 1819 990 1846 alteri
1012 1826 1074 1846 cum
1098 1819 1191 1845 alteris
1216 1818 1284 1844 bona
1307 1821 1398 1844 nostra
1416 1814 1691 1845 communicabimus,

910 1854 1088 1899 allittittinque
1113 1868 1141 1891 et
1155 1867 1336 1898 cognatorum
1363 1863 1423 1889 loco
1445 1861 1624 1888 habebimus:
1642 1866 1692 1886 nec

909 1913 962 1939 erit
976 1911 1059 1938 ulhuu
1076 1911 1188 1938 omnino
1202 1911 1315 1940 bonum.
1332 1909 1404 1944 quod
1424 1915 1478 1934 non
1499 1907 1534 1934 sit
1547 1914 1562 1934 e
1577 1905 1692 1940 vestigio

910 1961 1080 1985 secuturum.
1103 1956 1158 1990 Ego
1173 1963 1237 1983 vero
1253 1955 1333 1982 etiam
1349 1953 1475 1986 dixerim,
1492 1951 1543 1979 etsi
1558 1952 1690 1977 bonorum

909 2004 1034 2031 omnium
1049 2002 1184 2037 iacturam
1201 2009 1325 2029 essemus
1340 1999 1451 2031 facturi,
1465 2003 1492 2026 et
1509 1997 1631 2032 vagaturi
1645 2004 1693 2031 per

909 2050 1000 2076 orbem
1016 2048 1110 2083 inopes
1125 2053 1151 2076 et
1172 2047 1279 2084 inglorii
1300 2051 1408 2082 propter
1431 2045 1578 2072 maximam
1593 2044 1627 2070 de
1648 2050 1694 2069 ve-

909 2097 990 2123 ritate
1013 2095 1235 2127 sollicitudincm,
1258 2097 1285 2121 et
1301 2093 1399 2121 seriam
1419 2092 1478 2126 ejus
1492 2091 1693 2129 tractationem,

910 2142 977 2169 nihil
1000 2145 1090 2169 tamen
1106 2142 1139 2168 de
1161 2140 1254 2168 studio
1277 2147 1331 2174 quo
1350 2139 1423 2166 illam
1443 2137 1616 2172 inquirimus,
1633 2142 1695 2162 esse

73 2185 126 2210 δεῖν
141 2185 191 2219 τῆς
216 2183 283 2218 περὶ
296 2183 398 2217 ταύτην
420 2183 538 2218 σπουδῆς
560 2184 649 2210 ὁτιοῦν
676 2185 857 2219 καθυφεῖναι·

950 2189 1026 2216 mino
1054 2187 1271 2218 remittendum;
1301 2193 1350 2212 nec
1378 2185 1450 2212 aliud
1480 2183 1692 2210 existimandum

77 2230 142 2265 μηδὲ
153 2228 279 2263 νομίζειν
296 2227 360 2254 ἄλλο
391 2237 417 2255 τι
448 2229 478 2254 τὸ
503 2229 637 2264 ἡμέτερον
658 2231 760 2264 ἀγαθὸν
789 2231 858 2265 πλὴν

75 2276 188 2311 ταύτης,
203 2277 251 2301 καὶ
272 2275 323 2309 τὴν
339 2274 514 2310 ἀνθρωπίνην
528 2275 713 2310 εὐδαιμονίαν.
733 2276 821 2304 Ὅπου
833 2276 862 2303 δὲ

76 2323 120 2349 καὶ
133 2322 220 2349 τᾶλλα
238 2321 282 2348 διὰ
296 2321 400 2356 ταύτην
418 2321 484 2356 ἡμῖν
499 2322 652 2356 περιέσται,
669 2322 742 2349 οὕτω
765 2331 794 2349 τε
809 2322 860 2357 τῆς

76 2369 127 2394 τῶν
144 2367 321 2403 πραγμάτων
334 2366 441 2401 φύσεως
465 2368 648 2403 ἀπαιτούσης,
666 2368 713 2394 καὶ
727 2368 774 2395 τοῦ
791 2367 860 2395 Θεοῦ

77 2415 152 2450 χάριν
170 2416 239 2449 ἡμῖν
253 2414 303 2448 τῆς
321 2415 383 2449 περὶ
400 2414 431 2440 τὸ
450 2415 595 2441 κάλλιστόν
617 2423 646 2441 τε
662 2415 710 2442 καὶ
724 2415 861 2442 θειότατον

78 2461 269 2496 πραγματείας
286 2461 404 2486 ἐκτίνειν
416 2460 569 2493 ἐθέλοντος,
587 2461 646 2493 πῶς
663 2462 694 2488 οὐ
713 2464 760 2488 καὶ
775 2461 861 2497 ταύτῃ

79 2508 193 2542 μάλιστα
207 2507 254 2534 τοῦ
284 2507 426 2541 χρήματος
452 2508 637 2540 φροντιστέον,
668 2510 715 2535 καὶ
742 2509 861 2534 σπουδαο

79 2553 151 2579 στὲον
164 2553 231 2579 αὐτὸ
259 2553 352 2578 λαεεῖν
379 2553 427 2587 ὅση
456 2552 569 2587 δύναμις
588 2561 595 2585 ;
611 2553 672 2580 "Ott
690 2554 718 2580 δὲ
737 2554 796 2580 οὐδὲ
811 2554 862 2588 τῆς

80 2600 187 2633 εἰρήνης
201 2598 282 2624 ἀλλον
303 2599 363 2624 τινὰ
382 2599 486 2633 τρόπον
505 2599 717 2634 καθισταμένης,
733 2600 861 2634 ἀσφαλῶς

80 2645 139 2678 ἡμῖν
168 2643 319 2669 ἀπολαύειν
344 2642 461 2675 ἐξέσται,
486 2641 544 2669 ἀλλ’
576 2642 635 2673 ἑνός
665 2652 737 2674 τινος
763 2643 862 2677 ἀηδοῦς

80 2688 256 2723 ὁποτέρωθεν,
282 2686 327 2714 οἵα
353 2687 429 2721 φιλεῖ
453 2687 589 2722 γίνεσθαι,
616 2688 861 2721 συμπεπτωκότος,

84 2736 213 2769 πρόφασιν
235 2734 407 2769 ποιησόμεθα
421 2734 538 2768 πολέμου
554 2735 601 2761 καὶ
630 2734 722 2770 μάχης
745 2735 796 2770 τὴν
813 2735 862 2762 ἐπὶ

83 2782 130 2807 τῶν
149 2780 296 2815 δογμάτων
324 2781 508 2814 ἀσυμῦασὶιν,
526 2781 573 2807 καὶ
598 2780 680 2807 πάλιν
708 2782 795 2816 ὀνείδη
815 2781 861 2808 καὶ

84 2828 235 2863 ονγγρηεαὶ
250 2827 309 2854 κοτ’
330 2827 451 2861 ᾀλλήλων
469 2827 559 2862 ἕξουσι
575 2827 677 2863 χώραν,
706 2829 752 2854 καὶ
768 2828 796 2854 τὸ
811 2829 862 2864 μά-

912 2235 1011 2262 bonum
1029 2239 1162 2264 nostrum,
1181 2232 1238 2260 sive
1254 2232 1410 2258 felicitatem
1425 2231 1584 2260 humanam,
1598 2233 1695 2262 pra-tr!

912 2282 981 2308 hanc
1003 2281 1102 2315 ipsam.
1125 2279 1192 2306 Cum
1220 2278 1303 2313 igitur
1325 2281 1352 2303 et
1381 2277 1485 2310 reliqua
1511 2280 1619 2309 propter
1633 2281 1692 2301 catu

912 2333 1055 2354 accessura
1070 2326 1136 2356 sint,
1151 2326 1186 2352 ita
1203 2332 1295 2352 rerum
1316 2327 1412 2350 natura
1431 2322 1564 2355 exigente,
1583 2321 1694 2354 Deoquo

912 2379 962 2399 nos
986 2376 1095 2406 propter
1118 2378 1188 2405 opus
1212 2369 1423 2404 pulcherrimum
1440 2375 1472 2394 ac
1493 2366 1692 2394 divinissimum

914 2424 1091 2444 remunerare
1117 2416 1234 2448 volente,
1259 2423 1310 2442 cur
1331 2414 1402 2442 hanc
1419 2414 1500 2441 etiam
1522 2413 1558 2440 ob
1583 2420 1693 2439 causam

913 2470 965 2489 uou
989 2462 1024 2489 sit
1039 2462 1074 2489 de
1099 2463 1149 2489 hac
1171 2469 1200 2488 re
1222 2461 1341 2488 maxime
1363 2460 1549 2494 cogitandum,
1576 2459 1694 2492 totisque

913 2509 1014 2536 viribus
1031 2509 1064 2535 ad
1092 2509 1287 2542 assequi-mlqu
1313 2515 1372 2534 cam
1398 2506 1598 2533 laboraudtun?
1616 2505 1693 2538 Quml

913 2559 976 2579 vero
996 2552 1019 2579 si
1035 2561 1084 2586 pax
1100 2553 1152 2579 alia
1173 2553 1270 2587 quavis
1291 2552 1396 2578 ratione
1420 2553 1474 2583 tiat,
1494 2552 1571 2578 nobis
1589 2559 1618 2578 ea
1636 2556 1694 2578 tuto

912 2599 963 2626 frui
982 2607 1035 2626 non
1051 2598 1153 2631 licebit,
1170 2601 1217 2625 sed
1241 2606 1273 2625 ex
1288 2598 1391 2625 utravis
1408 2604 1495 2632 parte,
1520 2606 1548 2624 re
1566 2597 1693 2632 quapiam

913 2645 1014 2672 IuiuuS'
1026 2644 1145 2680 jucunda
1161 2644 1345 2679 contingente,
1363 2644 1424 2671 belli
1450 2651 1481 2671 ac
1497 2651 1593 2679 pugme
1613 2651 1693 2671 ocra-

913 2693 954 2720 sio
969 2693 1013 2719 lict
1029 2691 1214 2725 discrepantia
1237 2692 1404 2725 dogmatum,
1421 2697 1447 2718 et
1473 2699 1568 2718 rursus
1589 2690 1696 2724 probris

913 2742 940 2764 ct
966 2737 1160 2771 scriptionihus
1186 2736 1382 2764 conﬁictationi
1408 2742 1508 2764 mutua:
1533 2737 1609 2763 locus
1631 2736 1692 2767 erit,

913 2788 938 2810 et
953 2783 1042 2810 inanis
1059 2782 1193 2809 videbitur
1211 2787 1265 2809 tota
1283 2782 1339 2809 haec
1353 2789 1443 2809 rerum
1460 2783 1597 2809 innovatio
1617 2791 1623 2808 :
1642 2789 1692 2814 ego

913 2829 1022 2864 quidem
1043 2828 1195 2862 ostendere,
1215 2828 1340 2864 quamvis
1361 2829 1436 2856 nullo
1452 2827 1560 2864 negotio
1574 2828 1690 2863 passim,
