1870 3058
42 2924 120 2970 F“

142 122 196 155 “5
689 120 882 152 GENNADII
901 120 954 152 CP.
978 121 1234 153 [‘ATRIARCIIE
1751 113 1838 148 416

142 179 215 206 unde
228 184 254 207 ct
265 179 327 212 illa‘.
341 187 404 207 orsa
419 179 512 212 fuerit,
525 178 696 213 volueritque
728 178 754 204 iu
767 186 796 204 ea
813 176 880 209 pari,

1093 179 1300 213 προστησαμένη
1315 177 1434 213 ἄρξηται
1458 177 1509 211 μὲν
1525 176 1572 211 ἀφ’
1603 173 1642 202 ὧν
1665 175 1831 202 ὲκεῖναι-

144 226 234 253 dica‘m
250 226 357 260 majori,
369 225 462 252 studio
476 225 636 252 incumbere
653 232 660 258 ;
690 223 787 251 deinde
801 223 882 250 etiam

1092 225 1111 251 ἡ
1125 224 1212 252 ταῦτα
1230 224 1280 259 τὴν
1296 224 1371 260 ἴσην,
1388 224 1432 251 ῖνα
1447 223 1484 259 μὴ
1497 223 1570 257 λέγω
1583 222 1680 254 πλείω,
1697 228 1830 247 σπου-

146 272 271 306 reliquis,
289 271 390 306 quibus
403 271 574 306 providentia
593 275 684 298 vestra
702 277 772 304 opus
787 274 839 300 est.
855 277 884 296 ω(

1091 270 1238 303 νδείξασθαι
1261 270 1392 306 βουληθῇ·
1420 271 1563 305 ἑπομένως
1589 270 1618 296 δὲ
1641 270 1689 295 καὶ
1722 266 1829 301 περὶ

144 326 177 345 ac
195 318 424 353 illaecogitaverit.
444 325 525 345 nemo
538 317 591 345 erit
605 317 652 352 qui
665 317 737 344 hanc.
762 316 849 350 ipsam
861 316 933 342 inter

142 363 212 391 alias
226 363 424 391 metumenicam
441 371 502 390 esse
522 363 674 398 negaverit.
689 367 717 390 et
741 363 862 397 ejusdem
879 369 933 396 qua

143 413 208 436 sunt
221 409 280 436 alia;
297 409 439 444 dignitatis
457 417 465 442 ;
482 416 533 436 nec
550 409 602 435 crit
631 416 686 443 quo
706 408 806 442 aliquis
836 406 943 435 conm--

142 454 232 490 giens,
250 456 314 483 velit
337 455 531 490 parvipendere
545 462 607 489 qum
635 454 670 481 ab
699 461 731 481 ea
760 453 862 481 fuerint
887 454 935 489 de-

986 316 1042 343 τῶν
1056 316 1156 350 ἄλλων,
1173 318 1261 344 ὁπόσα
1276 318 1363 344 δεῖται
1385 318 1526 353 προνοίας,
1547 317 1593 344 τὸν
1609 316 1693 343 αὑτὸν
1714 313 1829 341 ὲκεί-

985 372 1044 394 ναις
1070 363 1205 398 σκέψηται
1223 365 1334 399 τρόπον,
1351 364 1440 395 οὐδεὶς
1468 364 1502 391 ἂν
1515 363 1640 390 ἀντείποι
1664 362 1702 396 μὴ
1753 359 1827 387 καὶ

985 410 1091 446 ταύτην
1103 411 1300 446 οῐκουμενικὴν
1318 409 1398 442 εἶναι,
1417 411 1463 437 καὶ
1494 410 1576 437 ταυτδ
1596 410 1658 440 ταῖς
1686 408 1826 437 ἄλλαις

987 457 1059 493 ἔχειν
1075 457 1184 492 ἀξίωμα
1197 466 1205 473 ·
1228 458 1283 484 οὐδ’
1294 457 1350 491 ἓξει
1371 453 1413 488 τις
1429 457 1468 488 εἰς
1487 457 1501 483 ὅ
1513 465 1538 483 τι
1555 455 1744 490 καταφυγὼν.
1766 450 1826 480 ὤν

143 507 230 534 creta,
248 502 408 529 existimans
431 501 543 536 perinde
554 508 623 529 esse
656 502 726 528 hanc
750 505 833 535 atque
857 504 935 526 antea

144 548 298 576 celebratas
321 547 474 582 aspernari,
503 547 658 582 timensque
685 551 742 574 tum
768 545 936 573 exsecratio-

145 602 193 622 nes
214 594 365 626 hominum,
399 599 455 621 tum
487 601 583 628 pmnas
615 595 732 628 desuper
762 592 937 626 irrogandas.

146 639 257 674 Alioqui
274 640 351 666 multi
380 643 474 672 erunt,
497 640 542 674 qui
560 639 598 666 illi
615 640 790 670 insidientur.
817 645 846 666 et
867 647 940 667 nunc

144 686 254 720 quidem
266 686 382 713 fortasse
392 693 472 713 nemo
482 687 659 719 contradicet,
668 694 701 712 ne
725 686 849 713 videatur
857 687 938 712 etiam

145 732 339 766 impedimento
356 739 417 759 esse
433 732 503 759 bono
513 733 679 765 concordiae;
691 737 719 759 et
727 733 798 767 quod
810 736 940 767 praeterea

145 779 213 807 sciat
235 787 291 806 rem
307 787 369 807 esse
384 780 496 807 arduam
517 784 591 807 tanto
610 787 725 807 numero
741 779 900 814 praevalere,
919 779 941 806 si

146 831 262 854 coiretur
290 827 352 854 illos
364 834 397 854 eo
407 827 500 854 verbis
514 827 683 861 pertrahere,
696 835 751 861 quo
763 827 873 854 animus
887 833 940 853 non

146 873 306 906 propendet;
338 876 462 907 tempore
492 879 557 900 vero
590 859 756 906 procede-nte
786 880 838 900 non
864 872 943 908 pauci
959 859 981 889 Β

146 918 255 945 decreta
280 923 370 946 vestra
391 918 484 946 volent
511 919 674 952 convellere,
706 918 861 946 veneranda
893 919 944 946 hac

148 971 198 991 vos
215 964 396 998 appellatione
418 965 604 998 denudantes;
637 965 816 992 denudabunt
842 969 944 998 autem,

148 1011 214 1045 quia
241 1012 410 1046 generalium
431 1013 613 1040 conciliorum
631 1013 747 1040 formam
769 1012 945 1040 multitudine

147 1064 254 1085 tantum
265 1062 406 1085 servatam
423 1065 438 1086 a
456 1058 532 1086 vobis
548 1059 650 1092 dicent,
668 1058 696 1086 in
712 1058 793 1086 rebus
810 1066 875 1086 vero
885 1065 946 1086 tua-

149 1105 223 1132 xlme
234 1105 401 1133 necessariis
419 1106 490 1133 viam
509 1113 557 1134 vos
572 1105 667 1134 iniisse
684 1106 764 1141 plane
776 1106 828 1134 Illis
838 1111 947 1134 contra-

148 1151 229 1184 riam,
250 1157 277 1180 ut
293 1153 338 1187 qni
354 1157 517 1180 conventum
545 1153 659 1188 egeritis
678 1153 713 1180 ob
747 1152 822 1180 aliud
839 1152 947 1186 quidvis

155 1199 262 1234 potius,
272 1207 352 1234 quam
367 1201 524 1235 dogmalum
541 1199 664 1227 veritatis
688 1207 764 1234 ergo.
792 1199 884 1233 Atque
909 1198 947 1225 ita

151 1244 202 1272 soli
213 1253 264 1273 nos
275 1246 393 1273 fortasse
414 1253 481 1281 pace
493 1245 627 1279 fruemur,
639 1245 756 1281 posteris
768 1252 834 1272 vero
845 1244 948 1272 nostris

150 1291 251 1320 bellum
261 1292 334 1320 illico
349 1292 534 1327 relinquemus
553 1292 595 1319 vel
610 1292 693 1327 priori
707 1290 949 1326 deterius;sicque

153 1337 259 1364 nullum
274 1336 357 1365 nobis
375 1336 475 1365 afferet
493 1336 611 1364 fructum
629 1344 713 1365 omne
735 1337 816 1371 hujus
829 1337 949 1372 appella-

153 1382 236 1410 tionis
256 1381 382 1411 studium
394 1403 401 1409 .
417 1382 493 1416 Quod
512 1390 547 1411 ne
559 1382 617 1415 ﬂat,
634 1383 800 1419 generalium
819 1383 950 1411 concilio-

153 1428 353 1465 rumdignitas
367 1436 415 1464 per
431 1433 555 1457 exactam
566 1429 675 1458 illorum
692 1429 872 1458 imitationem
885 1429 950 1458 huic

153 1473 237 1502 etiam
253 1478 296 1502 est
314 1475 479 1510 adaptanda,
497 1479 526 1503 et
539 1482 574 1503 ne
587 1474 674 1503 nilum
693 1475 718 1503 ei
732 1475 884 1511 periculum
900 1475 951 1503 im-

988 504 1021 532 ἂν
1037 505 1107 540 αὕτη
1124 505 1286 540 ψηφίσαιτο,
1306 506 1488 540 καταφρονεῖν
1513 505 1672 540 βουληθείη,
1701 501 1825 539 ἡγού-

991 560 1072 586 μενος
1110 551 1168 578 ἴσον
1196 549 1268 578 εἶναι
1300 552 1404 586 ταύτην
1439 560 1468 580 τε
1499 552 1545 578 καὶ
1575 551 1626 583 τὰς
1655 551 1710 586 πρδ
1746 549 1823 576 αὖ-

989 597 1040 633 τῆς
1069 597 1230 632 ἀτιμάζειν·
1258 598 1306 624 καὶ
1328 597 1421 629 δεδιὼς
1450 598 1500 632 μὲν
1524 597 1574 625 τὰς
1598 598 1630 624 ὲκ
1655 597 1712 623 τῶν
1750 597 1823 622 ἁν-

992 643 1112 679 θρώπων
1134 643 1215 679 ἀρὰς,
1241 643 1353 679 τρέμων
1379 643 1472 675 δὲτὰς
1497 643 1601 670 ἀνωθεν
1618 644 1698 673 δίκας
1713 651 1722 658 ·
1746 641 1820 669 ἄλ-

990 691 1044 722 λως
1074 699 1103 717 τε
1123 690 1240 721 πολλοὺς
1260 689 1333 722 εξειν
1363 691 1427 720 τοὺς
1451 689 1611 721 ἐπιϐούλους
1629 698 1636 704 ·
1668 689 1716 716 καὶ
1742 689 1821 715 νῦν

995 737 1044 772 μὶν
1060 736 1127 767 ἴσως
1138 736 1227 767 οὐδεὶς
1246 736 1367 770 ἀντερεῖ,
1385 735 1422 770 μὴ
1435 736 1484 762 καὶ
1506 736 1568 771 δόξῃ
1591 736 1621 762 τὸ
1645 737 1696 770 τῆς
1721 735 1817 769 ὁμο-

994 783 1068 814 νοίας
1086 783 1188 817 ἀγαθὸν
1201 782 1372 818 ἐμποδίζειν,
1388 783 1435 809 καὶ
1450 782 1508 817 ἅμα
1521 782 1599 814 εἰδὼς
1611 783 1649 814 ὡς
1666 782 1819 818 χαλεπόν

996 831 1053 856 ἐστι
1067 829 1204 856 τοσούτων
1232 828 1438 863 περιγενέσθαι,
1461 829 1504 863 ἐφ’
1527 830 1598 864 ἅπερ
1623 830 1654 856 οὺ
1688 828 1815 864 προθυ-

997 876 1121 912 μοῦνται,
1137 876 1195 908 τοῖς
1211 875 1302 911 λόγοις
1318 876 1424 903 πείθειν
1442 875 1615 911 πειρώμενον
1626 884 1634 892 '
1647 876 1701 902 οὐκ
1733 874 1815 901 ὀλί-

995 931 1039 958 γοι
1050 922 1078 949 δὶ
1093 922 1141 950 τοῦ
1155 922 1253 957 χρόνου
1268 921 1464 958 προϐαίνοντος
1477 922 1512 949 τὰ
1527 922 1576 957 μὲν
1592 922 1657 957 ὑμῖν
1672 922 1814 955 δόξαντα

997 970 1125 998 σαλεύειν
1141 970 1297 1005 θελήσουσι,
1311 969 1350 1005 τῷ
1367 970 1419 1005 τὴν
1436 971 1541 1006 σεμνὴν
1564 970 1668 1004 ταύτην
1683 978 1812 1004 προση-

996 1016 1091 1053 γορίαν
1113 1016 1192 1052 ἡμῶν
1215 1016 1375 1051 ἀφελέσθαι.
1395 1017 1609 1053 Ἀφαιρήσονται
1633 1017 1681 1049 δὲ,
1695 1016 1812 1051 πλήθει

999 1063 1080 1099 μόνον
1099 1064 1198 1097 σώζειν
1216 1064 1289 1100 ὑμᾶς
1311 1065 1359 1091 τὸν
1373 1064 1428 1091 τῶν
1443 1063 1648 1099 οῑκουμενικῶν
1674 1064 1810 1090 συνόδων

997 1108 1124 1143 λέγοντες
1138 1109 1314 1144 χαρακτῆρα,
1327 1109 1356 1137 ιν
1373 1109 1403 1136 δὲ
1418 1109 1474 1141 τοῖς
1493 1109 1727 1142 ἀναγκαιοτάτοις
1749 1107 1811 1135 καὶ

999 1156 1160 1192 σφόδρατὴν
1177 1156 1304 1184 ἐναντίαν
1319 1156 1438 1188 ἐκείναις
1467 1156 1568 1188 ἐλθεῖν,
1587 1155 1626 1186 ὼς
1640 1156 1706 1190 περὶ
1727 1154 1808 1182 πάν-

997 1211 1053 1230 ⁴ιων
1070 1202 1172 1238 μᾶλλον
1191 1202 1207 1238 ἢ
1220 1203 1350 1239 περὶτῆς
1365 1203 1421 1230 τῶν
1440 1202 1585 1238 δογμάτων
1605 1201 1737 1237 ἀληθείας
1752 1201 1809 1228 τδν

1000 1250 1131 1284 σύλλογον
1146 1248 1352 1284 πεποιημένους
1370 1256 1379 1265 '
1394 1249 1441 1277 καὶ
1448 1248 1536 1281 οὓτως
1549 1248 1626 1276 αὐτοὶ
1643 1248 1723 1282 μόνοι
1741 1248 1806 1283 τῆς

1000 1296 1112 1331 εἰρήνης
1144 1295 1341 1331 ἀπολαύσομεν
1364 1295 1443 1329 ἴσως.
1458 1296 1517 1328 τοῖς
1531 1295 1559 1324 δὲ
1575 1295 1637 1331 μεθ’
1654 1295 1730 1331 ἡμᾶς
1755 1296 1807 1323 εὗ.

1000 1342 1050 1375 οὓς
1068 1342 1116 1370 καὶ
1131 1341 1217 1378 χείρω
1243 1341 1291 1369 τοῦ
1318 1343 1455 1379 προτέρου
1485 1342 1687 1378 καταλείψομεν
1712 1342 1803 1370 πόλι-

1001 1398 1053 1425 μον
1072 1397 1080 1406 ο
1096 1389 1146 1417 καὶ
1163 1388 1253 1422 οὕτως
1265 1389 1332 1425 ἡμῖν
1346 1389 1476 1424 ἀνόνητος
1499 1389 1577 1417 ἔσται
1603 1390 1622 1424 ἡ
1641 1389 1708 1424 περὶ
1729 1398 1805 1416 ταυ-

1001 1437 1065 1471 τησὶ
1078 1437 1129 1471 τῆς
1142 1435 1333 1472 προσηγορίας
1346 1436 1423 1463 πᾶσα
1439 1435 1556 1470 σπουδή.
1579 1436 1670 1469 Ὅπερ
1687 1435 1736 1464 ἵνα
1757 1435 1804 1471 μὴ

1000 1483 1128 1518 γενηται,
1145 1482 1176 1509 τδ
1199 1482 1254 1510 τῶν
1273 1481 1474 1518 οἰκουμενικῶν
1490 1483 1608 1511 συνόδων
1629 1483 1742 1519 ἀξίωμα
1759 1483 1806 1518 τῷ

156 1520 259 1548 mineat
272 1529 305 1549 ex
322 1520 557 1554 dissimilitudine,
566 1522 803 1557 prospiciendum.
821 1521 888 1549 Nam

1065 1529 1193 1561 :htsiva;
1214 1528 1325 1564 ἀκριϐεῖ
1346 1528 1420 1565 ζήλῳ
1443 1528 1493 1556 καὶ
1523 1528 1612 1565 ταύτῃ
1638 1537 1803 1564 προσαρμο-

158 1568 209 1603 piae
225 1570 325 1598 mentis
350 1569 492 1597 hominum
508 1570 617 1598 aminos
636 1574 786 1605 praztextns
813 1569 858 1597 isti
896 1576 952 1596 non

156 1615 317 1650 turbabunt,
337 1625 388 1645 nec
401 1617 454 1644 crit
469 1616 629 1652 quisquam,
648 1616 694 1651 qui
711 1616 855 1643 honestum
875 1615 949 1643 inse-

157 1669 245 1696 quens
259 1663 375 1690 concilio
398 1662 497 1691 inferat
521 1662 642 1695 bellum;
669 1663 736 1690 bene
751 1667 840 1689 tamen
854 1661 951 1695 nostis,

158 1710 291 1737 adversus
307 1710 424 1737 maxima
450 1714 478 1737 et
501 1717 614 1737 summa:
636 1709 763 1736 utilitatis
789 1715 872 1743 opera
898 1715 952 1735 non

160 1757 242 1784 modo
262 1757 459 1791 perditissimos
478 1756 611 1787 homines,
629 1755 677 1782 sed
693 1754 865 1782 adversarios
881 1761 953 1789 quo«

161 1810 216 1837 que
231 1808 341 1830 nostros
362 1803 396 1829 ab
413 1803 493 1830 initio
524 1802 663 1829 da'mones
686 1805 796 1828 struere
825 1799 949 1830 insidias.

159 1849 289 1876 similium
303 1849 347 1875 sui
364 1849 503 1876 hominum
517 1847 549 1875 ad
566 1849 616 1875 hoc
629 1854 711 1882 opera
722 1852 748 1874 et
762 1846 864 1873 auxilio
876 1849 956 1873 uten—

161 1903 212 1925 tcs.
245 1897 330 1924 Porro
356 1901 445 1923 autem
469 1895 639 1922 daemonibus
675 1894 858 1921 Ecclesiarum
889 1900 956 1927 pace

163 1944 235 1971 nihil
257 1942 442 1977 injucundins,
467 1950 498 1968 ex
518 1949 570 1976 qua
587 1945 660 1969 totus
676 1941 809 1968 bonorum
837 1939 957 1967 circulus

163 1991 272 2026 pendet,
285 1995 312 2016 et
329 1997 410 2024 quam
426 1989 553 2016 Salvator
568 1987 720 2015 ascendens
746 1986 853 2021 reliqui‘
869 1985 957 2013 homi-

166 2036 256 2064 nibus:
270 2036 439 2062 tautumden.
455 2035 526 2061 enim
540 2040 599 2062 erat
612 2035 682 2061 hanc
692 2033 794 2068 largiri,
806 2038 886 2067 atque
896 2040 957 2060 orna

166 2083 211 2110 nia
222 2082 302 2110 simul
319 2081 427 2108 tradere
443 2082 524 2114 bona,
535 2089 595 2115 quae
608 2087 729 2115 prmens
741 2079 820 2108 nobis
835 2079 957 2107 tribucre

164 2133 282 2165 poterat.
304 2129 382 2156 Sicut
412 2135 477 2163 ergo
504 2128 606 2155 inimici
627 2127 701 2162 pacis
731 2134 827 2154 omnes
847 2126 880 2153 ad
897 2133 958 2153 eam

165 2176 338 2204 evertendam
355 2175 525 2202 adhibebunt
545 2175 699 2206 machinas,
714 2178 740 2201 et
753 2181 849 2201 omnes
863 2177 959 2208 capta-

167 2222 236 2249 bunt
249 2221 432 2253 occasiones;
455 2221 490 2247 ita
514 2228 564 2248 nos
582 2227 703 2254 quoque,
733 2219 804 2254 quod
834 2218 957 2245 futurum

167 2273 209 2295 est
227 2268 433 2303 prospicientes,
451 2274 560 2294 omnem
579 2266 658 2293 decet
676 2265 731 2293 illis
749 2265 820 2292 viam
843 2262 958 2290 malefa-

167 2314 256 2342 ciendi
279 2313 455 2349 praecludere,
483 2313 613 2348 pacisque
631 2313 732 2339 bonum
763 2316 960 2345 usquequaque

169 2366 258 2389 tutum
283 2361 410 2394 reddere,
428 2366 458 2389 ut
474 2360 630 2388 necessario
648 2359 763 2393 improbi
782 2357 822 2384 vel
849 2356 961 2390 acquie-

172 2411 345 2442 scentesjnon
363 2407 437 2435 ciant
452 2407 558 2434 turbas.
571 2406 612 2432 vel
630 2405 786 2432 adorientes
806 2403 876 2430 nihil
899 2402 960 2429 elli-

169 2462 232 2482 cere
245 2455 362 2488 valeant,
378 2454 620 2488 expcrimentoque
635 2450 725 2478 sciant
739 2449 839 2477 caelum
856 2457 885 2476 se
910 2457 962 2476 vo-

172 2500 255 2529 luisse
268 2500 348 2528 ferire
365 2500 464 2535 capite.
480 2498 548 2525 lllud
563 2502 697 2533 praeterea
711 2495 959 2529 considerandum,

173 2546 278 2574 futuros
291 2546 415 2574 homines
433 2552 530 2580 pravos
544 2552 597 2572 non
609 2544 691 2571 modo
703 2542 846 2570 sententiis
861 2542 963 2569 nostris

174 2594 312 2626 molestos,
327 2597 354 2620 et
366 2593 477 2619 easdem
496 2599 593 2619 rursus
608 2589 812 2618 controversias
822 2595 849 2616 ct
859 2597 963 2624 pugnas

172 2640 312 2675 copiosius
329 2643 514 2672 revocaturos,
531 2639 554 2666 si
570 2645 654 2673 quam
666 2635 741 2664 nacti
759 2635 861 2663 (uerint
871 2635 965 2663 crimi-

174 2686 256 2714 nandi
274 2693 323 2714 uos
333 2685 518 2718 occasionem,
534 2686 581 2712 sed
595 2685 679 2712 multa
694 2690 804 2719 quoque
830 2683 882 2710 alia
895 2683 964 2710 bella

174 2733 350 2771 cscitaturos.
363 2739 508 2766 veramque
519 2731 597 2759 fidem
608 2730 693 2758 multa
702 2730 864 2758 confusione
871 2728 967 2764 Opple-

175 2784 261 2806 turos.
273 2778 305 2806 Et
320 2785 393 2805 nunc
410 2777 519 2812 quidem
540 2777 566 2804 in
584 2777 748 2806 Orientalem
764 2780 792 2804 et
806 2775 969 2803 Occidenta-

178 2826 230 2853 leln
252 2824 385 2852 Eclcsianl
401 2824 488 2851 divisa
504 2829 545 2852 cst
561 2823 781 2852 Christianorum
808 2821 963 2852 multitudo,

178 2876 243 2899 tunc
266 2877 353 2900 autem
376 2880 409 2900 uc
436 2872 571 2900 uulnerari
596 2870 704 2906 quidem
723 2873 802 2898 secta:
831 2873 968 2903 pilclunl,

1004 1575 1080 1602 στέον
1101 1583 1108 1591 ·
1122 1574 1171 1602 καὶ
1182 1575 1257 1606 ὅπως
1273 1575 1368 1610 μηδεὶς
1386 1575 1420 1604 ὲκ
1445 1575 1496 1609 τῆς
1511 1574 1707 1609 ἀνομοιότητος
1729 1573 1803 1608 ἔπη-

1004 1629 1049 1648 ται
1065 1621 1186 1653 κίνδυνος
1203 1621 1283 1657 αὐτῇ.
1297 1621 1486 1657 φροντιστέον.
1499 1621 1530 1648 El
1544 1621 1598 1656 γὰρ
1615 1621 1653 1655 μὴ
1679 1621 1729 1648 καὶ
1747 1620 1801 1652 τὰς

1003 1667 1058 1694 τῶν
1075 1667 1257 1702 εὐγνωμόνων
1272 1668 1363 1703 ψυχὰς
1383 1668 1411 1694 αἱ
1428 1667 1580 1703 προφάσεις
1607 1662 1688 1694 αὗται
1711 1667 1802 1701 ταρά-

1005 1714 1091 1747 ξουσι,
1122 1714 1185 1749 μηδ’
1211 1714 1286 1741 ἔσται
1317 1714 1412 1749 μηδεὶς
1440 1715 1454 1741 ὁ
1475 1713 1521 1741 τοῦ
1540 1713 1624 1740 καλοῦ
1645 1713 1727 1748 χάριν
1752 1713 1801 1741 τὸν

1007 1761 1074 1795 πρὸς
1094 1761 1179 1794 αὐτὴν
1194 1760 1391 1794 ἀναδεξόμενος
1405 1760 1526 1794 πόλεμον
1543 1768 1550 1775 ·
1578 1759 1637 1786 ἀλλ’
1663 1760 1722 1786 ῖστε
1752 1760 1800 1794 δή-

1007 1814 1058 1832 που
1069 1805 1162 1837 καλῶς
1184 1807 1240 1837 τοῖς
1257 1806 1396 1841 μεγίστοις
1419 1806 1467 1832 καὶ
1483 1804 1718 1837 λυσίτεὶεστάτοις
1745 1805 1799 1832 τῶν

1007 1851 1096 1886 ἔργων
1120 1851 1150 1878 οὐ
1178 1851 1242 1884 τοὺς
1276 1851 1480 1887 πονηροτάτους
1511 1851 1592 1886 μόνον
1625 1851 1798 1887 ἀνθρ-δπους,

1007 1897 1075 1924 ἀλλὰ
1091 1898 1214 1930 καὶτοὺς
1232 1898 1364 1925 ἀνέκαθεν
1381 1898 1525 1932 δυσμενεῖς
1550 1898 1616 1933 ἡμῖν
1642 1898 1800 1925 ὲπιῦουλεύ‹

1008 1951 1088 1974 οντας
1099 1943 1239 1978 δαίμονας,
1258 1942 1362 1977 όμοίοις
1377 1941 1534 1977 ἀνθρώποις
1556 1943 1699 1977 συνεργοῖς
1732 1943 1799 1977 πρὸς

1007 1990 1087 2017 τοῦτο
1100 1990 1269 2025 χρωμένους.
1288 1989 1404 2021 Δαίμοσι
1421 1989 1449 2015 δὲ
1461 1989 1515 2024 ἄρα
1536 1989 1586 2023 τῆς
1615 1988 1671 2015 τῶν
1701 1989 1800 2023 ἐκκλη-

1010 2036 1075 2062 σιῶν
1088 2037 1201 2071 εἰρήνης
1214 2035 1292 2061 οὐδὲν
1305 2030 1483 2070 ἀηδέστερον,
1499 2031 1533 2070 ἦς
1547 2034 1620 2065 ἅπας
1636 2035 1650 2061 ό
1666 2034 1721 2061 τῶν
1734 2035 1797 2068 ἀγα-

1010 2081 1065 2108 θῶν
1079 2082 1236 2117 ἀπήρτηται
1247 2080 1358 2112 κύκλος,
1380 2079 1427 2106 καὶ
1442 2080 1475 2115 ἥν
1488 2080 1502 2106 ό
1516 2080 1612 2115 Σωτὴρ
1623 2080 1722 2115 ἀνῆλθε
1744 2081 1797 2112 τοῖς

1010 2127 1166 2162 ἀνθρώποις
1179 2126 1350 2157 καταλιπὼν,
1366 2126 1403 2158 ὡς
1422 2127 1479 2152 ι’σον
1501 2126 1530 2152 ὃν
1544 2126 1647 2160 ταύτην
1670 2134 1698 2152 τε
1723 2126 1799 2162 χαρί-

1013 2173 1123 2205 σασθαι,
1145 2174 1191 2200 καὶ
1207 2172 1318 2200 πάντων
1331 2171 1439 2206 ἀθρόων
1465 2171 1626 2207 μεταδοῦναι
1650 2172 1706 2198 τῶν
1734 2173 1798 2206 ἀγα-

1011 2220 1076 2251 θῶν,
1088 2220 1175 2246 ὁπόσα
1191 2218 1287 2254 παρὼν
1297 2219 1365 2254 ἡμῖν
1377 2218 1509 2253 παρέχειν
1525 2217 1653 2252 ἠδύνατο.
1666 2217 1797 2252 Καθάπερ

1010 2266 1057 2293 οὖν
1066 2266 1090 2292 οι
1107 2265 1157 2300 τῆς
1173 2265 1284 2300 εἰρήνης
1295 2265 1389 2300 ἐχθροὶ
1402 2265 1495 2292 πᾶσαν
1511 2265 1558 2291 ἐπὶ
1569 2265 1602 2299 τῇ
1615 2264 1720 2299 ταύτης
1734 2266 1795 2292 ἀνα-

1011 2312 1098 2347 τροπῇ
1120 2306 1261 2346 κινήσουσι
1291 2310 1427 2345 μηχανὴν,
1453 2309 1501 2336 καὶ
1539 2309 1691 2344 προεεάσεις
1714 2309 1798 2341 πάσας

1011 2358 1242 2392 διερευνήσονται,
1260 2355 1332 2383 οὕτω
1348 2355 1448 2383 δεῖκαὶ
1468 2356 1543 2390 ἡμᾶς
1570 2356 1599 2382 τὸ
1625 2355 1722 2389 μέλλον
1739 2364 1798 2391 προ-

1011 2404 1170 2440 ορωμένους
1185 2404 1278 2430 πᾶσαν
1302 2402 1352 2438 μὲν
1367 2402 1460 2433 αὐτοῖς
1483 2402 1541 2428 ὁδὸν
1564 2401 1727 2428 ἀποκλεῖσαι
1752 2401 1797 2436 τῆς

1012 2451 1191 2486 κακουργίας,
1208 2449 1379 2484 πανταχόθεν
1396 2448 1425 2475 δὲ
1438 2448 1469 2474 τδ
1483 2448 1534 2482 τῆς
1563 2449 1676 2483 εἰρήνης
1702 2447 1797 2482 ἀγαθὸν

1013 2497 1216 2533 ἀσφαλίσασθαι
1239 2504 1255 2533 '_
1279 2496 1310 2528 ἐξ
1338 2492 1377 2522 ὧν
1403 2495 1420 2530 ἦ
1448 2494 1628 2527 πειθομένους
1656 2493 1796 2529 ἡσυχάζειν

1013 2530 1121 2578 ἀνάγκη
1132 2543 1195 2574 τοὺς
1211 2530 1359 2576 πονηροὺς,
1374 2541 1390 2576 ἢ
1417 2540 1641 2576 προσόἀλλοντας
1671 2540 1795 2572 ἀσθενεῖν,

1014 2590 1061 2617 καὶ
1075 2589 1160 2625 πείρᾳ
1179 2588 1338 2623 μανθάνειν,
1356 2587 1393 2619 ὡς
1407 2586 1462 2622 ἄρα
1480 2587 1513 2622 τῇ
1527 2586 1632 2621 κεφαλῇ
1652 2586 1699 2612 τὶν
1726 2586 1796 2620 οὐρα-

1015 2637 1060 2662 νὶν
1069 2636 1206 2669 ἐγνώκασι
1217 2632 1432 2669 προσαράττιιν.
1447 2632 1520 2667 Πρὸς
1533 2632 1562 2658 δὲ
1578 2630 1684 2662 τούτοις
1696 2631 1796 2657 κάκεῖνο

1016 2682 1117 2717 πρέπει
1146 2682 1271 2707 σκοπεῖν.
1297 2679 1335 2705 Οὐ
1373 2678 1428 2714 γὰρ
1453 2678 1534 2713 μόνον
1560 2678 1621 2709 ταῖς
1658 2677 1796 2712 ἡμετέραις

1017 2728 1192 2763 ὲνοχλήσουσι
1209 2727 1311 2762 ψήφοις
1329 2726 1354 2752 οἰ
1366 2727 1480 2760 πονηροὶ
1495 2724 1549 2750 τῶν
1571 2723 1735 2758 ἀνθρώπων,
1756 2725 1796 2750 καὶ

1018 2774 1099 2801 πάλιν
1109 2775 1158 2805 τὰς
1170 2773 1254 2805 αὑτὰς
1272 2772 1341 2808 μετᾶ
1355 2772 1516 2806 περιουσίας
1528 2770 1683 2802 εἰσάξουσιν
1695 2770 1794 2804 ἀμφισ-

1019 2821 1147 2856 ϐητήσεις
1172 2822 1217 2847 καὶ
1236 2821 1336 2855 μάχας,
1352 2819 1400 2845 ὲάν
1424 2826 1464 2848 τις
1481 2818 1570 2849 αὐτοῖς
1583 2817 1636 2843 τῶν
1651 2816 1711 2842 καθ’
1730 2817 1793 2852 ἡμῶν

1023 2868 1205 2904 ἱγκλημάτων
1222 2868 1356 2903 τερόραιις
1377 2863 1406 2902 ᾗ,
1423 2865 1488 2892 ἀλλὰ
1506 2865 1552 2892 καὶ
1575 2864 1688 2896 mihi;
1712 2864 1793 2897 illoc;
