1870 3058
53 170 104 201 4U

646 170 786 201 ORATIO
810 170 839 201 Ιῐ
857 171 906 201 AD
924 171 1117 202 SYNODUM.

1643 169 1696 202 ΜΞ

51 233 108 262 τοῖς
131 231 335 265 ια).επωτᾶ.ῖοις
354 230 513 265 ὲπιχειρ;ἷν,
526 230 572 261 τὰς
591 231 720 265 δευτέρας
737 230 853 266 ὑποσχέ-

943 238 1041 266 amque
1056 230 1122 257 mihi
1134 234 1250 257 tuentem
1266 229 1421 258 diﬁieillima
1433 229 1560 257 convenit
1575 231 1694 266 aggredi,

53 287 114 310 σεις
131 278 264 304 ἀποτῖσαι
285 278 464 312 πειράσομαι,
480 275 516 304 ὧν
530 277 595 303 ἄνευ
609 277 684 303 οὐδὲν
707 277 740 304 ἂν
754 278 786 304 ἐκ
798 277 853 303 τῶν

54 326 205 361 προτέρων
233 325 307 360 μήτε
336 325 461 358 λέγοντος
490 324 579 351 ταῦτα
610 325 680 359 μήτε
711 324 852 355 πείθοντος

52 371 156 406 ipsis;
177 372 230 406 εἴη.
246 370 336 398 Πολλὰ
359 371 408 405 μὲν
422 370 468 398 οὖν
483 370 518 397 τὰ
534 370 584 405 τὴν
609 370 767 406 θαυμαστὴν
787 370 852 397 ταὺ-

52 427 104 451 την
130 418 247 453 εἰρήνην
275 417 375 452 εὐχερῆ
402 416 449 442 καὶ
476 417 571 452 ῥᾳδίαν
596 416 673 451 ἡμῖν,
691 415 724 442 ἂν
752 416 852 451 βουληο

54 464 153 498 θῶμεν
183 463 415 498 μόνον,δείξοντα
446 462 589 495 πέφυκεν·
616 463 666 489 οὐκ
696 462 794 496 ὀλίγων
824 463 852 488 δὲ

54 510 201 544 γέμουσαν
226 509 438 543 ἐναντιωμάτων
462 506 540 539 αὖθις
555 509 629 535 ἐστιν
655 509 719 535 ἰδεῖν
742 510 799 541 τοῖς
814 510 852 545 μὴ

55 556 189 590 κεθαρῶς
215 556 459 590 ἐπισκεπτομένοις
473 564 481 572 ”
503 555 521 582 ἃ
537 554 615 590 οἶμαι
633 555 697 590 περὶ
718 556 772 584 τῶν
795 565 851 584 κω-

55 602 180 629 λυόντων
196 602 307 637 πρῶτον
324 602 420 634 εἰπὼν,
437 603 484 628 καὶ
496 602 571 629 ταῦτ’
587 602 710 637 ἐξορίσαι
726 603 766 634 ὡς
782 604 851 638 πορσ

57 649 176 684 ρωτάτω
206 649 262 675 ’τῶν
289 649 429 684 ὑμετέρων
455 649 560 684 ψυχῶν.
579 649 707 675 "Haemo:
736 649 790 683 γὰρ
819 650 852 675 ἂν

57 697 104 722 καὶ
122 695 202 722 αὐτοὶ
216 695 271 722 τῶν
286 697 341 727 τοῖς
356 695 448 726 καλοῖς
463 695 696 722 ἐπιϐουλευόντων
711 695 852 730 λογισμῶν

57 743 193 775 γενναίως
206 743 410 777 ἐλαυνομένων,
421 742 466 768 καὶ
479 741 548 777 πρὸς
560 743 593 769 τὰ
606 741 734 768 ποιοῦντα
749 741 863 776 ταύτην,

59 789 248 824 εὐκολώτερον
266 789 413 823 βαδιεῖσθε,
434 789 560 823 καθάπερ
576 790 604 814 ἐν
617 787 668 822 ὀδῷ
684 796 736 814 τινι
754 788 807 814 τῶν
825 789 852 814 ἐν

59 837 129 869 αὖτῇ
142 836 281 862 δυσκόλων
299 836 511 871 ἀφαιρεθέντων.
525 836 687 872 ’Λνάσχεσθε
705 835 735 863 δὲ
753 833 852 870 μικρὸν

61 881 248 916 λαμϐάνοντος
267 881 379 910 ἄνωθεν.

96 974 133 1000 To
151 975 201 1009 μὲν
224 975 401 1011 οἰκονομικήν
416 984 477 1002 τινα
499 976 549 1003 καὶ
567 976 736 1011 φαινομένην
756 976 854 1002 ἕνωσιν

62 1022 314 1057 χαταπράξασθαι,
340 1024 394 1050 τῶν
429 1023 697 1058 ἀμφισϐητουμένων
730 1024 766 1054 ὡς
798 1023 854 1057 ἔχει

62 1068 130 1100 τέως
161 1069 318 1102 μενόντων,
347 1068 409 1095 οὔτε
441 1069 597 1103 συμφέρον,
630 1068 685 1095 οὔτ’
717 1068 854 1104 εὐπρεπὲς

65 1113 207 1148 ἱδείξαμεν
224 1113 265 1146 ὃν,
280 1114 336 1140 ἀλλ’
366 1115 477 1148 ἀνάξιον
499 1115 550 1149 μὲν
573 1115 622 1149 τῆς
636 1114 715 1149 ἡμῶν
742 1113 853 1148 ἀρετῆς,

66 1160 162 1195 ττόρρω
191 1161 221 1187 δὲ
246 1162 297 1195 τῆς
330 1160 468 1196 ἡμετέρας
505 1160 709 1196 προσηγορίας·
741 1161 788 1186 καὶ
815 1159 855 1194 τῷ

68 1205 208 1242 Πνεύματι
224 1207 274 1242 μὲν
293 1207 382 1242 ἥκιστ’
395 1207 522 1243 ἀρέσκον,
541 1207 587 1242 ὑφ’
610 1203 641 1234 οὗ
658 1206 704 1233 καὶ
722 1206 855 1242 συνῆχθαι

69 1261 168 1288 φαμεν,
196 1253 259 1280 οὺκ-
277 1253 370 1288 ὀλίγας
401 1253 429 1280 δὲ
455 1253 504 1284 τὰς
533 1253 607 1287 παρὰ
633 1252 687 1279 τῶν
701 1253 854 1287 ἀνθρώπων

69 1299 187 1334 μέμψεις
215 1299 317 1340 ἐπάξον
344 1300 429 1334 ἡμῖν·
456 1299 524 1334 πρὸς
546 1299 573 1325 δὲ
596 1299 700 1328 τούτοις
717 1297 778 1325 οὔτε
794 1299 855 1329 ταῖς

67 1346 183 1380 ἀγαθαῖς
210 1346 300 1373 ἐλπίσι
325 1347 475 1381 συμϐαῖνον
499 1346 544 1380 ὑφ’
561 1343 599 1373 ὧν
614 1345 785 1380 κεκινήμεθα
805 1344 855 1379 τὴν

68 1392 166 1427 ὀρχὴν,
182 1392 245 1419 οὔτε
269 1394 302 1428 τῇ
320 1393 363 1420 διὰ
391 1393 501 1419 πάντων
520 1393 683 1428 παρασκευῇ
705 1391 854 1426 προσῆκον,

68 1439 85 1473 ἢ
103 1439 150 1464 καὶ
168 1438 238 1472 πρὸς
253 1439 314 1465 ἄλλο
329 1448 354 1465 τι
381 1439 485 1473 μεῖζον,
502 1440 581 1473 εἴπερ
597 1436 643 1474 ἦν,
659 1439 706 1465 τοῦ
724 1438 855 1473 παρόντος

69 1483 186 1518 ἧρκεσεν
203 1484 236 1511 ἄν
247 1491 254 1498 ·
268 1485 314 1510 καὶ
328 1484 450 1519 χείρονος
467 1484 588 1518 πολέμου
606 1485 652 1511 καὶ
667 1483 758 1518 μάχης
773 1482 855 1517 ἄρξον

72 1531 138 1564 μετᾶ
167 1530 256 1557 ταῦτα
284 1531 481 1565 Χριστιανοῖς·
514 1531 563 1565 τὴν
588 1531 617 1557 δὲ
648 1531 698 1566 τῆς
728 1529 856 1565 ἀληθείας

71 1576 180 1611 εὖρέσίν
206 1585 235 1603 τε
263 1577 310 1604 καὶ
336 1577 449 1612 ζήτησιν
475 1577 522 1603 καὶ
550 1577 601 1611 τὴν
627 1577 675 1603 ἀπ’
701 1577 785 1609 αὐτῆς
809 1575 857 1603 τοῦ

71 1624 184 1657 ψεύδους
211 1623 300 1658 τομὴν
334 1623 417 1658 μόνην
443 1623 530 1658 ἀληθῆ
559 1623 606 1649 καὶ
634 1622 739 1649 τελείαν
762 1622 859 1649 ἕνωσιν

73 1668 150 1701 εἶναι,
164 1669 214 1696 καὶ
227 1670 335 1696 πάντων
353 1669 403 1704 μὲν
417 1669 614 1704 ἐλαττωμάτων
630 1669 858 1704 ἀπηλλαγμένην,

74 1717 153 1744 καλοῦ
178 1717 207 1743 δὲ
233 1716 332 1747 παντὸς
353 1716 504 1752 γέμουσαν,
521 1717 568 1742 καὶ
595 1716 649 1751 πρὸ
673 1716 783 1743 πάντων
801 1716 860 1742 θεο-

75 1763 147 1798 φιλῆ,
163 1759 196 1790 οὗ
225 1763 334 1796 μάλιστ’
350 1763 378 1789 ἐν
402 1763 468 1788 πᾶσι
491 1764 547 1793 τοῖς
573 1762 617 1796 ὑφ’
633 1763 713 1797 ἡμῶν
738 1770 860 1796 πραττοσ

76 1809 163 1843 μένοις
181 1809 283 1843 πρέπει
313 1807 503 1842 στοχάζεσθαι.
516 1806 589 1841 Αὐτὴ
615 1807 638 1832 δ’
663 1807 696 1833 ἂν
711 1806 825 1840 γένοιτο,
843 1805 859 1839 ἢ

75 1855 196 1881 Λατίνων
211 1855 262 1888 τὴν
279 1853 438 1889 προσθήκην
454 1852 654 1887 ἀτιμαζόντων,
673 1853 720 1879 καὶ
742 1852 862 1886 παυομέ-

75 1911 124 1928 νων
139 1901 210 1935 μετὰ
236 1901 340 1936 ταύτης
363 1902 414 1935 τὴν
436 1900 529 1927 πίστιν
544 1900 698 1935 ὁμολογεῖν,
713 1900 728 1935 ἢ
747 1901 793 1925 καὶ
806 1899 862 1926 τῶν

75 1947 199 1982 Γραικῶν
214 1947 300 1982 αὐτὴν
314 1946 514 1982 προστιθέντων
529 1946 565 1977 ὠς
579 1944 862 1979 ἀναγκαίαν.Μᾶλλον

75 1994 208 2025 δἐἰπεῖν,
227 1992 261 2019 τὰ
286 1993 335 2028 μὲν
361 1993 409 2024 τῆς
434 1992 581 2027 ὁμολογίας
606 1991 720 2018 ἕπεσθαι
744 1990 794 2022 δεῖ,
813 1990 863 2024 τὴν

75 2040 101 2066 δὲ
128 2041 177 2074 τῆς
207 2039 324 2073 καρδίας
353 2039 444 2065 πίστιν
469 2039 605 2073 ἡγεῖσθαι,
624 2039 671 2064 καὶ
694 2037 762 2072 πρὸς
793 2036 862 2070 αὐτῇ

77 2085 198 2119 παγῆναι
214 2084 310 2119 πρώτῃ
334 2085 383 2118 τὴν
407 2083 508 2116 γνῶσιν
526 2085 574 2117 τῆς
599 2082 728 2118 ἀληθείας
752 2082 799 2108 καὶ
814 2081 863 2116 τὴν

77 2131 103 2156 ὲν
120 2130 187 2164 αὐτῇ
207 2129 315 2155 πάντων
332 2128 439 2155 ἕνωσιν.
455 2127 560 2154 Οὐκοῦν
576 2128 592 2162 ἥ
612 2127 745 2157 Λατίνους
763 2126 863 2160 ἀγνοῆ-

78 2186 120 2203 σαι
147 2175 290 2207 παντελῶς
316 2175 350 2210 ἣν
376 2175 506 2209 ἐφρόνουν
535 2174 699 2208 κατάφασιν,
724 2173 772 2199 καὶ
789 2172 864 2207 παρὰ

80 2222 161 2256 μόνου
184 2221 233 2247 τοῦ
260 2220 365 2254 Πατρὸς
389 2219 529 2246 πιστεύειν
552 2218 622 2245 εἶναι
648 2219 678 2245 τὸ
707 2217 862 2252 Πνεῦμα,ἢ

906 277 1024 305 secunda
1043 277 1177 312 promissa
1194 278 1314 305 conabor
1330 277 1497 311 persolvere,
1517 277 1577 304 sine
1593 276 1694 311 quibus

906 322 978 349 nulla
996 323 1048 349 erit
1073 330 1104 348 ex
1135 322 1271 356 prioribus
1296 322 1408 354 utilitas,
1437 322 1459 348 si
1486 321 1542 349 haec
1569 329 1619 356 ego
1641 329 1694 349 non

905 369 1005 400 dicam,
1025 373 1072 396 aut
1089 368 1230 395 suadeam.
1256 367 1338 394 Multa
1355 371 1419 394 sunt
1438 367 1530 402 igitur,
1546 375 1606 401 qum
1624 374 1693 401 prrc-

905 415 1008 443 claram
1023 414 1094 442 hanc
1109 421 1202 449 pacem
1226 414 1332 440 facilem
1352 413 1430 440 nobis
1445 420 1476 440 ac
1495 412 1596 440 nullius
1613 420 1693 446 nego-

907 461 949 495 tii,
963 462 1112 489 dummodo
1124 461 1249 491 velimus,
1266 460 1409 487 ostendent
1428 469 1435 487 :
1453 467 1547 487 rursus
1563 466 1615 486 non
1629 466 1696 494 pau-

905 508 944 536 cis
967 515 1027 535 eam
1054 512 1160 535 scatere
1182 506 1402 542 oppositionibus
1417 505 1547 538 viderint,
1563 506 1609 540 qui
1637 512 1693 531 rem

905 563 957 583 non
974 555 1081 583 sincere
1098 555 1284 582 considerant.
1303 553 1425 581 Primum
1441 559 1506 588 ergo
1527 551 1559 578 de
1582 551 1697 585 impedi-

904 602 1003 629 mentis
1027 601 1161 638 agendum
1187 608 1294 630 censeo.
1322 603 1351 626 ut
1375 607 1388 626 a
1414 598 1513 626 vestris
1541 597 1641 624 animis
1664 604 1694 622 ea

904 654 985 682 quam
999 647 1155 681 longissime
1181 650 1393 676 removeantur;
1412 648 1516 679 gratum
1543 643 1615 669 enim
1645 642 1696 668 hoc

904 693 980 720 vobis
1005 693 1084 720 etiam
1111 692 1172 723 erit,
1198 691 1220 718 si
1247 690 1425 725 cogitationes
1444 690 1506 720 illm,
1525 696 1585 723 quze
1613 688 1695 715 rebus

904 738 1026 766 honestis
1056 738 1204 764 moliuntur
1231 736 1356 767 insidias,
1389 741 1500 763 strenue
1527 734 1694 769 abigantur;

905 784 1069 819 faciliusque
1085 783 1117 810 ad
1134 791 1164 810 ea
1191 781 1354 815 transibitis,
1372 789 1420 816 per
1440 787 1501 815 quae
1522 779 1568 806 ﬁet
1590 787 1653 813 pax,
1673 779 1695 805 si

904 839 964 866 qua:
980 831 1052 858 illam
1069 829 1232 864 asperiorem
1249 829 1363 860 faciunt,
1380 827 1457 862 quasi
1480 826 1532 853 oll'e
1541 826 1650 853 ndicula
1664 825 1696 852 tle

904 877 947 904 via
964 877 1189 904 submoveantur.
1207 873 1334 901 Patimini
1352 880 1425 905 vero,
1441 879 1545 907 quaeso,
1561 879 1603 898 tne
1616 870 1696 906 paulo

906 923 990 949 altius
1011 929 1068 949 rem
1085 921 1181 949 ordiri.

943 968 1074 996 Uniouem
1093 969 1184 1003 itaque
1196 966 1329 994 conﬁcere
1355 969 1543 1000 apparentem,
1567 968 1593 990 ct
1609 962 1696 990 solum

906 1015 1029 1050 prmsenti
1049 1022 1137 1041 rerum
1155 1013 1236 1040 statui
1253 1012 1438 1048 profuturam,
1456 1011 1539 1038 rebus
1563 1017 1622 1044 quzu
1637 1016 1696 1036 ver-

906 1065 1002 1087 santur
1018 1060 1044 1086 in
1059 1059 1258 1091 controversia,
1280 1058 1315 1084 ita
1338 1062 1364 1084 ut
1386 1064 1458 1083 nunc
1476 1064 1505 1083 se
1522 1055 1624 1082 habent
1639 1062 1697 1080 ma-

906 1105 1041 1136 nentibus,
1060 1111 1112 1131 nec
1127 1103 1191 1130 utile
1213 1111 1262 1130 nec
1275 1103 1403 1130 decorum
1424 1109 1484 1129 esse
1499 1099 1669 1127 ostendimus
1686 1107 1694 1130 ;

906 1151 952 1179 sed
968 1159 1023 1178 rem
1042 1154 1133 1177 nostra
1148 1149 1257 1184 quidem
1282 1148 1383 1175 virtute
1409 1146 1558 1181 indignant,
1583 1145 1617 1172 ab
1638 1144 1698 1178 ejus

905 1205 970 1225 vero
986 1196 1116 1228 nominis,
1133 1204 1189 1232 quo
1215 1202 1417 1228 nuncupamur,
1440 1193 1592 1228 signiﬁcatu
1617 1191 1696 1224 longe

906 1246 1063 1277 distantem,
1092 1247 1120 1270 et
1141 1242 1254 1278 Spiritui
1281 1235 1403 1277 quidem,
1421 1247 1436 1267 a
1450 1246 1505 1274 quo
1519 1246 1568 1266 nos
1586 1244 1699 1271 congre-

906 1298 983 1326 gatos
1008 1291 1165 1321 asserimus,
1179 1289 1290 1315 minime
1316 1287 1467 1322 placentem
1484 1305 1491 1316 ,
1513 1283 1607 1310 multis
1632 1289 1697 1309 vero

906 1344 956 1365 nos
978 1337 1116 1364 hominum
1144 1333 1404 1370 reprehensionibus
1432 1331 1640 1366 subjicientem;
1670 1332 1699 1355 et

907 1388 1036 1420 prmterea
1067 1383 1144 1409 home
1170 1382 1239 1416 spei,
1263 1387 1316 1415 qua
1345 1386 1441 1406 sumus
1458 1377 1491 1404 ab
1509 1376 1588 1403 initio
1610 1374 1696 1405 ducti,

908 1431 978 1459 haud
995 1429 1217 1464 respomlcutent,
1247 1434 1298 1454 nec
1316 1426 1445 1453 universo
1473 1421 1616 1458 apparatui
1631 1428 1697 1448 cou-

908 1481 1060 1512 gruentem,
1071 1475 1191 1510 quisatis
1202 1477 1273 1500 esset
1285 1473 1316 1499 ad
1331 1471 1471 1506 quodlibet
1483 1469 1567 1501 aliud,
1579 1468 1600 1496 si
1613 1467 1697 1494 ullum

909 1528 992 1556 esset,
1019 1522 1144 1558 praesenti
1166 1521 1272 1556 negotio
1292 1519 1378 1552 majus
1398 1522 1448 1552 get
1470 1521 1609 1552 postremo
1628 1521 1698 1546 rem,

873 1575 894 1605 c
910 1577 970 1604 quat
986 1568 1054 1596 l‘oret
1071 1567 1236 1595 Christianis
1251 1565 1329 1600 origo
1344 1563 1430 1600 praelii
1455 1571 1486 1590 ac
1509 1568 1604 1597 pugna:
1627 1560 1704 1586 dele-

912 1616 1003 1643 rioris.
1022 1614 1208 1642 Inventionem
1236 1616 1325 1638 autem
1346 1615 1373 1638 et
1397 1608 1603 1645 inquisitionem
1629 1605 1701 1631 veri-

911 1661 984 1692 tatis,
1002 1661 1114 1695 ejusque
1132 1667 1145 1685 a
1161 1658 1302 1686 mendacio
1325 1656 1516 1688 secretionem,
1539 1660 1598 1680 esse
1614 1652 1698 1679 solam

911 1715 1002 1734 veram
1031 1711 1058 1734 et
1090 1705 1240 1740 perlectam
1273 1703 1416 1733 unitatem,
1442 1701 1516 1729 onmi
1547 1706 1612 1726 sane
1636 1697 1702 1724 vitio

911 1753 1036 1785 liberam,
1067 1757 1093 1779 et
1119 1751 1199 1778 bonis
1229 1750 1356 1777 omnibus
1386 1748 1552 1777 allluentcm,
1575 1744 1702 1779 quodque

912 1804 993 1834 caput
1025 1803 1078 1830 est,
1104 1798 1158 1824 Deo
1185 1801 1302 1832 gratam,
1329 1795 1401 1829 quod
1436 1793 1462 1819 in
1494 1791 1622 1818 omnibus
1641 1796 1702 1823 quie

914 1847 981 1872 ﬁunt
1004 1853 1017 1871 a
1044 1844 1132 1875 nobis,
1159 1843 1239 1870 debet
1262 1849 1322 1868 esse
1347 1840 1372 1866 in
1398 1838 1493 1874 primis
1523 1835 1700 1872 propositum.

913 1892 972 1919 Erit
994 1898 1075 1925 porro
1091 1891 1147 1916 hate
1165 1887 1325 1915 autLatinis
1344 1879 1702 1915 additamentumabiicien-

914 1938 996 1969 tibus,
1024 1941 1049 1966 et
1077 1943 1138 1962 cum
1164 1934 1211 1961 illo
1246 1933 1307 1960 lldei
1353 1930 1549 1966 professionem
1578 1926 1703 1954 emittere

913 1982 1110 2014 desinentibus,
1128 1985 1175 2008 aut
1195 1979 1297 2007 Graecis
1315 1977 1397 2005 etiam
1425 1975 1490 2002 illud
1523 1978 1552 2001 ut
1575 1978 1703 2000 necessa-

915 2028 982 2055 rium
1008 2027 1211 2062 adjicientibus.
1240 2025 1297 2052 luto
1319 2030 1396 2055 vero,
1423 2026 1450 2048 ut
1479 2021 1575 2048 melius
1601 2018 1703 2046 dicam.

915 2074 1050 2102 confessio
1069 2072 1178 2108 quidem
1206 2071 1282 2106 sequi
1300 2070 1390 2100 debet,
1409 2068 1476 2095 ﬁdes
1497 2071 1586 2093 autem
1614 2063 1706 2090 cordis

915 2120 1081 2156 prtecedcre,
1100 2120 1130 2146 in
1145 2125 1199 2153 quo
1215 2118 1332 2153 primum
1351 2114 1513 2144 stabilienda
1527 2116 1567 2139 est
1583 2109 1706 2137 veritatis

916 2167 1029 2202 agnitio,
1050 2166 1229 2198 omniumque
1242 2171 1290 2199 per
1302 2163 1375 2190 illam
1390 2159 1559 2195 conjunctio.
1574 2156 1627 2184 Aut
1642 2162 1706 2188 ergo

918 2215 1028 2242 Latinos
1049 2212 1185 2248 oportebit
1206 2212 1318 2238 omnino
1342 2207 1546 2235 aﬂirmationcm
1572 2206 1705 2240 ignorare,

80 2253 212 2302 i‘pztxoia;
236 2266 283 2292 καὶ
308 2253 340 2292 ex
358 2265 404 2292 τοῦ
423 2265 488 2292 Υῑοῦ
515 2267 623 2300 φρονεῖν
646 2266 735 2292 ἐκεῖνο
755 2263 846 2299 δεήσει

943 2268 1000 2288 nam
1019 2260 1174 2290 tuebantur,
1193 2262 1219 2284 et
1245 2255 1356 2283 credere
1371 2253 1501 2288 Spiritum
1519 2259 1579 2278 esse
1594 2259 1608 2278 a
1629 2253 1708 2278 Patre

80 2315 156 2344 ἄλλος
178 2314 234 2348 γὰρ
258 2313 308 2347 οὐχ
328 2312 505 2339 ὑπολείπεται
533 2312 634 2346 τρόπος
664 2311 720 2341 τοῖς
745 2318 777 2342 γε
806 2307 868 2335 κατ’

81 2361 209 2394 ἀλήθειαν
231 2359 357 2393 ἀλλήλοις
379 2357 540 2385 σπένδεσθαι
565 2357 701 2383 θέλουσιν.
726 2356 802 2381 Ἐπεὶ
820 2355 868 2380 νῦν

82 2410 106 2434 ἐν
121 2407 265 2441 ἀντιφάσει
280 2405 383 2432 τούτων
396 2406 412 2439 ἡ
429 2405 531 2436 πίστις,
545 2401 579 2440 ἦς
594 2403 670 2429 οὐδὲν
688 2402 762 2428 ἐστιν
779 2402 869 2435 εὑρεῖν

83 2453 202 2488 μεταξὺ.
227 2452 286 2478 ἄλλ’
310 2452 417 2485 ἀνάγκη
447 2450 560 2484 θάτερον
584 2449 670 2483 αὐτῆς
697 2447 869 2482 ἀμφοτέρους

84 2501 161 2534 μέρος
196 2497 406 2532 ἀπωσαμένους,
422 2496 469 2522 τοῦ
498 2495 595 2522 λοιποῦ
620 2495 666 2520 καὶ
698 2494 870 2528 ἀμφοτέρους

83 2546 189 2581 ἔχεσθαι
206 2545 299 2579 μόνου.
317 2543 380 2569 Εττα
396 2543 446 2577 τὴν
463 2542 554 2567 πίστιν
567 2541 621 2567 ἀπὸ
642 2539 756 2573 καρδίας
773 2539 821 2564 ἐπὶ
836 2537 870 2563 τὰ

85 2591 156 2626 χείλη
175 2591 356 2626 προάγοντας,
368 2589 412 2614 διὰ
427 2587 530 2614 τούτων
554 2587 600 2613 ἐπὶ
628 2585 751 2620 σωτηρία
768 2584 871 2618 ταύτην

85 2638 235 2670 ὁμολογεῖν,
251 2638 297 2662 καὶ
322 2635 409 2666 οὕτως
432 2635 485 2660 ὑπὸ
502 2634 566 2668 μίαν
587 2630 736 2666 καθολικὴν
757 2630 872 2664 Ἐκκλη-

87 2685 143 2708 σίαν
167 2682 272 2712 πάντας
289 2681 418 2714 τελεῖν,ἡ
445 2680 494 2714 τὴν
510 2679 559 2713 τῆς
584 2676 701 2712 ἀληθοῦς
726 2675 873 2709 ὁμολογίας

87 2729 131 2754 καὶ
153 2728 234 2762 δόξης
256 2727 353 2761 δηλοῦν
379 2727 494 2760 ἑνότητα
521 2725 657 2760 βούλεται.
684 2723 792 2756 Ταύτην
817 2720 873 2754 ἐγὼ

87 2777 133 2809 τὴν
155 2774 290 2809 ἀληθινὴν
306 2774 402 2800 ἕνωσιν
421 2773 555 2807 ὑπάρχειν
574 2771 704 2805 ὁρίζομαι
714 2769 747 2804 ἢν
761 2769 874 2802 εἰσηγη-

90 2821 178 2854 σάμην
202 2819 252 2854 μὲν
275 2819 368 2854 πρώην
391 2818 483 2851 αὐτὸς,
506 2817 602 2843 ἔπεισι
626 2815 647 2840 δ’
670 2815 742 2849 ὑμᾶς
767 2814 817 2839 οὐκ
841 2813 875 2839 ἂν

91 2866 205 2900 εἴποιμι,
224 2862 271 2891 καὶ
287 2865 369 2892 πάλαι
387 2863 587 2897 πεπειτμένους
609 2861 654 2894 ὑφ’
673 2860 789 2892 ἑαυτῶν,
806 2859 874 2894 μᾶλ-

92 2911 134 2941 λον
151 2912 173 2938 δ’
189 2911 244 2939 ὑπὸ
266 2911 312 2938 τοῦ
333 2910 490 2946 Ιινεύματος
508 2908 580 2935 τοῦτ’
604 2904 675 2933 εἶναι
695 2906 725 2932 τὸ
748 2906 830 2932 καλὸν
846 2913 875 2931 τε

920 2306 989 2337 solo,
1005 2309 1053 2332 aut
1064 2304 1174 2332 Graecos
1190 2302 1291 2329 sentire
1307 2301 1384 2327 illum
1398 2306 1458 2326 csse
1474 2297 1556 2324 etiam
1569 2304 1601 2324 ex
1619 2296 1706 2323 Filio:

918 2351 1017 2379 etenim
1042 2350 1112 2377 alius
1143 2357 1196 2375 non
1225 2351 1308 2379 restat
1343 2345 1439 2372 uiodus
1472 2344 1516 2375 iis.
1551 2342 1598 2377 qui
1618 2349 1708 2368 veram

919 2398 1015 2425 volunt
1038 2395 1136 2430 pacisci
1163 2401 1266 2429 pacem.
1290 2391 1367 2419 Nunc
1379 2392 1450 2418 enim
1474 2390 1540 2416 lidcs
1567 2388 1664 2415 horum
1682 2387 1709 2414 in

920 2442 1135 2471 contradictione
1155 2445 1196 2467 est
1213 2440 1309 2475 posita.
1325 2446 1385 2473 quae
1398 2437 1502 2464 nullum
1528 2435 1646 2462 admittit
1657 2441 1711 2460 mc-

922 2491 1010 2519 dium,
1028 2489 1075 2516 sed
1090 2495 1199 2515 necesse
1224 2491 1266 2513 est
1283 2485 1393 2512 alteram
1409 2483 1467 2517 eius
1484 2486 1587 2517 partetn
1604 2479 1711 2514 utrique

922 2535 1060 2569 abjicmnt,
1082 2538 1108 2559 et
1126 2533 1210 2559 solam
1237 2532 1347 2558 alteram
1365 2528 1473 2563 utrique
1488 2527 1640 2559 retineant;
1663 2525 1711 2552 dc-

923 2581 985 2608 imie
1006 2581 1084 2607 ﬁdem
1100 2587 1115 2606 e
1131 2579 1213 2606 corde
1239 2578 1271 2604 ad
1291 2585 1321 2603 os
1344 2575 1498 2606 efferentes,
1513 2581 1559 2608 per
1579 2571 1711 2599 ltocillam

925 2628 1061 2654 fateantur
1088 2626 1120 2653 ad
1145 2625 1279 2656 salutem;
1308 2627 1389 2656 atque
1407 2622 1443 2648 ita
1462 2621 1488 2647 in
1510 2627 1590 2646 unam
1618 2625 1713 2645 omnes

925 2673 1088 2701 catholicam
1118 2670 1281 2697 conveniant
1301 2667 1462 2697 Ecclesiam,
1481 2673 1541 2700 quae
1560 2663 1714 2699 signiﬁcare

925 2719 981 2746 vult
1001 2725 1071 2745 vera:
1089 2715 1271 2744 confessionis
1288 2718 1315 2741 et
1327 2712 1467 2740 sententia:
1483 2712 1624 2738 unitatem.
1638 2707 1714 2734 Hanc

925 2773 975 2801 ego
986 2772 1078 2792 veram
1094 2771 1153 2790 csse
1172 2763 1299 2789 unionem
1318 2764 1418 2789 statuo,
1436 2765 1516 2793 quam
1536 2755 1638 2791 pridem
1656 2754 1715 2788 ipse

928 2811 1036 2847 quidem
1064 2808 1202 2844 proposui,
1228 2808 1274 2835 sed
1297 2814 1356 2834 eam
1371 2799 1448 2831 'voltis
1464 2803 1585 2830 suasisse
1602 2808 1654 2827 uou
1673 2800 1713 2826 di-

928 2857 1023 2888 xerim,
1040 2864 1101 2882 cum
1113 2863 1127 2882 a
1139 2855 1215 2881 vobis
1236 2854 1301 2888 ipsis
1317 2853 1372 2887 jam
1390 2851 1453 2877 olim
1470 2847 1590 2883 persuasi
1607 2845 1714 2876 essetis,

929 2902 984 2930 imo
1001 2910 1062 2928 vero
1085 2908 1098 2927 ἢ
1115 2900 1217 2935 Spiritu
1236 2898 1409 2929 didicissetis,
1429 2898 1478 2922 hoc
1496 2901 1553 2922 esse.
1571 2892 1724 2927 ῃιιιριιιιιιιιι⁶
