1870 3058
55 2907 136 2944 Ι-ι,

156 173 213 205 447

156 233 266 260 credant
277 233 391 269 Latinis,
409 234 473 262 dum
487 241 550 262 vera
563 233 600 260 illi
615 231 717 263 dicant,
744 230 825 262 idque
853 227 941 254 modis
956 225 977 254 Α

156 278 283 306 omnibus
307 280 395 314 palam
422 279 524 306 faciant
541 287 549 312 ;
566 285 615 305 nec
639 277 708 305 velle
733 279 844 310 propter
879 281 937 301 eam

154 331 283 357 respuere
300 331 390 351 veram
409 325 583 360 sententiam,
601 330 682 357 quam
699 322 815 349 fatentes
827 324 854 348 et
878 327 939 347 cre-

154 369 260 403 dentes,
276 370 356 405 eique
372 378 400 398 se
416 378 463 403 per
489 370 570 397 ambo
594 369 652 396 Ita-c
675 367 869 403 coniungentes
894 374 940 394 ne-

153 420 231 440 cesse
245 419 288 441 est
302 415 456 442 concordiae
474 414 650 448 veritatisque
666 413 819 440 mercedem
844 420 858 439 a
885 412 940 439 Deo

154 459 342 487 indubitanter
358 463 525 494 exspectent.
539 459 651 487 Latittos
681 465 744 486 vero
773 458 938 493 (quanquam

154 505 234 532 video
249 506 370 533 rationes
384 514 479 533 eorum
499 510 642 533 enervatas
657 513 704 540 per
720 504 849 532 nonnulla
866 512 880 531 a
897 512 940 531 me

152 551 206 584 jam
222 551 292 578 dicta
302 551 351 587 (I),
362 559 411 580 nec
425 552 560 579 intmerito
578 552 657 586 plane
673 551 845 586 ignominiam
858 551 892 578 ab
901 550 940 578 eis

156 595 257 628 titueri,
276 603 337 622 cum
351 602 459 630 propter
482 597 538 624 lure
562 596 612 630 ipsi
640 597 784 632 plusquam
812 596 857 623 al'i
878 597 941 632 jure

155 640 308 676 turbentur)
334 641 400 669 illud
431 641 513 669 etiant
540 649 649 677 aaquum
671 647 713 670 est
738 643 938 670 considerare:

156 686 256 713 nullam
275 695 305 715 se
322 688 475 720 majoribus
488 688 544 716 suis
560 689 687 724 injuriam
703 689 837 722 illaturos,
857 691 878 717 si
895 698 941 717 vc.

154 733 261 759 ritatem
275 733 326 767 ipsi
353 733 575 768 amplectantur;
593 735 649 762 imo
676 736 768 770 potius
795 735 939 763 utilitatem

153 778 294 811 allaturos,
309 779 372 806 dum
389 778 504 807 f0rtasse
517 787 611 815 puram
623 786 649 808 et
674 781 806 808 illibatam
833 782 940 816 opinio-

154 832 214 851 neut
230 829 351 852 tenentes
365 825 417 860 ipsi
434 825 553 854 o'rabunt
570 834 619 861 pro
634 827 792 856 hominibus
818 828 937 856 falsitate

153 871 284 904 deceptis,
302 877 328 899 et
344 872 456 899 humani
477 873 579 908 aliquid
598 874 685 909 passis
700 884 706 902 :
722 875 855 902 mercedis
880 874 939 902 loco

153 923 168 941 ιι
189 914 243 942 Deo
258 920 379 950 petentes
392 918 430 953 ob
443 906 659 953 certamina‘pro
674 919 788 947 veritate.
800 926 937 954 suscepta,
955 906 976 934 Β

154 958 369 987 misericordiam
379 960 419 989 eis
431 962 542 996 tribuit;
555 963 619 998 quin
633 965 713 991 etiam
722 965 821 999 probra
833 965 939 992 illorutn

154 1005 284 1035 paulatim
303 1006 429 1041 obtegere
441 1012 568 1042 poterunt
583 1017 591 1036 :
611 1017 671 1044 quae
686 1016 816 1046 augerent
838 1012 938 1046 potius,

152 1049 174 1075 si
188 1054 328 1084 acceptum
346 1051 380 1078 ab
397 1052 451 1080 illis
467 1060 649 1088 sequerentur
665 1063 796 1090 errorem,
825 1063 853 1085 et
881 1066 941 1085 ma-

154 1095 207 1121 lum
225 1096 276 1123 sibi
307 1096 376 1132 ipsis
401 1097 537 1128 foverent.
570 1100 647 1134 Quod
678 1102 701 1130 si
734 1110 787 1130 non
812 1104 942 1132 aviditate

152 1140 255 1175 glorias,
272 1144 465 1179 voluntathue
478 1146 582 1179 primas
599 1148 709 1175 tettendi
732 1148 804 1176 inter
831 1149 940 1183 fratres,

156 1187 381 1224 praefiniendique
396 1191 523 1219 omnibus
535 1200 595 1227 quae
610 1201 672 1220 vera
681 1198 705 1221 et
717 1194 789 1228 iusta
804 1200 877 1228 suttt,
894 1196 941 1224 sed

150 1233 315 1262 necessitate
323 1235 440 1269 quadam
452 1243 512 1271 quae
523 1245 537 1264 a
552 1237 655 1266 ratione
664 1246 718 1266 non
732 1240 903 1272 abhOrreret,
915 1246 941 1268 et

151 1278 361 1313 cogitationibus
370 1281 444 1315 victi,
457 1290 527 1317 quas
536 1283 675 1318 despicere
688 1293 742 1312 non
751 1290 884 1320 poterant,
899 1287 943 1314 in-

150 1335 157 1349 ι
172 1325 333 1353 nxerehanc
343 1326 510 1362 opinionem,
529 1337 578 1363 par
593 1335 635 1357 est
645 1331 723 1358 nobis
731 1333 812 1360 etiam
823 1335 939 1362 tacenti-

153 1371 203 1397 l.ns
219 1369 279 1397 illos
289 1378 350 1399 esse
361 1372 573 1401 misericordiam
583 1381 753 1411 consecutos,
763 1384 942 1414 expertosque

152 1415 236 1443 Deum
250 1417 398 1452 propitium
414 1426 422 1444 :
439 1420 484 1453 qui
499 1427 529 1447 se
546 1421 586 1448 vel
600 1423 766 1456 gravissimis
781 1425 942 1453 criminibus

149 1461 271 1493 iudicem
285 1463 555 1499 prabelhumanum,
571 1467 593 1494 si
610 1475 664 1495 non
681 1476 696 1496 e
712 1469 793 1498 simili
805 1471 942 1500 voluntate

153 1506 371 1541 proficiscantur,
390 1509 416 1536 id
430 1511 502 1544 quod
521 1507 611 1546 potius
627 1514 694 1541 viris
709 1515 764 1543 illis
791 1518 941 1553 contigisse

152 1553 219 1580 mihi
233 1553 290 1587 ipse
306 1556 472 1590 persuadeo.
487 1557 579 1594 Neque
591 1561 663 1588 ettim
695 1562 767 1590 viros
791 1565 940 1592 sanctimo-
953 1578 975 1609 ρ

153 1598 195 1624 nia
212 1599 273 1627 vitae
286 1607 457 1637 praestantes,
470 1605 572 1640 quique
589 1606 672 1634 Deum
687 1604 845 1636 dilexerunt
857 1618 940 1645 super

153 1646 256 1679 omnia,
273 1648 349 1677 visus
366 1649 423 1684 ipse
436 1657 508 1679 esset
529 1653 652 1682 aﬂ‘ecisse
681 1657 812 1691 praemiis,
840 1659 940 1694 quibus

153 1691 204 1718 sibi
220 1692 318 1721 charos
332 1695 427 1729 donat,
447 1702 530 1732 atque
546 1698 573 1725 in
585 1704 687 1727 emtum
708 1691 854 1730 beatorum
870 1705 942 1732 asci-

156 1737 241 1770 \isse,
254 1739 281 1766 ni
296 1740 373 1774 prius
390 1742 445 1770 illis
461 1744 645 1773 condonasset
658 1754 753 1780 ptenas
771 1749 805 1776 ob
818 1757 939 1778 errorem

153 1782 276 1818 luendas,
289 1794 348 1821 quae
362 1787 585 1825 falsitatecaptos
597 1792 623 1818 in
640 1798 801 1827 perpetuttm
818 1802 833 1822 a
847 1795 941 1824 beato-

153 1839 213 1858 rum
224 1837 298 1859 sorte
310 1840 467 1864 secernunt.
492 1836 570 1869 Quod
594 1846 658 1866 vero
683 1839 755 1868 Deus
781 1841 939 1875 multorum,

152 1881 179 1903 et
195 1877 257 1906 dum
273 1879 405 1914 viverent,
420 1885 448 1909 et
463 1883 508 1910 ubi
526 1883 578 1911 vita
594 1884 679 1913 functi
691 1892 794 1919 essent,
814 1892 939 1916 testatam

153 1924 268 1952 voluerit
283 1927 469 1961 sanctitatem,
483 1930 602 1957 ostendit
621 1936 647 1958 et
662 1931 822 1960 Latinorum
848 1934 941 1962 Eccle-

151 1970 202 2002 sia,
215 1971 318 1998 cttltum
332 1973 385 2000 illis
399 1977 427 2001 et
454 1975 585 2003 honorem
615 1978 780 2012 adhibendo,
805 1985 832 2006 et
854 1980 939 2008 Graeci

153 2016 203 2049 ipsi
218 2025 271 2044 non
285 2019 510 2055 contradixerint,
526 2030 576 2050 nec
584 2031 678 2051 errore
691 2025 716 2052 id
726 2025 783 2052 fieri
795 2026 938 2060 quisquam

153 2062 260 2096 dixerit,
273 2065 351 2098 qttasi
363 2073 411 2094 vos
426 2067 531 2095 frustra
561 2068 616 2096 illis
642 2069 796 2097 sanctitatis
824 2071 939 2105 gloriam

153 2107 287 2142 tribuatis,
302 2110 371 2138 nihil
392 2112 419 2139 in
436 2113 502 2148 ipsis
514 2114 690 2148 agnoscendo
702 2122 735 2141 ex
749 2115 784 2142 iis
808 2123 869 2149 quae
895 2124 941 2143 re-

151 2155 298 2188 quirttntur
317 2157 349 2185 ad
367 2159 552 2187 sanctitatem.
565 2160 655 2192 Quare
668 2168 731 2194 spes
757 2165 799 2188 est
825 2163 940 2190 omnino

151 2205 236 2234 certa,
251 2202 318 2230 nihil
332 2203 385 2232 illis
402 2206 557 2233 nociturum
574 2207 607 2233 ad
632 2206 748 2234 salutent
778 2207 881 2236 factum
913 2209 938 2236 in

152 2247 281 2282 Symbolo
326 2250 537 2279 additamentum

152 2298 206 2319 tum
227 2294 328 2323 fuerint
361 2298 522 2325 necessitate
550 2297 666 2332 quadam
696 2299 939 2334 ctrationibuspe-

151 2339 236 2367 ticulo
248 2341 314 2369 illud
330 2349 426 2369 vacare
440 2343 619 2377 probantibus
635 2353 642 2371 :
656 2353 706 2373 nee
719 2347 817 2373 vestris
834 2347 935 2374 oratio-

151 2386 232 2414 nibus
245 2388 304 2415 fore
316 2389 369 2416 illis
380 2395 460 2423 opus,
471 2397 503 2416 ac
522 2390 609 2418 multo
622 2392 708 2426 magis
722 2392 743 2419 si
765 2393 798 2419 ad
829 2392 936 2419 illorum

150 2441 270 2461 trrorem
290 2440 380 2461 vester
396 2442 448 2461 non
466 2435 586 2468 accedat,
604 2442 631 2464 et
649 2438 763 2465 veritate
777 2433 869 2471 agnita
896 2436 936 2463 fas

151 2478 240 2510 eiatis.
256 2483 286 2506 ut
303 2478 343 2504 illi
360 2478 449 2506 solum
477 2487 510 2507 ex
546 2482 688 2509 tnendacio
713 2482 841 2508 damnum
872 2489 937 2509 con-

151 2523 368 2551 tt-aserintzerit
381 2525 454 2552 enim
468 2526 502 2553 ab
531 2526 583 2554 illis
609 2536 658 2562 pro
683 2535 712 2555 se
738 2532 854 2561 tantum,
884 2535 938 2555 non

150 2579 198 2605 pro
209 2570 308 2597 vestris
321 2571 402 2599 etiam
419 2572 561 2601 animabus
577 2573 711 2601 reddenda
748 2575 829 2607 ratio,
855 2582 936 2610 quam

151 2622 199 2649 par
216 2620 258 2642 est
271 2615 305 2642 ab
318 2615 371 2644 illis
396 2625 450 2645 non
481 2618 564 2653 exigi,
589 2618 648 2645 siin
681 2618 825 2652 pauciores
848 2627 938 2654 pravae

150 2660 285 2694 opinionis
299 2661 386 2689 labem
397 2663 566 2692 diﬂ‘uderint.
583 2663 661 2697 Quod
676 2664 700 2692 si
719 2672 771 2692 non
789 2665 934 2699 perfectam

151 2713 237 2740 ptcna:
253 2706 451 2743 liberationem,
463 2717 489 2738 at
500 2715 573 2737 certe
583 2710 753 2745 refrigerium
766 2711 900 2745 quoddam
910 2715 937 2738 et

151 2753 365 2784 consolationem
383 2757 538 2785 emendatio
551 2762 720 2792 posterorum
739 2757 791 2794 illis
801 2757 935 2790 attulerit,

683 169 869 201 GENNADII
889 168 942 198 ΟΡ.
957 167 1212 199 ΡΑΤΒΙΑΠΟΗΕ

1734 165 1803 196 448

994 226 1138 260 πεισθῆναι
1165 227 1300 259 Λατίνοις,
1323 227 1356 254 ἂν
1381 227 1468 262 ἀληθῆ
1485 226 1596 260 λέγωσι,
1614 224 1662 250 καὶ
1698 223 1801 250 τοῧτο

994 272 1061 297 πᾶσι
1079 272 1193 306 τρόποις
1213 273 1381 307 ἐργάζεσθαι
1399 273 1526 309 φανερὸν,
1549 273 1686 308 μηδεμῖαν
1714 270 1801 297 ὕπο-

990 316 1055 351 ψίαν
1069 317 1140 352 ἔχειν
1155 317 1286 352 αίτχύνης
1299 326 1306 334 ·
1327 319 1390 353 μηδ’
1403 319 1495 345 εἵνεκα
1509 318 1603 345 τούτου
1620 318 1670 352 τήν
1687 314 1800 350 ἄληθῆ

991 362 1134 396 προΐεσθαι
1150 362 1239 394 δόξαν,
1268 363 1301 397 ἦν
1313 363 1514 398 ὁμολογοῦντάς
1529 372 1559 389 τε
1573 363 1621 390 καὶ
1635 361 1802 389 πιστεύον-

991 417 1049 441 τας,
1062 409 1108 436 καὶ
1122 409 1208 444 ταύτῃ
1226 410 1260 435 δι’
1281 410 1443 446 ἀμφοτέρων
1480 410 1583 438 τούτων
1605 410 1800 443 συναπτομέ-

991 466 1063 489 νους.
1080 458 1186 493 ἀνάγκη
1199 458 1263 489 τούς
1277 466 1307 484 τε
1320 458 1369 492 τῆς
1383 457 1509 492 ὁμονοίας
1525 458 1572 483 καὶ
1587 457 1637 490 τῆς
1647 456 1801 490 ἀληθείας

994 503 1109 537 proiicit;
1137 504 1253 540 βεϐαίως
1276 505 1380 532 ἄνωθεν
1394 504 1560 540 προσδοκᾷν.
1582 504 1713 534 Λατίνοις
1749 503 1799 534 δὲ,

991 550 1015 574 εί
1031 550 1077 575 καί
1100 558 1161 576 τινα
1187 550 1240 576 τῶν
1258 549 1411 586 εἰρημένων
1440 548 1495 583 ὁρῶ
1521 547 1640 583 σαθροὺς
1664 547 1801 573 ἐκείνων

990 595 1074 628 δεῖξαι
1092 596 1155 625 τοὺς
1170 595 1329 629 λογισμοὺς,
1346 595 1393 621 καὶ
1410 594 1440 621 τὺ
1457 595 1506 629 τῆς
1522 594 1654 628 αἰσχύνης
1671 593 1739 624 δέος
1760 593 1799 618 οὗ

991 642 1168 669 παντάπασιν
1183 642 1291 676 ἄλογον,
1305 641 1352 668 καί
1365 650 1391 667 τι
1408 641 1490 667 πλέον
1507 641 1562 666 τῶν
1580 639 1669 667 ἄλλων
1685 639 1799 669 αὐτοῖς

991 690 1103 720 εἰκότως
1133 689 1184 716 ὑπὸ
1198 689 1300 715 τούτων
1317 688 1541 724 ταραττομένοις,
1559 687 1674 714 κάκεῖνα
1693 694 1798 721 προσο

991 735 1167 769 ενθυμεῖσοαι
1185 735 1301 767 δίκαιον,
1315 735 1357 761 ὅτι
1384 735 1448 765 τοὺς
1466 735 1516 768 μὲν
1532 733 1684 769 προγόνους
1700 731 1797 758 οὐδὲν

991 781 1023 807 ὲκ
1044 781 1092 807 τοῦ
1112 782 1161 815 τὴν
1175 780 1306 815 ἀλήθειαν
1327 782 1435 815 φρονεῖν
1448 780 1525 808 αὐτοὶ
1538 779 1795 814 παραϐλάψουείιν,

991 827 1014 853 εί
1032 827 1069 861 μὴ
1086 827 1134 853 καὶ
1152 827 1252 862 μᾶλλον
1277 827 1476 861 ὠφελήσουσιν,
1491 827 1556 856 ἴσως
1573 825 1643 859 ὑπὲρ
1667 825 1720 851 ἀνθ
1728 823 1795 858 ρώ-

992 882 1051 900 πων
1068 873 1229 900 ἑαλωκότων
1245 873 1283 909 τῷ
1298 873 1402 908 ψεύδει,
1419 873 1465 900 καί
1477 881 1502 898 τι
1517 872 1658 898 παθόντων
1671 871 1722 897 ἀνθ
1730 870 1796 905 ρώ-

991 929 1078 953 πινον,
1105 920 1183 946 αὐτοὶ
1211 920 1281 955 μετὰ
1304 920 1428 954 καθαρᾶς
1450 919 1498 946 καὶ
1520 918 1670 953 ἀκιϐδήλου
1697 917 1794 951 δόξης

990 964 1145 999 εὐχόμενοι,
1162 965 1210 991 καὶ
1236 964 1290 991 τῶν
1315 964 1384 998 ὑπὲρ
1422 964 1471 998 τῆς
1500 963 1630 998 ἀληθείας
1661 964 1792 996 ἀγώνων

993 1011 1092 1045 μισθὸν
1111 1011 1250 1043 αἰτοῦντες
1261 1011 1336 1046 παρὰ
1355 1010 1423 1037 Θεοῦ
1435 1011 1486 1045 τὴν
1499 1011 1539 1042 εἰς
1551 1011 1673 1040 ἐκείνους
1684 1009 1794 1043 φιλαν-

991 1056 1126 1092 θρωπίαν.
1156 1057 1208 1082 Καὶ
1237 1056 1271 1082 τὰ
1303 1055 1416 1081 ἐκείνων
1443 1054 1472 1080 δὲ
1502 1052 1677 1086 συγκαλύψαι
1706 1053 1791 1078 κατᾶ

992 1102 1092 1137 μικρὸν
1108 1102 1196 1137 ὀνείδη
1212 1102 1385 1137 δυνήσονται,
1405 1101 1476 1136 ἃπερ
1491 1099 1605 1135 ἔμελλον
1622 1099 1729 1131 αὕξειν,
1749 1095 1791 1133 ἧς

991 1149 1216 1184 ἐκληρονόμησαν
1237 1149 1361 1184 ἐχόμενοι
1388 1148 1504 1182 πλάνης,
1523 1149 1571 1175 καὶ
1584 1147 1615 1174 τὸ
1630 1147 1720 1173 δεινὸν
1753 1148 1789 1172 ὲν

992 1197 1068 1230 σφίσι
1081 1195 1318 1229 διαφυλάττοντες.
1332 1195 1401 1222 Εὶδὲ
1420 1195 1456 1230 μὴ
1473 1195 1552 1229 δόξης
1575 1193 1710 1228 ἐπιθυμίᾳ
1734 1193 1793 1220 καὶ

990 1241 1029 1276 τῷ
1050 1241 1196 1276 βούλεσθαι
1214 1242 1370 1277 πρωτεύειν
1384 1241 1438 1268 τῶν
1454 1241 1588 1275 ἀδελφῶν,
1606 1240 1654 1267 καὶ
1671 1239 1791 1273 τάληθῆ

991 1289 1039 1316 καὶ
1053 1289 1145 1315 δίκαια
1162 1290 1245 1316 πᾶσιν
1259 1288 1371 1323 ὁρίζειν,
1384 1288 1441 1315 ἀλλ’
1459 1289 1491 1314 ἔκ
1505 1296 1577 1320 τινος
1593 1287 1710 1322 ἐχούσης
1729 1287 1784 1312 λό-

991 1343 1039 1369 γον
1056 1335 1177 1369 ἀνάγκης
1192 1336 1240 1361 καὶ
1248 1334 1389 1369 λογισμῶν
1402 1334 1577 1369 ἡττηθέντες,
1588 1331 1625 1360 ὦν
1635 1333 1686 1360 οὐκ
1703 1331 1788 1367 εἶχον

993 1381 1142 1417 ὑπερορᾷν,
1155 1382 1204 1417 τὴν
1221 1381 1300 1415 δόξαν
1315 1381 1416 1416 ταύτην
1434 1381 1607 1416 εἰσήνεγκαν,
1629 1380 1701 1411 εἰκός
1719 1381 1790 1406 ἐστι

992 1430 1039 1456 καὶ
1056 1428 1195 1462 σιγώντων
1208 1428 1286 1463 ἡμῶν
1314 1428 1413 1456 αὐτοὺς
1425 1427 1631 1462 φιλανθρωπίαν
1647 1427 1788 1461 εὑρέσθαι

993 1473 1041 1499 καὶ
1056 1473 1124 1500 Θεοῦ
1144 1475 1235 1508 τυχεῖν
1250 1473 1325 1506 ἵλεω,
1344 1473 1372 1503 ὃς
1399 1474 1446 1500 καὶ
1460 1473 1514 1499 τῶν
1527 1472 1671 1507 χειρίστων
1686 1473 1790 1507 ἁμαρ-

993 1520 1135 1554 τημάτων,
1151 1520 1196 1547 ,ἂν
1210 1521 1259 1547 οὐκ
1278 1521 1306 1554 ἐξ
1322 1520 1418 1554 ὁμοίας
1443 1520 1634 1555 ἀμαρτάνηται
1652 1519 1788 1552 γνώμης,

994 1565 1184 1600 φιλάνθρωπος
1206 1565 1312 1599 γίνεται
1333 1565 1478 1600 δικαστής*
1493 1564 1507 1591 ὃ
1527 1564 1574 1591 καὶ
1592 1564 1693 1599 μᾶλλον
1709 1564 1789 1599 ὑπὲρ

992 1611 1046 1637 τῶν
1060 1611 1166 1646 ἀνδρῶν
1193 1611 1304 1638 ἐκείνων
1331 1611 1422 1644 ἔγωγε
1450 1611 1592 1645 πείθομαιζ
1612 1611 1649 1637 Οὺ
1665 1610 1719 1645 γὰρ
1751 1610 1788 1637 ἂν

991 1659 1055 1689 τοὺς
1070 1658 1197 1693 ὀρθότητι
1214 1658 1272 1693 βίου
1289 1658 1343 1684 τῶν
1359 1657 1448 1685 ἄλλων
1464 1657 1653 1691 διενεγκόντας
1665 1657 1713 1683 καὶ
1727 1657 1788 1692 πρδ

991 1705 1101 1731 πάντων
1119 1705 1199 1731 αὑτὸν
1211 1704 1498 1741 ἀγαπῆσανταςέδοξε
1513 1705 1572 1735 ταῖς
1586 1703 1640 1730 τῶν
1656 1704 1786 1738 γνησίων

991 1751 1181 1786 ἀμειψάμενος
1195 1751 1311 1786 δωρεαῖς
1336 1751 1384 1777 καὶ
1405 1750 1442 1784 τῷ
1459 1751 1513 1776 τῶν
1532 1749 1675 1784 μακαρίων
1690 1757 1787 1776 κατα.-

993 1795 1073 1828 λέξας
1087 1796 1172 1831 χορῷ,
1191 1796 1227 1832 μὴ
1251 1797 1360 1831 πρῶτον
1377 1796 1469 1826 αὐτοῖς
1484 1795 1535 1826 τὰς
1559 1795 1591 1821 ὲκ
1606 1795 1655 1830 τῆς
1673 1794 1787 1829 πλάνης

990 1841 1170 1875 ὀφειλομένας
1185 1843 1261 1873 δίκας
1284 1844 1374 1876 ἀφεὶς,
1402 1843 1430 1868 αἳ
1455 1841 1583 1876 διηνεκῶς
1599 1842 1662 1871 τοὺς
1688 1841 1783 1866 ἑαλω-

991 1887 1072 1918 κότας
1090 1888 1139 1922 τῆς
1155 1888 1210 1914 τῶν
1228 1888 1372 1923 μακαρίων
1387 1889 1511 1925 εἴργουσι
1537 1887 1651 1922 λήξεως.
1670 1886 1734 1912 Ὀτι
1751 1886 1784 1913 δὲ

990 1934 1098 1965 πολλοῖς
1113 1935 1163 1969 τὴν
1177 1935 1334 1970 ἁγιωσύνην
1364 1934 1410 1962 καὶ
1437 1935 1505 1966 ζῶσι
1531 1934 1578 1961 καὶ
1598 1933 1784 1974 τελευτήσασι

993 1980 1207 2015 μεμαρτύρηκεν
1222 1981 1236 2006 ὁ
1259 1981 1326 2011 Θεὸς
1339 1980 1372 2007 δι’
1387 1977 1424 2007 ὧν
1446 1980 1545 2006 εἴωθεν
1571 1978 1656 2013 αὐτὴν
1676 1987 1785 2012 μαρτυ-

992 2027 1060 2060 ρεῖν,
1074 2027 1091 2061 ἥ
1106 2035 1134 2052 τε
1149 2027 1204 2053 τῶν
1217 2027 1339 2053 Λατίνων
1362 2025 1512 2058 Ἐκκλησία
1529 2025 1638 2058 τιμῶσα
1667 2023 1785 2055 τούτους

991 2073 1038 2099 καὶ
1055 2072 1171 2099 σέϐουσα
1185 2072 1315 2103 δείκνυσι,
1336 2072 1384 2096 καὶ
1408 2070 1522 2104 Γραικοὶ
1540 2070 1647 2100 πάντως
1665 2069 1698 2095 ἂν
1715 2077 1784 2102 συγο

991 2119 1154 2153 χωρήσαιεν,
1185 2119 1245 2144 οὐδὲ
1262 2117 1367 2150 πλάνην
1393 2117 1471 2150 φαῖεν
1504 2112 1622 2142 εἶναιτὸ
1647 2115 1781 2150 πρᾶγμα,

991 2166 1040 2192 καὶ
1057 2165 1145 2198 μάτην
1171 2163 1244 2197 ὑμᾶς
1261 2161 1375 2192 ἐκείνοις
1390 2162 1438 2196 τὴν
1452 2161 1502 2196 τῆς
1519 2160 1676 2195 ἁγιωσύνης
1699 2161 1782 2193 δόξαν

992 2210 1170 2243 προσάπτειν,
1183 2209 1237 2235 τῶν
1255 2208 1294 2239 είς
1311 2207 1412 2242 ταύτην
1440 2207 1617 2241 ζητουμένων
1641 2206 1782 2233 οὐδοτιοῦν

578 2260 586 2278 :
618 2260 680 2279 cum
721 2255 837 2288 permoti
881 2260 940 2282 tan-
954 2250 980 2280 Ι)
994 2257 1086 2287 αὐτοῖς
1101 2255 1266 2286 συνειδότας.
1281 2255 1314 2281 Ὢ

1047 2257 1086 2287 οἷς
1101 2255 1266 2286 συνειδότας.
1281 2255 1356 2281 ”Ωστ¹
1370 2254 1448 2286 ἐλπίς
1465 2254 1582 2280 ἐστικαὶ
1595 2253 1664 2279 πάνυ
1682 2252 1781 2286 βεϐαία

992 2300 1074 2335 μηδὲν
1086 2299 1179 2330 αὐτοῖς
1189 2300 1258 2334 πρὸς
1271 2299 1321 2334 τὴν
1339 2299 1476 2334 σωτηρίαν
1487 2299 1536 2333 τὴν
1549 2299 1577 2324 ἐν
1590 2297 1629 2332 τῷ
1645 2297 1781 2332 Συμδόλῳ

989 2346 1150 2381 προσθήκην
1165 2345 1359 2381 λυμανεῖσθαι,
1384 2345 1430 2371 ὑπ’
1446 2345 1572 2378 ἀνάγκης
1599 2344 1681 2378 μόνον
1706 2343 1780 2374 τινος

990 2391 1037 2417 καὶ
1047 2390 1136 2424 λόγων
1150 2390 1321 2417 δεικνύντων
1335 2389 1437 2423 ταύτην
1449 2389 1591 2415 ἀκίνδυνον
1607 2386 1778 2423 προαχθεῖσι,

991 2436 1058 2470 μηδὲ
1069 2436 1123 2462 τῶν
1135 2436 1277 2470 ὑμετέρων
1289 2435 1375 2469 εὐχῶν
1385 2435 1491 2469 δεήσειν
1506 2434 1597 2464 αὐτοῖς
1609 2441 1616 2448 ·
1630 2435 1676 2459 καὶ
1687 2432 1779 2466 πολὶῷ

991 2481 1092 2516 μᾶλλον
1111 2481 1143 2508 ἂν
1170 2481 1207 2516 μὴ
1235 2481 1283 2508 καὶ
1311 2481 1342 2506 τδ
1360 2481 1494 2515 ὑμέτερον
1510 2481 1602 2510 αὐτοῖς
1626 2478 1777 2513 προστεθῇ,

989 2527 1058 2554 ἀλλὰ
1073 2526 1125 2562 τὴν
1138 2527 1268 2560 ἀληθειαν
1281 2527 1358 2560 ὑμῶν
1370 2526 1549 2559 ὲπιγνόντων,
1569 2525 1665 2560 μέχρις
1684 2524 1776 2549 αὐτῶν

990 2573 1070 2608 μόνον
1090 2573 1119 2599 τὸ
1136 2572 1212 2608 παρὰ
1222 2572 1270 2599 τοῦ
1285 2572 1400 2606 ψεύδους
1425 2572 1524 2606 βλάϐος
1538 2571 1693 2603 ἐκτείνηται
1705 2578 1711 2585 ·
1729 2569 1775 2595 τὸν

969 2647 971 2649 ,
988 2619 1059 2652 ὑπὲρ
1082 2618 1158 2651 σφῶν
1175 2617 1276 2649 αὐτῶν,
1292 2617 1352 2651 οὐχὶ
1368 2617 1396 2643 δὲ
1413 2618 1460 2643 καὶ
1475 2616 1529 2642 τῶν
1557 2616 1698 2649 ὑμετέρων
1725 2613 1778 2647 ψυ-

991 2664 1047 2698 χῶν
1072 2663 1223 2697 ὀφλήσουσι
1236 2662 1315 2695 λόγον
1330 2669 1336 2677 ·
1353 2661 1382 2687 ὃν
1408 2662 1482 2692 εἰκός
1505 2662 1580 2687 ἐστιν
1603 2660 1693 2691 αὐτοῖς
1711 2660 1777 2692 ἀφε-

991 2709 1086 2743 Θῆναι,
1112 2709 1151 2740 είς
1179 2709 1308 2740 ἐλάττους
1336 2709 1386 2743 τὴν
1415 2708 1465 2742 τῆς
1497 2706 1658 2739 κακοδοξίας
1688 2705 1777 2740 λύμην

992 2755 1119 2790 ὲκχέασιν
1133 2762 1140 2770 ·
1158 2754 1215 2781 ἀλλ’
1232 2755 1256 2781 ει
1272 2754 1320 2781 καὶ
1341 2754 1378 2790 μὴ
1393 2753 1514 2787 παντελῆ
1529 2754 1578 2788 τῆς
1593 2751 1671 2786 δίκης
1691 2750 1777 2778 ἁπαλ-

191 2890 228 2925 (l)
243 2890 303 2918 lltcc
316 2897 341 2918 et
357 2891 454 2919 similia
473 2891 540 2918 di.\it
556 2896 646 2918 ililt'lul
661 2895 722 2918 ante
735 2892 832 2918 factam
852 2891 988 2917 unionem.
1007 2905 1037 2909 —
1055 2889 1110 2916 lttto
1126 2894 1186 2924 post
1200 2888 1309 2915 factam.
