1870 3058
139 110 190 141 455

674 107 864 140 GENNADII
885 109 938 139 ΕΡ.
959 108 1176 140 PATRIARCH
1188 106 1211 136 E

1711 103 1773 135 L56

138 173 187 193 nec
199 167 234 193 ita
249 173 340 201 pacein
352 174 526 202 ceuponere,
537 166 767 201 quemadmodum
779 166 830 201 ipsi
843 167 876 194 lib

1046 165 1272 200 συμμετέχοντας
1288 164 1325 200 μὴ
1336 164 1382 190 καὶ
1397 164 1450 193 τῶν
1463 164 1616 199 ἀμεινόνων
1632 162 1784 189 ποιεῖσθαι

139 216 179 239 ter
195 213 365 240 annuerint?
377 213 416 240 Ad
429 214 486 241 haec
499 221 564 248 ergo
576 213 641 248 quid
657 213 716 248 ipse
732 213 925 248 respondeam,

138 259 237 293 quidve
252 260 342 294 potius
353 260 458 287 consilii
473 261 550 287 vobis
566 262 624 287 dem
640 263 752 294 propter
767 258 925 294 hujusmodi

138 306 269 339 rationes,
281 306 417 333 volentem
434 307 525 333 dicere
544 310 647 333 attente
663 306 795 333 audietis.
807 306 858 337 Qui
871 305 927 332 sint

138 352 218 385 longe
235 351 336 382 dissiti.
358 352 455 386 quisve
474 359 568 383 secus,
584 350 679 378 Patres
696 351 856 384 requissimi,
873 357 926 376 non

138 402 219 424 terra:
242 398 530 433 spatiisjudieandum
547 402 600 429 est,
617 397 665 425 sed
682 405 788 424 morum
813 397 926 424 institu-

137 439 282 476 torumque
307 444 499 475 similitudine,
516 449 564 470 aut
586 449 681 471 contra
698 453 705 472 :
724 452 773 471 nec
792 452 845 471 non
875 444 927 471 lin-

137 498 205 523 eum,
222 490 244 516 si
258 490 313 516 fieri
328 490 424 524 possit,
441 495 467 516 et
481 490 552 523 quod
569 491 691 517 omnium
704 495 747 518 est
761 482 924 518 maximum.

137 536 327 564 benevolentia
352 539 379 563 et
402 536 543 567 societate,
576 539 727 570 tnutuaqne
750 543 831 570 opera
858 543 927 570 prm-

137 581 238 611 benda.
254 588 317 607 cum
338 588 407 615 opus
432 585 483 607 est.
502 580 575 608 Hanc
600 581 682 615 igitur
695 589 744 608 vos
770 581 927 608 adhibendo

138 627 270 662 regulam,
284 629 451 654 contrarium
467 628 579 654 mnnino
591 638 622 657 ac
638 628 675 654 illi
692 628 786 654 volunt
798 628 830 655 de
844 628 926 656 rebus

137 674 285 708 propositis
302 675 417 709 capietis
441 675 598 702 consilium.
617 675 684 709 Quis
709 676 783 702 enim
806 676 925 710 ignorat,

137 721 289 748 notissimis
306 720 467 748 Latinorum
495 722 656 750 nationibus
677 729 740 750 cum
758 722 872 753 Graecis,
898 727 927 748 ut

138 768 255 801 primum
272 769 306 794 de
332 768 374 794 his
399 775 491 795 sermo
515 768 572 801 ﬁat,
588 776 685 795 eorum
701 768 779 802 plane
801 768 925 794 omnium

137 820 197 846 (ιιιξο
219 813 286 840 dixi.
306 813 535 848 perfectissimam
557 814 726 842 intercedere
743 814 927 841 affinitatem?

980 212 1124 248 βούλεσθαι
1145 211 1312 243 κοινωνούς;
1342 209 1404 245 μηδ’
1419 210 1457 241 ὡς
1477 210 1511 236 ἃν
1537 209 1615 236 αὐτοὶ
1633 209 1789 236 συνθοῖντο

979 259 1024 285 καὶ
1041 256 1251 290 κατανεύσειαν,
1269 256 1341 282 οὕτω
1355 256 1404 291 τὴν
1425 256 1539 290 είρήνην
1555 254 1690 290 πράττειν
1713 256 1787 281 ἑπι-

979 305 1101 340 χειρεῖν;
1124 303 1172 336 Τίς
1190 301 1237 330 οὖν
1253 303 1330 329 ἔσται
1354 304 1401 330 καὶ
1416 303 1484 337 πρὸς
1499 301 1609 333 τούτους
1623 300 1782 334 ἀπολογία,

980 351 1081 386 μᾶλλον
1091 351 1119 377 δὲ
1135 351 1161 377 τί
1180 359 1245 377 ποτε
1260 350 1306 376 καὶ
1320 351 1385 383 περὶ
1402 350 1518 376 τουτωνὶ
1533 349 1588 375 τῶν
1602 348 1694 382 λόγων
1717 348 1784 382 ἔχω

979 397 1179 432 συμὸουλεύειν
1197 397 1264 431 ὑμῖν
1282 395 1438 431 προσέχοιτε*
1453 395 1487 422 ἂν
1508 395 1559 431 ἠδη
1593 395 1684 428 λέγειν
1713 393 1782 420 ἐθέ-

978 444 1060 471 λοντι.
1088 444 1159 475 Τοὺς
1181 443 1278 479 πόρρω
1306 444 1354 470 καὶ
1377 443 1439 474 τοὺς
1469 443 1564 476 ἐγγὺς,
1596 439 1618 468 ὦ
1649 441 1779 476 Πατέρες

978 490 1189 522 ἐπιεικέστατοι,
1222 491 1253 516 οὐ
1283 490 1335 524 γῆς
1366 489 1534 524 διαστήμασι
1570 488 1676 515 δίκαιόν
1714 489 1780 514 ἐστι

979 538 1091 572 κρίνειν,
1101 537 1169 563 ἀλλὰ
1179 537 1288 571 τρόπων
1303 538 1349 563 καὶ
1360 535 1435 570 ὴθῶν
1460 535 1608 570 ὁμοιότητι,
1627 535 1676 561 καὶ
1692 535 1780 561 τοῦν-

982 584 1086 615 αντίον,
1107 583 1154 609 καὶ
1171 581 1297 617 γλώττης
1321 581 1364 614 ἐφ’
1387 578 1425 608 ὧν
1439 581 1497 606 ἐστι
1525 580 1637 607 δυνατὸν
1652 587 1659 594 ·
1692 580 1742 606 καὶ
1762 579 1780 606 ὃ

980 630 1112 662 μέγιστον
1145 629 1278 655 ἁπάντων
1305 627 1408 662 εὐνοίᾳ,
1431 627 1479 653 καὶ
1508 627 1637 661 κοινωνίᾳ
1661 627 1709 652 καὶ
1734 627 1780 661 τῷ

980 675 1169 710 συμπράττειν
1183 668 1310 710 αλλήλοις
1323 675 1351 700 ὲν
1362 672 1404 706 οἷς
1427 675 1459 702 ἂν
1473 675 1528 701 δέοι
1544 676 1591 701 καὶ
1615 676 1777 710 συνεργεῖν.

978 723 1074 758 Τούτῳ
1085 723 1176 748 τοίνυν
1187 721 1226 756 τῷ
1245 721 1340 748 κανόνι
1364 721 1526 756 χρωμένους
1551 715 1635 756 ὑμᾶς,
1665 721 1778 748 παντάκ

979 777 1062 794 πασιν
1083 768 1214 799 ἐναντίως
1229 766 1270 799 οἷς
1288 767 1408 800 ἀξιοῦσιν
1426 769 1536 798 ἐκεῖνοι.
1555 767 1685 802 περὶτῶν
1705 776 1778 802 προ-

978 815 1115 849 κειμένων
1140 815 1200 841 ἐστι
1217 814 1424 849 βουλεύσασθαι.
1446 814 1492 845 Τίς
1508 815 1563 849 γὰρ
1590 814 1640 841 οὐκ
1665 813 1721 841 οἶδε
1739 816 1779 840 τὰ

137 866 163 888 et
174 865 264 887 tamen
275 867 370 887 eorum
380 859 476 898 aliqua:
487 859 611 894 plurimis
622 865 700 887 terrae
710 860 808 894 spatiis
820 867 834 887 ιι
845 868 875 887 nc

1049 862 1174 889 Λατίνων
1196 861 1396 897 γνωριμώτατα
1409 860 1487 896 γένη,
1504 861 1541 892 ὼς
1554 861 1588 887 ἂν
1603 861 1672 896 πρὸς
1687 861 1778 896 Γραι-

138 906 258 934 distant?
278 906 344 939 Quis
363 905 450 932 nescit
465 906 559 937 etiam.
586 906 687 934 multos
707 914 739 934 ex
759 906 793 934 iis
819 907 864 942 qui
889 907 930 933 in—

139 953 217 980 terim
233 953 376 980 nobiscum
392 953 418 979 in
433 952 484 980 lide
498 953 629 985 sentiunt.
644 954 829 987 essequidcm
849 954 927 981 nobis

139 999 258 1031 vicinos,
279 999 405 1025 moribus
421 1003 508 1025 autem
526 1003 553 1025 et
566 999 699 1026 institutis
716 999 826 1026 diﬂ‘erre
843 1007 930 1033 quan-

139 1051 195 1072 tum
213 1044 256 1071 vix
279 1044 332 1071 diei
347 1044 452 1079 queat?
468 1049 494 1072 et
510 1044 693 1078 calamitates,
717 1046 818 1080 quibus
833 1045 929 1080 alliigi-

140 1099 200 1118 mur
217 1091 350 1126 quotidie,
370 1099 423 1118 non
441 1092 561 1118 curare?
579 1084 689 1119 Scimus
706 1093 789 1119 etiam
809 1092 928 1119 nonnul-

140 1137 182 1164 los
199 1145 231 1165 ex
260 1138 294 1165 iis
323 1137 448 1165 insidiari
467 1138 556 1171 nobis,
582 1145 614 1166 ac
630 1139 750 1166 invidere
770 1147 777 1166 :
796 1139 842 1173 qui
865 1147 930 1166 verr,

140 1191 172 1212 se
193 1184 275 1212 nobis
297 1185 400 1212 amicos
427 1185 547 1218 prasbere
570 1185 675 1217 volunt,
704 1184 816 1218 perinde
839 1185 929 1213 vah-nt

139 1234 221 1264 atque
238 1229 256 1256 ii
281 1229 326 1263 qui
349 1229 459 1262 nolunt,
473 1230 610 1258 similibus
628 1234 655 1257 et
676 1230 726 1264 ipsi
744 1230 824 1264 atque
845 1231 928 1258 etiam

141 1275 313 1311 gravioribus
337 1275 462 1310 oppressi
490 1276 621 1308 miseriis,
646 1279 676 1303 ut
700 1283 733 1303 ne
752 1276 803 1312 sibi
821 1277 929 1311 quidem

142 1322 209 1356 ipsis
224 1329 302 1355 opem
323 1321 392 1348 ferre
414 1326 526 1356 queant.
553 1322 688 1350 Praetereo
707 1324 794 1358 quod.
812 1325 930 1359 exceptis

145 1367 231 1394 Gallis
255 1372 281 1394 et
302 1366 442 1405 Hispanis,
474 1367 586 1402 reliquae
616 1368 775 1397 Latinorum
804 1371 930 1398 nationes

142 1413 233 1441 minus
245 1413 347 1441 distant
361 1413 422 1441 loco
438 1421 452 1440 a
468 1414 557 1447 nobis,
569 1423 648 1449 quant
663 1415 747 1450 aliqui
762 1424 857 1444 eorum
870 1417 930 1452 (no-

142 1460 214 1487 mine
229 1460 302 1488 enim
319 1468 367 1488 cos
385 1461 522 1495 appellare
538 1462 612 1497 nolo)
630 1463 730 1496 quibus
748 1463 928 1491 vehementer

142 1515 236 1535 sumus
253 1507 366 1535 addicti.
384 1507 456 1540 Quin
477 1508 559 1535 etiam
574 1513 602 1535 ut
629 1509 735 1537 vicinos
750 1509 863 1537 eosdem
883 1511 928 1537 ha-

143 1554 250 1585 bemus,
268 1554 383 1582 coloniis
400 1555 565 1589 quibusdam
587 1554 740 1590 insulisque
759 1556 813 1583 illis
833 1556 927 1584 subdi-

144 1601 177 1628 tis
192 1600 308 1627 maxime
323 1599 462 1635 conjuncti
479 1609 486 1633 ;
505 1605 533 1627 et
548 1607 610 1628 cum
625 1601 766 1629 nonnullis
783 1602 818 1629 ita
836 1608 930 1630 nostra

143 1646 233 1674 omnia
251 1646 531 1678 communicavimus,
557 1652 584 1674 ut
605 1647 686 1674 veluti
713 1648 931 1683 consanguineos

143 1693 271 1726 civesque
287 1692 478 1721 adhibeamus.
493 1694 531 1720 Ad
545 1694 602 1721 hrec
618 1694 672 1721 lata
686 1694 765 1721 nobis
778 1700 931 1729 opportune

145 1738 258 1771 auxilia,
283 1740 427 1773 vicemque
445 1747 460 1766 ιι
485 1739 564 1767 nobis
582 1740 727 1771 redditam.
754 1748 805 1768 nec
833 1748 886 1768 non
904 1745 931 1767 ut

147 1784 269 1812 moribus
289 1785 398 1819 utrique
417 1785 568 1813 aitet-orum
588 1787 678 1821 potius
704 1794 786 1821 quam
813 1787 933 1822 propriis

143 1831 319 1865 oblectemut‘,
345 1837 371 1859 et
391 1833 548 1860 communia
573 1833 629 1860 sint
647 1834 727 1861 nobis
744 1833 875 1866 eruditio,
894 1834 933 1861 di-

145 1879 277 1913 sciplime,
302 1882 330 1906 et
346 1883 440 1906 exacta
466 1878 623 1914 dogmntum
642 1879 759 1907 scientia
775 1884 931 1915 cwteraque

145 1924 252 1952 vincula
264 1924 364 1959 quibus
377 1925 548 1959 copulantur,
564 1932 728 1960 percensere
744 1925 852 1960 singula
865 1924 933 1952 ditii-

144 1973 276 2001 cillimum
295 1973 425 2001 arbitror.
450 1972 547 2008 Itaque
565 1974 589 2001 si
607 1977 633 2000 et
651 1978 775 2001 nostram
800 1981 862 2003 cum
881 1973 933 2000 La-

147 2020 211 2047 tinis
229 2027 320 2054 pacem
340 2019 418 2055 sequi
437 2027 532 2047 omnes
559 2020 708 2053 voluerint,
728 2019 866 2047 felicitatis
889 2020 934 2047 hic

146 2065 198 2093 erit
211 2066 349 2097 cumulus,
364 2071 390 2092 et
407 2066 530 2093 veritatis
546 2070 641 2092 contra
662 2065 837 2093 mendacium
870 2065 933 2092 illu-

147 2111 212 2139 stris
223 2110 347 2144 victoria,
358 2115 384 2137 et
398 2110 452 2137 late
465 2110 562 2138 dili‘usa
576 2119 638 2146 pax,
656 2115 738 2146 atque
752 2110 844 2138 omnia
860 2118 934 2139 com-

147 2158 276 2192 plectens.
294 2157 347 2184 Sed
361 2158 382 2185 si
401 2157 554 2192 periculum
575 2162 627 2189 est,
644 2165 677 2184 ne
693 2157 771 2185 alteri
787 2157 933 2185 adhaeren-

981 909 1047 940 κοὺς
1067 909 1081 934 ὀ
1094 908 1172 941 λόγος
1189 908 1314 942 γίγνοιτο
1324 907 1445 942 πρῶτον,
1474 908 1503 934 ἐν
1520 908 1604 933 πᾶσιν
1628 907 1698 941 ὁμοῦ
1717 909 1780 939 τοῖς

982 955 1195 989 προειρημένοις
1209 955 1412 989 ἀκριϐεστάτην
1430 955 1479 988 τὴν
1499 954 1568 988 πρὸς
1587 955 1663 988 ἡμᾶς
1690 955 1781 988 ἐγγύ-

982 1010 1050 1036 τητα
1068 1002 1209 1034 σώζοντα;
1227 1001 1317 1028 καίτοι
1344 1001 1447 1028 τούτων
1465 1001 1522 1028 ἔνια
1539 1001 1665 1027 πλεῖστον
1691 1002 1780 1036 ἡμῶν

981 1048 1080 1083 ἀπέχει
1092 1049 1125 1083 τῇ
1144 1049 1191 1082 γῇ.
1206 1048 1255 1079 Τίς
1267 1048 1290 1073 δ’
1308 1048 1402 1082 ἀγνοεῖ
1419 1047 1534 1079 πολλοὺς
1547 1048 1600 1074 τῶν
1618 1049 1686 1082 ἡμῖν
1701 1048 1779 1078 τέως

981 1095 1184 1129 ὁμοδοξούντων
1203 1115 1210 1126 ,
1239 1095 1323 1128 ὲγγὺς
1356 1094 1406 1130 μὲν
1435 1094 1656 1129 συνῳκισμένους
1681 1095 1778 1129 ἡμῶν,

981 1142 1062 1176 ἧοεσι
1079 1141 1127 1167 καὶ
1143 1142 1256 1176 τρόποις
1272 1141 1331 1168 οὐδ’
1347 1142 1408 1167 ὅσον
1431 1141 1518 1167 εἰπεῖν
1541 1141 1599 1167 ἐστι
1628 1141 1780 1175 διαφέρον-

981 1196 1041 1218 τας,
1068 1189 1115 1214 καὶ
1139 1187 1193 1215 τῶν
1218 1188 1283 1223 ἡμῖν
1312 1187 1441 1214 ἑκάστοτε
1465 1187 1678 1220 συμπιπτόντων
1715 1187 1778 1213 οὐδ’

982 1234 1253 1269 ὲπιστρεφομένους;
1285 1233 1391 1264 Ἐνίους
1405 1232 1428 1259 δ’
1444 1233 1536 1259 αὐτῶν
1558 1233 1638 1267 ίσμεν
1660 1233 1779 1259 ἐπιϐου-

981 1280 1110 1311 λεύοντας
1121 1280 1169 1307 καὶ
1182 1279 1356 1313 φθονοῦντας.
1376 1279 1408 1305 Οἱ
1440 1278 1469 1305 δὲ
1491 1279 1538 1305 καὶ
1556 1279 1590 1304 τὰ
1604 1279 1659 1305 τῶν
1687 1278 1779 1305 εὖνων

983 1327 1114 1362 πράττειν
1147 1326 1286 1358 ἐθέλοντες
1308 1328 1336 1353 ὲν
1354 1326 1403 1361 ῐσῳ
1416 1327 1470 1356 τοῖς
1487 1326 1523 1361 μὴ
1539 1326 1714 1361 βουλομένοις
1736 1328 1780 1353 εἶ-

983 1374 1035 1405 σὶν,
1051 1373 1132 1408 ὃμοια
1143 1373 1367 1408 δυσπραγοῦντες
1379 1374 1445 1407 ήμῖν
1461 1373 1508 1399 καὶ
1522 1373 1616 1407 χείρω,
1643 1373 1690 1399 καὶ
1705 1373 1778 1408 μηδὲ

983 1419 1074 1453 σφίσιν
1091 1418 1183 1450 αὐτοῖς
1199 1418 1314 1453 ἀμύνειν
1330 1418 1488 1452 δυνάμενοι.
1509 1417 1561 1445 Ἑῶ
1574 1418 1628 1452 γὰρ
1646 1419 1688 1444 ὅτι
1702 1419 1778 1453 πλὴν

981 1464 1093 1491 Γάλλων
1107 1472 1136 1490 τε
1153 1463 1200 1490 καὶ
1219 1463 1366 1497 Ὶσπανῶν,
1385 1465 1433 1490 καὶ
1452 1464 1486 1489 τὰ
1502 1463 1585 1490 λοιπὰ
1613 1463 1667 1490 τῶν
1691 1464 1779 1490 Λατί-

982 1519 1036 1536 νων
1049 1510 1113 1544 ἔθνη
1135 1511 1182 1537 καὶ
1194 1510 1270 1545 τόπῳ
1285 1510 1430 1544 διέστηκεν
1456 1510 1536 1544 ἡμῶν
1552 1509 1690 1545 ἐλαττονῆ
1709 1509 1778 1536 τού-

983 1566 1036 1583 των
1059 1557 1132 1587 τινὲς
1158 1556 1200 1592 (οὐ
1220 1557 1274 1591 γὰρ
1302 1556 1434 1591 βούλομαι
1462 1555 1584 1591 ¹τοῦνομα
1607 1556 1710 1590 λέγειν)
1737 1553 1778 1584 ὧν

984 1603 1086 1638 σφόδρα
1105 1602 1304 1637 περιεχόμεθα.
1321 1602 1383 1632 Τοῖς
1397 1602 1425 1628 δὲ
1451 1602 1545 1633 αὐτοῖς
1569 1603 1617 1628 καὶ
1643 1602 1776 1637 καθάπερ

982 1650 1086 1683 γείτοσι
1115 1649 1257 1684 χρώμεθα,
1289 1649 1429 1680 ἀποικίαις
1456 1649 1514 1675 τισὶ
1535 1651 1581 1676 καὶ
1605 1650 1699 1683 νήσοις
1728 1649 1774 1676 ὑπ’

984 1694 1072 1720 αὐτῶν
1100 1694 1269 1729 ἁρχομέναις
1301 1694 1421 1728 μάλιστα
1452 1695 1666 1729 συναπτόμεναι·
1688 1696 1774 1727 ἐνίοις

982 1739 1073 1767 δὲκαὶ
1106 1740 1161 1766 τῶν
1194 1740 1260 1774 παρ’
1288 1740 1354 1774 ἡμῖν
1381 1739 1601 1774 μεταδεδωκότες
1632 1741 1775 1773 ἁπάντων,

983 1787 1070 1814 ὁπόσα
1093 1786 1216 1821 γνησίοις
1240 1787 1288 1814 καὶ
1306 1786 1433 1818 πολίταις
1463 1787 1594 1821 ἄντικρυς
1618 1789 1776 1822 προσφερό·

985 1834 1065 1869 μεθα.
1080 1833 1135 1864 Τὰς
1152 1832 1175 1859 δ’
1190 1832 1236 1859 ἐπὶ
1254 1832 1352 1868 καιροῦ
1377 1832 1506 1868 βοηθείας
1533 1833 1624 1860 αὐτῶν
1649 1835 1697 1861 καὶ
1723 1836 1777 1867 τὰς

985 1880 1051 1915 παρ’
1068 1879 1146 1915 ήμῶν
1158 1879 1290 1914 ἀμοιϐὰς,
1308 1879 1374 1914 πρὸς
1391 1879 1420 1906 δὲ
1439 1880 1487 1907 καὶ
1513 1880 1543 1906 τὸ
1566 1881 1621 1911 τοῖς
1648 1881 1776 1917 ἀλλήλων

984 1926 1062 1962 ἤθεσι
1077 1926 1182 1961 χαίρειν
1199 1925 1254 1960 πρὸ
1270 1925 1326 1952 τῶν
1351 1925 1469 1958 οίκείων,
1494 1927 1644 1961 μαθήματά
1665 1936 1696 1953 τε
1728 1930 1776 1954 καὶ

985 1972 1082 2006 λόγους
1094 1972 1142 1998 καὶ
1157 1971 1301 2005 δογμάτων
1325 1970 1483 2006 ἐπιστήμην
1500 1971 1549 1996 σὺν
1566 1970 1706 2006 ἀκριὸείᾳ,
1727 1972 1777 2007 καὶ

985 2018 1070 2046 τᾶλλα
1085 2018 1126 2045 δι’
1142 2014 1179 2044 ὦν
1193 2017 1388 2052 συναπτόμεθα
1405 2017 1569 2051 καταλέγειν
1591 2017 1705 2051 ἕκαστα,
1718 2019 1776 2044 τῶν

985 2065 1210 2101 δυσχερεστάτων
1227 2061 1299 2091 εἶναι
1318 2063 1432 2097 νομίζω.
1448 2063 1479 2089 Et
1493 2064 1543 2098 μὲν
1571 2062 1619 2090 οὗν
1636 2064 1684 2099 τῆς
1705 2065 1777 2100 πρὸς

986 2112 1120 2143 Λατίνους
1134 2111 1247 2145 εἰρήνης
1269 2110 1316 2136 καὶ
1331 2109 1432 2141 πάντες
1443 2110 1509 2144 ἡμῖν
1525 2109 1703 2145 βουλήσονται
1715 2120 1777 2138 κοι-

987 2159 1092 2190 νωνεῖν,
1109 2156 1239 2191 εὔδαιμον
1257 2155 1290 2182 ἂν
1303 2155 1345 2190 εἴη
1362 2155 1442 2182 τοῦτό
1454 2164 1496 2190 γι,
1512 2156 1561 2183 καὶ¹
1591 2156 1708 2192 λαμπρὰ
1725 2157 1777 2192 τῆς

147 2210 188 2232 tes
198 2204 267 2239 parti
277 2205 434 2231 amittamus
445 2204 568 2234 alteram,
578 2204 717 2231 hominum
725 2205 776 2232 erit
785 2205 885 2239 pruden

1038 2203 1118 2236 θείας
1131 2203 1195 2236 νίκη
1211 2202 1281 2228 κατὰ
1300 2201 1347 2228 τοῦ
1372 2201 1499 2236 ψεύδους,
1518 2201 1566 2229 καὶ
1590 2203 1687 2237 εἰρήνη
1707 2203 1776 2229 πλα-

147 2251 306 2286 agentium,
335 2251 453 2277 maxime
481 2251 587 2278 vicinos
615 2251 743 2286 μηνίει-γε
771 2251 833 2278 aliis
859 2258 933 2278 :eos

147 2297 285 2329 videlicet,
300 2297 399 2331 quibus
413 2298 568 2332 pt'a’positis
580 2302 606 2324 ct
619 2298 759 2325 veritatem
773 2297 930 2328 fatebimur,

147 2347 174 2370 et
189 2351 284 2378 pacem
300 2344 425 2371 stabilem
444 2343 631 2371 conﬁciemus.
650 2343 733 2371 Scitis
750 2344 821 2371 enim
840 2343 932 2378 plures

147 2399 242 2419 eorum
264 2391 315 2418 hoc
334 2390 415 2417 etiam
434 2394 556 2424 tempore
573 2391 675 2417 nullius
692 2397 790 2424 parere
803 2389 929 2424 imperio,

147 2442 174 2463 et
193 2437 293 2463 nttllam
311 2436 411 2462 habere
427 2435 571 2463 nobiscum
594 2436 828 2467 communionem,
846 2442 933 2468 neqtte

150 2484 300 2511 Ecclesium
320 2487 441 2510 nostram
464 2483 570 2513 audire,
588 2484 634 2510 sed
651 2482 755 2510 nullum
772 2482 835 2508 hinc
856 2483 933 2510 nobis

148 2530 319 2563 dispendium
336 2529 424 2555 oritur
442 2538 448 2556 :
466 2536 553 2564 neque
579 2528 663 2562 igitur
680 2527 792 2554 omnino
813 2535 828 2554 a
854 2528 935 2555 nobis

148 2577 245 2605 divulsi
259 2579 386 2612 poterunt
399 2575 528 2603 invehere
543 2575 628 2601 ullum
645 2573 861 2601 incommodum.
879 2574 932 2601 Sed

149 2625 171 2651 si
192 2628 302 2658 possent
319 2623 401 2650 etiam
426 2622 491 2649 dare
517 2620 626 2655 aliquod
650 2619 793 2653 damnum,
814 2620 932 2655 perlecta

149 2676 222 2697 certe
238 2678 299 2697 cum
321 2669 425 2696 Latinis
439 2667 598 2702 conjunctio
611 2667 680 2693 adeo
696 2667 851 2694 numerosis
867 2666 934 2694 satis

148 2724 284 2751 superque
298 2716 397 2751 poterit
411 2715 562 2741 molestiam
574 2714 683 2741 demere
699 2712 762 2739 inde
773 2713 935 2747 proveniun-

149 2768 202 2790 tem
220 2771 226 2789 :
242 2767 270 2790 ut
280 2763 334 2798 jam
353 2770 385 2789 ne
401 2761 487 2794 ipsam
503 2760 614 2795 quidem
631 2758 708 2794 prius
724 2759 934 2793 conjuuetorusu

149 2808 326 2835 amissionem
342 2806 505 2833 sentiamus.
528 2804 583 2832 Nec
602 2812 667 2831 vero
684 2803 774 2838 aliqua
793 2804 873 2830 nobis
891 2805 934 2830 lict

150 2855 206 2882 illis
220 2854 330 2889 injuria,
346 2854 400 2881 Deo
412 2853 502 2887 judice
517 2852 729 2886 hominibusque
743 2851 788 2885 qui
804 2852 933 2885 sapiunt;

110 2922 175 2948 ,ι

985 2250 1044 2275 τεῖα
1060 2249 1107 2274 καὶ
1124 2248 1212 2275 πάντα
1224 2247 1459 2282 διαλαμϐάνουσα·
1477 2249 1501 2274 εἶ
1515 2248 1543 2274 δὲ
1556 2248 1602 2275 καὶ
1618 2249 1777 2275 κινδυνεύο-

987 2303 1036 2330 μεν
1051 2295 1155 2329 ἑτέρων
1168 2297 1360 2330 περιεχόμενοι
1387 2295 1452 2326 τοὺς
1474 2295 1587 2331 ἑτέρους
1609 2295 1775 2330 ἀποϐαλεῖ-ι,

989 2341 1138 2376 σωφρόνων
1154 2341 1188 2368 ἂν
1206 2341 1250 2376 εἴη
1265 2342 1330 2373 τοὺς
1355 2341 1474 2376 μάλιστα
1503 2341 1703 2376 πλησιάζοντας
1718 2344 1776 2370 τῶν

986 2389 1075 2415 ἄλλων
1090 2389 1264 2423 προελέσθαι·
1287 2388 1334 2414 καὶ
1350 2388 1398 2420 οὒς
1413 2389 1614 2424 προτιμήσασι,
1629 2390 1659 2415 τό
1675 2398 1703 2416 τε
1724 2390 1776 2424 τὴν

987 2435 1116 2470 ἀλήθειαν
1147 2435 1305 2470 ὁμολογεῖν,
1333 2435 1380 2461 καὶ
1408 2434 1439 2460 τὸ
1473 2435 1523 2470 τὴν
1543 2435 1656 2470 εἰρήνην
1678 2435 1716 2466 ὡς
1741 2436 1776 2462 ἂν

989 2482 1107 2516 μάλιστα
1122 2482 1264 2518 διαρκοίη,
1285 2482 1418 2517 πράττειν
1440 2482 1602 2517 προσέσται.
1622 2482 1694 2508 Ἱστε
1720 2483 1776 2518 γὰρ

987 2529 1027 2554 ὃτι
1044 2528 1091 2554 καλ⁴
1107 2527 1154 2554 νῦν
1167 2528 1314 2562 αὐτόνομοι
1341 2527 1444 2554 τούτων
1458 2528 1483 2554 oi
1502 2527 1622 2560 πλείους,
1639 2527 1686 2554 καὶ
1711 2527 1775 2554 οὔτε

988 2575 1042 2600 τῶν
1058 2573 1147 2601 ἄλλων
1176 2574 1243 2608 ἡμῖν
1261 2573 1291 2600 ὲν
1316 2573 1405 2599 οὐδενὶ
1432 2573 1618 2607 κοινωνοῦσιν,
1635 2573 1697 2600 οὔτε
1724 2574 1776 2607 τῆς

993 2620 1158 2653 Ἐκκλησίας
1186 2618 1265 2654 ἡμῶν
1291 2618 1492 2646 ὲπακούουσιν·
1522 2619 1581 2646 ἀλλ’
1604 2619 1682 2646 οὐδὲν
1709 2621 1775 2655 ήμίν

988 2667 1112 2693 ἐντεῦθεν
1129 2666 1235 2700 γίνεται
1265 2665 1364 2701 staec.—
1379 2673 1385 2680 ·
1414 2667 1475 2693 οὐδὲ
1494 2666 1583 2694 τοίνυν
1601 2667 1776 2694 «animum

988 2713 1185 2748 ἅπερῤωγότες
1203 2712 1292 2746 ἡμῶν.
1310 2712 1418 2744 ἕξουσιν
1438 2709 1467 2739 οὗ
1496 2713 1576 2748 χάριν
1593 2713 1775 2748 λυπήσουσιν.

989 2760 1020 2786 Εἰ
1035 2759 1062 2785 δέ
1079 2768 1107 2784 τι
1122 2759 1168 2785 καὶ
1188 2757 1306 2793 ζημιοῦν
1323 2759 1397 2793 ἡμᾶς
1420 2759 1520 2794 ἔχοιεν,
1541 2760 1599 2787 ἀλλ’
1615 2760 1632 2794 ή
1647 2759 1703 2786 τῶν
1719 2760 1775 2786 A1-

988 2805 1069 2831 τίνων
1084 2803 1203 2839 ἀκριϐὴς
1219 2804 1348 2830 κοινωνία
1361 2804 1496 2831 τοσούτων
1510 2804 1595 2831 ὃντων
1623 2804 1692 2839 μετὰ
1709 2804 1774 2830 πολ-

989 2851 1038 2886 λῆς
1053 2851 1103 2886 τῆς
1119 2850 1278 2885 περιουσίας
1294 2851 1342 2886 τὴν
1366 2851 1470 2878 ἐκεῖθεν
1488 2851 1584 2886 ἀηδίαν
1604 2850 1679 2878 λύειν
1691 2851 1773 2887 ἀρκέ-
