1870 3058
207 81 260 114 167

753 80 945 113 GENNADII
966 82 994 113 Ci

1045 80 1299 112 ΡΑΤΒῙᾹΗΟΗΕ
1783 102 1791 108 -
1805 81 1847 115 461

206 141 284 169 simis
298 140 402 168 traduci
419 140 583 173 rationibus,
617 148 699 176 quam
721 140 808 169 Grmci
835 140 992 168 hominibus

1045 140 1094 175 τῆς
1124 141 1202 175 ὑμῶν
1221 141 1315 176 φωνῆς
1332 140 1490 173 ὲπαῖοντας,
1512 139 1559 166 καὶ
1577 139 1847 175 cursantem?“

206 186 282 214 hisce
297 186 448 221 peregrinae
458 186 555 221 lingua!
568 193 601 214 ac
615 186 730 214 rudibus
743 186 775 213 ad
791 185 991 221 percipiendam

204 233 342 260 rationum
357 236 384 259 et
404 239 536 260 sensuum
553 232 766 266 profunditatem
784 235 867 265 atque
889 230 993 266 magni-

204 279 327 306 tudinem
340 278 419 312 plane
431 278 610 313 ineptissimis
620 286 627 312 ;
639 286 691 305 non
709 278 800 305 minus
814 282 898 308 certe.
910 283 992 312 quam

204 325 240 352 sit
268 324 302 351 ad
337 324 482 351 volandum
511 328 648 351 structura
676 330 829 359 corporum.
861 323 901 350 Ad
936 322 993 350 haec

204 371 291 400 Graeci
308 371 418 406 quidem
435 378 516 398 unam
529 375 576 398 aut
595 371 663 398 duas
688 378 722 398 ex
739 369 815 398 hisce
835 369 993 397 nationibus

205 426 258 444 non
275 418 335 445 sine
347 417 485 453 lacrymis,
506 422 534 444 et
551 424 654 452 magnae
681 416 848 444 infelicitatis
865 416 993 451 opinione

203 463 379 497 dimiserunt,
410 463 483 499 quod
511 471 605 499 paucae
635 467 805 495 remaneant,
826 463 992 497 quibuscum

204 517 260 537 una
272 518 337 544 paca
353 509 500 537 fruantur:
519 516 569 537 VOS
593 513 697 542 autem,
717 508 739 536 si
767 515 821 543 qua
838 512 992 535 vestrarum

204 557 326 591 gentium
338 556 481 584 divellatur
493 555 605 582 omnino
621 563 636 583 a
662 555 751 586 vobis,
781 559 809 582 et.
829 555 924 581 morbo
945 561 993 589 op-

204 603 285 637 primi
301 603 422 630 videatur
437 601 594 633 insanabili,
603 609 674 636 aegre
683 600 793 636 quidem
807 599 900 627 feretis
910 599 994 627 aruis-

204 648 308 676 sionem
335 653 361 676 et
377 655 497 676 errorem
519 647 640 679 illorum,
663 655 677 674 a
707 653 762 681 quo
781 646 916 674 neminem
934 645 994 680 rapi

205 694 281 722 vobis
292 699 332 722 est
342 693 369 721 in
379 693 491 729 optatis,
507 693 554 721 sed
569 693 671 720 nullam
686 700 733 720 vos
763 692 817 727 pati
846 691 993 720 censebitis

204 741 355 769 amicorum
367 745 395 768 et
420 739 543 767 aflinium
570 739 726 770 orbitatem,
752 746 814 765 cum
832 738 914 765 futuri
939 738 994 765 sint

204 789 284 817 vobis
307 788 396 821 multi,
413 792 440 815 et
456 788 553 823 quovis
577 793 692 814 numero
706 785 914 820 frequentiores,
946 784 993 819 qui

204 839 347 870 promptos
363 834 396 862 ad
413 833 595 862 obedientium
619 833 766 860 exhibeant
783 832 900 864 animos,
922 831 994 858 sicut

204 881 252 909 alii
271 881 457 914 refractarios,
486 881 641 916 quibusque
668 879 752 907 sociis
776 877 891 906 utamini
918 877 993 913 pacis

205 927 355 955 conciliata!
389 934 450 954 eum
481 925 594 954 Graecis.
611 924 704 959 Neque
731 925 804 952 enim
829 923 882 951 dici
904 927 993 957 potest

204 972 275 1004 fore,
295 976 428 999 utomnes
442 979 489 999 seu
499 970 591 1006 plures
603 969 629 996 in
650 977 730 997 suum
743 971 830 1003 caput
855 974 932 995 arma
947 974 993 994 ca-

158 1025 163 1030 ·
203 1019 291 1057 piant,
306 1023 333 1048 et
349 1025 409 1047 sese
419 1016 602 1046 transfodiam
621 1016 719 1052 gladio.

239 1150 278 1177 ita
292 1150 362 1177 hanc
377 1157 486 1185 quoque
501 1149 685 1184 suspicionem
698 1171 706 1183 ,
725 1158 784 1184 quae
802 1157 855 1176 non
872 1153 994 1176 contem<

204 1196 294 1224 nenda
308 1195 452 1223 videbatur
463 1217 471 1229 ,
489 1195 591 1222 nullius
607 1202 668 1222 esse
684 1194 828 1226 momenti,
845 1200 897 1221 nec
912 1200 994 1228 posse

203 1247 329 1270 naturam
358 1241 418 1277 ejus
445 1247 573 1269 accurate
599 1240 808 1268 considerantes
825 1239 960 1267 abducere
977 1246 993 1266 a

203 1293 278 1315 recto
294 1287 446 1322 proposito,
461 1290 488 1314 et
507 1286 596 1313 oratio
609 1286 665 1321 jam
679 1285 811 1317 ostendit,
827 1289 855 1311 rt
873 1291 921 1312 vos
936 1292 993 1312 me-

202 1333 257 1360 lius
280 1333 463 1367 perspicietis,
492 1332 613 1359 animum
643 1336 747 1358 attente
775 1330 807 1357 ad
829 1330 902 1357 illam
920 1329 992 1365 adji-

203 1380 316 1406 cit-ntrs.
337 1379 467 1406 Desinant
482 1385 545 1413 ergo
563 1377 609 1411 qui
627 1377 709 1404 nobis
723 1377 801 1411 quasi
818 1375 992 1406 terriculum.

202 1423 385 1451 defectionem
417 1423 600 1458 quorumdam
635 1422 781 1457 objiciunt,
800 1425 827 1449 et
845 1428 992 1456 pravorum

203 1470 317 1500 insuper
344 1469 518 1497 insolentiam
536 1468 733 1502 audaciamque
758 1467 852 1494 fovent
867 1475 874 1494 :
892 1467 993 1495 frustra

204 1515 262 1544 hzec
278 1516 338 1551 pios
359 1519 386 1543 et
411 1523 502 1542 rerum
520 1516 696 1542 honestarum
726 1500 1028 1550 studiosos'optasse‘c

205 1562 383 1594 aiiirmantes,
405 1569 509 1597 nosque
529 1563 623 1589 nescio
650 1567 705 1596 quo
722 1569 775 1588 non
799 1561 944 1588 inertiOres
960 1568 994 1588 ac

203 1609 320 1637 leviores
339 1608 484 1639 redituros,
507 1616 542 1636 ne
567 1608 619 1634 alia
645 1608 744 1642 probra
764 1607 865 1640 dicam,
892 1607 993 1641 quibus

201 1656 265 1691 jure
290 1654 404 1682 obnoxii
426 1654 516 1682 eritis.
538 1653 617 1681 Prius
639 1654 712 1680 enim
728 1653 872 1688 oportebat
888 1652 993 1687 cogita-

204 1703 292 1730 tiones
303 1702 370 1730 istas
382 1701 520 1736 explicare
535 1726 542 1738 ,
560 1700 602 1728 vel
617 1699 839 1727 terriculamenta
854 1691 944 1734 potius
959 1698 993 1726 ad

204 1748 393 1777 incutiendum
427 1747 554 1775 timorem
581 1745 702 1781 obiicere
730 1749 761 1773 ut
791 1745 850 1773 suis
882 1745 994 1780 utrique

205 1795 307 1823 vellent
329 1801 440 1823 manere
464 1793 493 1821 iu
514 1793 638 1821 linihus:
658 1800 710 1822 nec
727 1792 839 1821 modum
857 1792 933 1828 pacis
946 1799 994 1826 ag-

204 1842 386 1876 grederentur
399 1860 408 1875 ι
428 1846 558 1875 tauquam
587 1844 698 1875 propter
713 1839 772 1867 haec
787 1838 845 1874 ipsa
859 1837 992 1870 inutilem,

204 1896 237 1916 ac
254 1888 334 1918 talem
353 1893 384 1916 ut
398 1887 457 1914 fieri
482 1886 555 1914 nulla
581 1886 690 1914 ratione
706 1886 812 1919 possit:
832 1892 885 1913 non
902 1884 992 1912 modis

204 1934 332 1964 omnian
348 1937 413 1960 tunc
429 1932 463 1960 ad
477 1940 571 1967 pacem
585 1931 736 1965 adhortari,
749 1931 815 1966 quid
830 1938 884 1958 non
899 1930 993 1958 dicon-

205 1981 250 2012 do,
278 1980 343 2014 quid
373 1987 429 2007 non
457 1979 572 2014 agendo,
604 1978 677 2013 quod
714 1982 824 2005 movere
844 1981 937 2012 posset
958 1976 993 2007 ω

206 2034 300 2062 pacem
313 2025 329 2052 ἓν
349 2029 376 2052 et
402 2032 458 2060 quo
482 2032 535 2052 non
562 2024 634 2052 illam
651 2023 800 2052 faciliorem
826 2024 992 2057 asserenda,

204 2073 246 2099 vel
264 2073 322 2106 ipso
338 2079 393 2098 uno
407 2078 557 2106 congressu
571 2070 689 2097 futuram
706 2070 902 2103 asseverando,
919 2078 993 2098 nunc

204 2126 269 2147 vero
295 2117 467 2147 diliicultates
494 2123 720 2146 commemorare,
752 2122 779 2143 et
801 2117 914 2144 timores
928 2116 993 2151 inji—

1044 186 1100 213 τῶν
1120 187 1207 221 λόγων
1234 186 1376 214 πείθεσθαι
1399 186 1580 222 δυναμένους,
1599 186 1616 222 ἢ
1635 186 1772 223 Γραικοὶ
1793 188 1847 217 root

1042 231 1208 268 ἀλλοθρόους
1226 232 1341 265 τούτους
1370 233 1418 260 καὶ
1433 232 1624 265 ἀπαιδεύτους,
1641 232 1697 259 καὶ
1716 229 1767 263 οἷς
1786 233 1847 267 πρὴ

1042 277 1132 311 λόγων
1161 279 1210 305 καὶ
1244 278 1389 312 νοημάτων
1424 277 1492 314 ὕψος
1519 278 1567 304 καὶ
1596 277 1726 313 μέγεθος
1761 279 1847 305 στάντε

1045 323 1143 356 ἅπλῶς
1167 324 1359 359 ἁποπέφυκεν,
1386 323 1465 352 οὐδὲν
1490 321 1571 360 ἦττον
1600 325 1617 360 ἢ
1637 323 1717 360 πρὸς
1747 324 1802 359 τὴν
1820 324 1847 351 8-.

1040 371 1125 406 ἀέρος
1150 372 1252 406 πτῆσιν
1277 373 1294 407 ἠ
1319 373 1374 399 τῶν
1391 372 1526 408 σωμάτων
1543 372 1727 404 κατασκευήο
1743 372 1796 398 καὶ
1813 373 1847 398 δτι

1045 415 1164 451 Γραικοὶ
1190 417 1241 452 μὲν
1268 418 1298 446 ἓν
1314 419 1330 454 ἦ
1347 418 1394 445 δύο
1408 417 1464 445 τῶν
1482 417 1613 445 τοιούτων
1629 417 1727 444 ἐθνῶν
1750 417 1805 443 ούκ
1820 417 1847 443 ἂν

1044 465 1182 499 ἀδακρυτὶ
1205 464 1344 498 πρόοιντο,
1363 465 1410 492 καὶ
1425 465 1512 501 χωρίς
1524 463 1572 491 τοῦ
1587 464 1682 492 δοκεῖν
1706 463 1847 497 ὴτυχηκέε

1044 521 1088 540 ναι
1113 512 1148 539 τὰ
1177 512 1304 548 μέγιστα,
1321 511 1421 549 ὀλίγων
1438 512 1522 538 δντων
1536 511 1591 538 τῶν
1609 510 1785 538 ὑπολοίπων
1804 509 1847 535 καῖ

1044 555 1085 591 οἷς
1103 558 1154 593 τῆς
1173 559 1287 595 εἰρήνης
1305 557 1560 585 συναπολαύσονται
1572 565 1579 573 ·
1597 557 1680 592 ὑμεῖς
1697 555 1725 582 δ’
1745 555 1847 582 ὀπῦταν

1044 613 1071 632 τι
1097 605 1144 632 καὶ
1169 605 1300 638 καθάπαξ
1328 605 1475 640 ἀπορραγῇ
1493 604 1550 631 τῶν
1573 603 1727 638 ὖμετέρων
1747 601 1847 633 ἐθνῶν,

1044 651 1091 678 καί
1106 650 1168 688 δόξῃ
1190 650 1338 687 νενοσηκὸς
1365 651 1554 686 ἀθεράπευτα,
1570 648 1720 684 δυσχερῶς
1740 647 1796 682 μὲν
1807 647 1847 673 οῖ-

1046 704 1109 723 σετε
1130 696 1181 732 τὴν
1196 696 1335 724 ἔκπτωσιν
1357 696 1448 724 αὐτῶν
1473 695 1521 723 καὶ
1534 696 1585 730 τὴν
1607 694 1733 728 πλάνην·
1748 693 1785 729 ἢν
1800 693 1847 720 οὖ-

1043 742 1107 769 δένα
1129 742 1190 770 τινὰ
1217 742 1316 769 παθεῖν
1339 742 1394 770 τῶν
1421 741 1552 769 ἁπάντων
1577 740 1663 776 εὐχῆς
1690 739 1783 775 ἔργον
1807 740 1846 765 τί-

1044 787 1135 814 θεσθε·
1157 788 1208 822 τὴν
1232 787 1259 814 δὲ
1279 787 1334 814 τῶν
1359 787 1446 822 φίλων
1461 795 1491 813 τε
1513 787 1562 814 καὶ
1579 786 1708 821 γνησίων
1722 784 1844 821 ἐρημίαν

1043 832 1170 868 οὐδαμῶς
1188 832 1379 866 ὑπολογεῖσθο,
1406 832 1514 859 πολλῶν
1538 832 1679 867 ἐσομένων
1707 830 1781 866 ὑμῖν
1795 830 1843 856 καὶ

1044 879 1146 912 παντὸς
1175 878 1295 915 ἀριθμοῦ
1329 879 1513 915 κρειττόνων,
1533 878 1558 906 οἳ
1583 878 1632 913 τὴν
1662 876 1839 907 εὐπείθειαν,

1043 925 1173 960 καθάπερ
1186 925 1262 963 ᾄλλοι
1281 926 1331 960 τὴν
1346 925 1503 961 παρακοὴν,
1521 923 1717 957 ἔπιδείξονται,
1737 925 1788 950 καὶ
1799 920 1840 955 οἷς

1043 972 1094 1006 τῆς
1122 972 1190 1006 πρὸς
1218 971 1355 1006 Γραικοὺς
1381 972 1495 1006 εἰρήνης
1519 970 1656 1005 χρήσεσθε
1680 969 1837 1000 κοινωνοῖς.

1044 1016 1082 1044 οὗ
1098 1016 1153 1052 γὰρ
1179 1017 1211 1052 δὴ
1241 1017 1344 1049 πάντας
1374 1016 1391 1051 ἢ
1418 1017 1482 1048 τοὺς
1508 1016 1654 1047 πλείστους
1686 1013 1765 1041 κατὰ
1790 1014 1838 1048 τῆς

1044 1060 1122 1097 σφῶν
1138 1061 1300 1089 ὸπλίσεσθαι
1317 1062 1453 1097 κεφαλῆς,
1481 1062 1530 1088 καὶ
1548 1061 1611 1088 καθ’
1637 1060 1750 1088 ἑαυτῶν
1768 1059 1837 1094 ὠθή-

1044 1117 1102 1135 σειν
1116 1108 1147 1135 τδ
1169 1107 1244 1143 ξίφος
1258 1108 1332 1136 ἐστιν
1347 1109 1444 1135 εἰπεῖν.

1081 1154 1160 1182 Οὕτω
1175 1155 1315 1182 καὶτοῦτο
1336 1156 1366 1182 τὸ
1382 1155 1453 1187 δέος,
1471 1155 1561 1182 καίτοι
1574 1155 1628 1183 τῶν
1644 1155 1676 1182 οὒ
1697 1155 1836 1190 τυχόντων

1044 1201 1091 1228 καί
1123 1198 1195 1227 εἰναι
1219 1200 1325 1233 δοκοῦν,
1352 1199 1454 1236 φαῦλόν
1484 1209 1512 1227 τι
1543 1201 1591 1228 καὶ
1613 1201 1654 1236 μὴ
1683 1201 1835 1235 δυνάμενον

1035 1247 1164 1281 ’ἀπάγειν
1180 1247 1234 1274 τῶν
1257 1247 1451 1283 προκειμένων
1479 1247 1570 1278 καλῶς
1594 1248 1658 1278 τοὺς
1682 1247 1775 1285 αὐτοῦ
1800 1247 1832 1283 τῇ

1045 1293 1126 1327 φύσει
1147 1293 1351 1331 προσέχοντας,
1377 1292 1391 1320 δ
1417 1300 1448 1320 τε
1477 1292 1556 1326 λόγος
1576 1292 1677 1325 ἔδειξεν
1695 1292 1759 1327 ἤδη.
1782 1293 1834 1320 χαὶ

1044 1339 1124 1373 ὑμεῖς
1149 1339 1263 1374 ἄμεινον
1281 1338 1380 1373 ὄψεσθε
1394 1360 1402 1373 ,
1419 1340 1466 1366 τδν
1492 1338 1624 1374 λογισμὸν
1647 1338 1724 1374 αὐτῷ
1743 1338 1833 1373 καλῶς

1043 1385 1252 1420 ἐπιστήσαντες.
1285 1384 1455 1413 Παυσάσθων
1489 1384 1581 1411 τοίνυν
1615 1384 1640 1410 οἰ
1675 1383 1725 1419 τὴν
1746 1384 1833 1421 ξενίων

1043 1429 1215 1457 ἀποστασίαν
1226 1430 1293 1465 ἡμῖν
1308 1429 1488 1462 ἐπισείοντες,
1502 1431 1551 1457 καὶ
1566 1429 1616 1466 τὴν
1630 1429 1685 1456 τῶν
1701 1429 1831 1466 πονηρῶν

1045 1475 1207 1509 ἀλαζονείαν
1237 1476 1285 1503 καὶ
1317 1476 1420 1512 τόλμην
1447 1475 1740 1511 προσθεραπεύοντες,
1768 1476 1831 1513 τοὺς

1045 1522 1222 1557 εύγνώμονάς
1237 1530 1268 1550 τε
1286 1522 1334 1550 καὶ
1349 1523 1404 1549 τῶν
1422 1514 1516 1550 καλῶν
1539 1521 1658 1558 ἐραστὰς
1681 1523 1771 1557 μάτην
1785 1522 1831 1550 εὖ·

1045 1568 1178 1603 εαμιίνους
1208 1568 1277 1595 αὐτὰ
1303 1568 1436 1603 περιιδεῖν
1453 1567 1606 1600 ἀξιοῦντες,
1624 1569 1673 1595 καὶ
1691 1567 1762 1605 ἡμᾶς
1777 1566 1829 1601 otia:

1044 1614 1103 1643 οἰδα
1120 1616 1193 1647 τίνος
1207 1617 1256 1643 οὐκ
1270 1616 1441 1651 ἀργοτέρους
1454 1616 1502 1648 καὶ
1517 1615 1702 1651 κουφοτέρους
1715 1614 1828 1642 ἐπανελ-

1045 1663 1112 1696 θεῖν,
1130 1663 1173 1690 ῖνα
1200 1664 1283 1698 μηδὲν
1301 1662 1374 1696 λέγω
1399 1662 1454 1690 τῶν
1480 1661 1570 1690 ἄλλων
1593 1661 1712 1696 ὀνειδῶν,
1728 1657 1769 1693 οἷς
1786 1661 1827 1688 δι-

1039 1702 1130 1739 καίως
1156 1707 1292 1741 ένέξεσθε.
1317 1706 1437 1739 Τούτους
1464 1707 1518 1742 γὰρ
1542 1706 1595 1733 ἔδει
1614 1707 1824 1743 πρότερον-ὑπο-

1044 1753 1154 1781 ϐάλλειν
1180 1754 1244 1785 τοὺς
1270 1753 1430 1788 λογισμοὺς,
1450 1752 1550 1788 μᾶλλον
1566 1752 1595 1779 δὲ
1612 1753 1668 1784 τοῖς
1684 1753 1822 1791 μορμολυ-

1044 1801 1129 1832 κείοις
1144 1799 1250 1832 τούτοις
1279 1799 1459 1831 δεδίττεσθαι,
1486 1798 1534 1825 καὶ
1557 1798 1661 1825 πείθειν
1683 1798 1822 1836 ἑκατέρους

1044 1846 1089 1881 ἔφ’
1103 1842 1141 1873 ὦν
1158 1844 1230 1882 εἰχον
1252 1845 1394 1880 μένοντας,
1421 1844 1459 1877 ὡς
1489 1843 1642 1880 ἀσυμφόρῳ
1670 1844 1712 1871 διὰ
1738 1845 1821 1882 ταῦτα

1044 1893 1093 1919 καὶ
1107 1886 1233 1927 ἀδυνάτῳ
1247 1890 1286 1926 τῷ
1311 1890 1363 1926 τῆς
1380 1891 1496 1926 εἰρήνης
1517 1890 1610 1926 τρόπῳ
1629 1890 1666 1926 μὴ
1683 1891 1819 1926 ἐγχειρεῖν·

1043 1937 1074 1965 οὐ
1096 1937 1158 1964 τότε
1176 1937 1243 1963 πᾶσι
1256 1935 1373 1971 τρόποις
1387 1933 1434 1962 ἐπὶ
1450 1935 1499 1970 τὴν
1510 1934 1623 1969 εἰρήνην
1640 1934 1819 1969 παρακαλοῦν-

1043 1991 1103 2015 τας.
1122 1983 1170 2010 xui.
1188 1982 1215 2009 τί
1242 1981 1292 2016 μὲν
1315 1980 1347 2007 οὖ
1374 1980 1514 2015 λέγοντας,
1529 1979 1555 2007 τι
1580 1979 1603 2006 δ’
1630 1979 1660 2006 ού
1684 1980 1818 2012 ποιοῦντας

1044 2030 1098 2056 τῶν
1122 2029 1281 2064 δυναμένων
1297 2027 1401 2059 κινεῖν;
1425 2026 1497 2058 τίνος
1522 2025 1545 2053 δ’
1563 2025 1594 2052 οὐ
1618 2025 1716 2061 ῥᾴστην
1742 2017 1817 2063 αὐτην

1044 2073 1285 2110 ἀποφηναμένους,
1311 2072 1358 2099 καὶ
1384 2072 1423 2107 τῷ
1450 2071 1587 2098 συνελθεῖν
1606 2071 1685 2106 μόνον
1703 2071 1817 2107 ἀλλήλοις

1044 2119 1304 2155 ἀκολουθήσουσανς
1321 2117 1369 2145 νῦν
1395 2116 1536 2153 δυσχερῶν
1566 2125 1647 2144 τινων
1673 2117 1815 2152 μεμνῆσθαι

205 2171 283 2193 cere:
301 2164 327 2191 in
345 2163 386 2190 his
402 2163 476 2190 enim
503 2161 553 2191 etsi
569 2161 666 2190 licebat
682 2161 769 2192 initio.
781 2165 808 2188 at
829 2168 902 2188 nunc
918 2166 992 2189 certe

1045 2167 1093 2196 καὶ
1108 2165 1209 2200 φόὸους
1223 2163 1461 2191 ἐπανατείνεσθαι.
1484 2162 1593 2190 Τούτων
1608 2163 1662 2198 γὰρ
1676 2164 1699 2189 εἰ
1712 2163 1758 2189 καὶ
1772 2163 1815 2199 τὴν

204 2218 258 2237 non
273 2210 336 2237 licet
351 2216 431 2237 curas
448 2208 528 2242 deligi
543 2208 576 2235 ab
589 2208 634 2239 iis,
649 2208 695 2243 qui
712 2207 738 2235 in
754 2207 812 2241 ipsa
825 2206 993 2234 devenerunt

205 2257 300 2292 agendi
321 2261 454 2292 tempora.
478 2255 545 2285 Cum
573 2262 639 2282 vero
657 2262 691 2281 ne
706 2257 772 2281 tunc
788 2254 898 2288 quidem
916 2253 992 2280 habi-

204 2311 264 2331 tura
284 2304 374 2330 locum
393 2307 489 2331 essent
513 2301 670 2336 liujusmodi
693 2301 888 2336 impedimenta
909 2306 992 2334 penes

205 2349 343 2381 homines,
364 2348 409 2383 qui
432 2347 512 2376 bonis
529 2347 568 2374 uti
588 2351 689 2373 norunt
704 2345 847 2377 consiliis,
872 2346 934 2379 quis
947 2345 993 2374 det

203 2404 265 2424 esse
291 2396 373 2430 hujus
409 2394 542 2429 temporis
573 2400 652 2429 agere
669 2393 703 2420 de
718 2392 794 2420 hisce
814 2391 917 2419 rebus?
934 2391 992 2424 Qua

202 2449 285 2476 porro
298 2441 406 2468 ratione
423 2441 480 2471 iiut,
499 2445 529 2467 ut
544 2440 589 2474 qui
604 2447 675 2466 nunc
693 2439 756 2466 talia
774 2439 880 2471 dicunt,
898 2445 993 2466 ncces-

203 2486 277 2515 sario
303 2494 363 2514 sese
381 2493 437 2520 prae
460 2486 564 2520 pudore
587 2492 641 2511 non
672 2488 843 2518 coutt'gant:
860 2488 887 2511 et
902 2483 948 2519 qui
963 2483 991 2510 iu

204 2540 265 2559 eam
291 2532 464 2559 adducentur
494 2531 669 2561 sententiam,
698 2530 770 2564 quod
789 2530 858 2557 Deus
876 2535 990 2560 avertat,

206 2585 300 2614 postea
318 2586 373 2613 pra:
388 2579 485 2605 rubore
502 2586 556 2604 non
573 2584 602 2604 se
616 2577 775 2610 cooperiant
788 2575 802 2602 ‘P—
814 2583 902 2610 neque
917 2576 990 2605 eirirn

205 2629 244 2651 est
259 2623 345 2658 culpa:
364 2623 486 2658 ejusdem
513 2627 560 2650 aut
587 2622 692 2650 consilii
707 2622 879 2654 auctoribus,
894 2626 941 2648 aut
954 2621 991 2648 illi

206 2670 430 2702 assentientibus,
455 2670 518 2697 dum
538 2670 571 2697 de
585 2669 667 2696 tantis
684 2668 765 2697 rebus
783 2668 872 2697 adhuc
888 2669 992 2695 delibe-

204 2721 307 2750 rarent,
323 2721 396 2744 metu
413 2713 529 2744 rationis
544 2720 654 2750 experte
671 2715 812 2750 perculsos
822 2722 876 2741 non
889 2714 992 2748 perspi-

205 2770 266 2789 ccre
297 2763 362 2797 quid
392 2762 505 2789 honeste
536 2767 564 2788 et
595 2761 698 2788 utiliter
712 2766 787 2788 esset
803 2759 950 2795 agendum,
965 2765 992 2786 et

204 2808 324 2841 studium
341 2829 349 2842 ι
380 2809 425 2838 ubi
455 2816 511 2838 rem
535 2813 598 2838 sunt
625 2808 768 2846 aggressi,
798 2807 990 2846 restinguere:

1043 2212 1133 2248 ἀρχὴν
1148 2211 1232 2246 ἐξῆν,
1250 2210 1309 2243 ἀλλ’
1324 2209 1375 2237 ούκ
1401 2210 1431 2236 ἓν
1459 2209 1499 2244 τῷ
1528 2209 1645 2245 παρόντι
1673 2210 1814 2244 φροντίζειν

1044 2258 1133 2291 ἔξεστι
1152 2259 1216 2289 τοὺς
1233 2258 1262 2284 ὲν
1275 2258 1332 2288 τοῖς
1356 2256 1404 2283 τοῦ
1425 2256 1557 2291 πράττειν
1581 2256 1741 2291 ἀφιγμένους
1759 2265 1813 2283 και-

1044 2307 1111 2340 ροῖς.
1133 2305 1220 2332 Ὅπου
1251 2303 1279 2331 δὲ
1302 2303 1363 2331 οὐδὲ
1387 2303 1448 2330 τότε
1476 2301 1567 2338 χώραν
1588 2301 1696 2337 ἔμελλεν
1707 2302 1773 2337 ἔχειν
1783 2302 1812 2329 τὰ

1043 2349 1157 2378 τοιαῦτα
1174 2349 1228 2377 τῶν
1242 2349 1413 2384 κωλυμάτων
1431 2347 1508 2382 παρά
1522 2356 1554 2381 γε
1569 2347 1624 2377 τοῖς
1641 2347 1723 2378 καλῶς
1738 2347 1811 2374 εἰδόσι

1045 2395 1235 2431 βουλεύεσθαι,
1257 2394 1317 2426 πῶς
1341 2393 1374 2420 ἃν
1399 2393 1457 2428 δοίη
1475 2401 1517 2424 τις
1542 2392 1582 2427 τῷ
1602 2392 1709 2427 παρόντι
1732 2392 1811 2428 καιρῷ

1043 2443 1093 2478 τὴν
1112 2442 1177 2477 περὶ
1203 2439 1306 2467 τούτων
1335 2439 1432 2474 σκέψιν
1459 2437 1630 2473 ἁρμόττειν;
1660 2437 1675 2472 ἦ
1702 2437 1754 2470 πῶς
1767 2437 1810 2464 οὐκ

1044 2487 1248 2525 ἐμφράττεσθαι
1264 2487 1314 2522 μὲν
1328 2485 1391 2516 τοὺς
1402 2485 1533 2520 λέγοντας
1547 2483 1605 2515 νῦν,
1627 2483 1808 2517 ὶγκαλύψεσθαι

1043 2535 1071 2561 δὲ
1084 2534 1158 2566 τοὺς.
1174 2533 1188 2560 ὃ
1213 2532 1250 2567 μὴ
1265 2532 1381 2565 γένοιτο,
1398 2530 1634 2565 πεισθησομένους
1652 2529 1717 2555 πᾶσα
1735 2530 1808 2563 ἀνάγ-

1044 2588 1081 2614 κη
1094 2587 1101 2611 ;
1116 2578 1177 2605 οὐδὲ
1268 2577 1318 2612 τὴν
1343 2577 1405 2610 ἴσην
1429 2575 1487 2610 ἔχει
1511 2572 1678 2609 κατηγορίαν
1690 2573 1743 2600 οὔτε
1759 2565 1820 2606 τοῖς·

1046 2623 1226 2660 βουλεύσασιν
1249 2621 1312 2648 οὕτε
1335 2621 1390 2652 τοῖς
1421 2619 1619 2655 πεπεισμένοις
1647 2620 1676 2645 τό
1698 2626 1724 2645 τε
1751 2620 1805 2654 περὶ

1043 2664 1213 2704 τηλικούτων
1230 2667 1269 2694 ἔτι
1286 2664 1500 2702 βουλευομένους
1512 2686 1519 2696 ,
1535 2664 1624 2700 ἀλόγῳ
1638 2664 1687 2690 δέει
1700 2665 1740 2690 τοῦ
1761 2673 1803 2691 κα-

1044 2715 1092 2741 λοῦ
1108 2715 1154 2740 καὶ
1173 2713 1360 2748 συμφέροντος
1389 2710 1536 2745 ὑπεριδεῖν,
1560 2711 1608 2736 καὶ
1633 2709 1677 2736 τοῦ
1693 2710 1802 2744 πράττειν

1045 2761 1217 2797 ἀρξαμένους
1233 2756 1423 2794 ἐπισχεθῆναι.
1446 2757 1492 2791 Τῷ
1515 2756 1563 2791 μὲν
1581 2756 1635 2790 γὰρ
1652 2757 1667 2791 ἡ
1681 2756 1722 2790 τῆς
1735 2755 1802 2792 ρᾳθυ-

1046 2806 1110 2842 μίας
1122 2805 1219 2832 ’ὕπεστι
1243 2802 1326 2837 δόξα,
1348 2802 1377 2829 τὸ
1394 2803 1422 2828 δὲ
1444 2801 1504 2828 οὐδὲ
1529 2801 1583 2828 τῶν
1606 2801 1653 2836 τῆς
1664 2801 1746 2833 ’ἀνοίας
1764 2803 1799 2836 ἰγ-
