1870 3058
201 76 255 109 όδῖ

748 76 940 109 GENNADII
961 78 1018 109 ΕΡ.
1035 78 1294 109 PATRIARCH/E

1754 76 1839 109 ,468

200 137 278 164 simis
292 135 397 163 traduci
413 135 578 168 rationibus,
612 144 693 172 quam
715 136 802 165 Graeci
829 136 986 164 hominibus

1075 146 1089 169 ς
1118 138 1196 171 ὑμῶν
1215 137 1310 174 φωνῆς
1326 137 1484 171 έπατοντας,
1507 136 1553 164 καὶ
1572 137 1629 168 τοῖς
1641 137 1839 173 τάντιρῤήτοις

200 182 276 210 hisce
292 181 442 216 peregrina:
452 182 550 216 linguae
563 189 595 209 ac
609 181 724 210 rudibus
737 182 769 209 ad
786 181 985 217 percipiendam

198 229 336 256 rationum
351 231 378 255 et
399 235 530 255 sensuum
548 227 760 261 profunditatem
778 231 861 262 atque
883 226 987 262 magni-

199 274 321 301 tudinem
334 273 413 307 plane
425 273 604 308 ineptissimis
614 282 621 307 ;
633 281 685 301 non
703 273 794 301 minus
808 278 893 304 certe.
904 279 986 308 quam

198 320 234 347 sit
262 319 296 346 ad
331 319 476 347 volandum
506 323 642 346 structura
669 326 823 354 corporum.
855 319 895 347 Ad
930 319 988 346 lucc

198 366 285 394 Graeci
301 366 412 401 quidem
429 373 510 393 unam
523 371 570 393 aut
589 366 657 394 duas
682 374 716 394 ex
733 366 809 393 hisce
828 365 987 393 nationibus

198 421 252 439 non
269 413 329 440 sine
341 412 479 448 lacrymis,
500 417 528 440 et
545 420 648 447 magnae
675 412 842 440 infelicitatis
859 412 987 447 opinione

197 458 372 493 dimiserunt,
404 459 477 494 quod
505 466 598 494 paucae
629 462 799 491 remaneant,
820 458 985 493 quibuscum

197 513 253 532 una
266 513 330 539 pace
347 504 494 533 fruantur:
513 512 563 532 vos
587 509 690 538 autem,
710 504 733 532 si
761 511 815 539 qua
832 508 986 531 vestrarum

198 552 319 586 gentium
332 551 475 579 divellatur
487 551 599 578 omnino
615 559 629 578 a
655 551 744 582 vobis,
775 554 803 578 et.
823 551 918 578 morbo
939 557 987 585 op-

197 598 278 632 primi
294 598 415 625 videatur
430 597 587 629 insanabili,
597 604 668 631 aegre
677 596 787 632 quidem
800 595 894 624 feretis
903 595 987 623 amis-

197 643 302 671 sionem
329 648 354 671 et
370 651 490 671 errorem
512 643 633 675 illorum,
657 650 671 669 a
701 649 756 676 quo
774 642 909 670 neminem
928 641 987 676 capi

198 689 274 717 vobis
285 694 325 717 est
335 689 362 716 in
372 689 484 724 optatis,
501 689 547 716 sed
562 689 664 716 nullam
679 695 726 716 vos
756 687 810 723 pati
839 688 986 716 censebitis

184 736 348 773 amicorum
361 740 388 763 et.
413 735 536 762 afﬁnium
563 735 719 766 orbitatem.
745 742 807 761 cum
825 734 907 761 futuri
932 734 987 761 sint

197 784 277 812 vobis
300 783 389 816 multi,
405 787 433 810 et
449 783 546 818 quovis
570 789 685 810 numero
699 781 907 817 frequentiores,
939 780 986 815 qui

197 834 341 866 promptos
356 829 389 858 ad
406 829 588 858 obedientium
612 829 758 856 exhibeant
776 828 893 860 animos,
914 828 986 855 sicut

197 877 245 904 alii
264 877 450 910 refractarios,
479 876 634 911 quibusque
661 875 744 903 sociis
769 873 883 902 utamini
910 873 986 909 pacis

198 922 349 950 conciliata:
382 929 443 949 cum
474 921 586 949 Grazcis.
604 920 697 956 Neque
725 921 797 948 enim
821 919 874 948 dici
897 923 985 954 potest

197 967 268 1000 fore,
288 972 421 995 utomnes
435 974 482 994 seu
493 966 584 1002 plures
596 966 622 993 in
643 973 722 993 suum
736 968 822 999 caput
847 970 924 991 arma
939 970 985 991 ca-

151 1021 156 1025 '
196 1014 284 1053 piant,
299 1019 326 1043 et
342 1021 402 1042 sese
413 1012 595 1042 transfodiam
613 1012 712 1048 gladio.

231 1145 270 1173 ita
285 1145 354 1173 hanc
370 1152 478 1181 quoque
494 1145 698 1180 suspicionem,
718 1153 777 1180 quin
794 1153 847 1172 non
864 1149 986 1172 contem-

197 1192 286 1220 neiida
301 1191 444 1219 videbatur
456 1212 463 1224 ,
481 1191 583 1218 nullius
599 1197 660 1218 esse
676 1190 820 1222 momenti,
837 1196 888 1216 nec
904 1196 985 1224 posse

196 1242 322 1266 naturam
350 1238 411 1272 ejus
437 1242 565 1264 accurate
591 1236 800 1264 considerantes
817 1235 952 1263 abducere
969 1242 984 1263 a

195 1289 270 1312 recto
286 1283 438 1318 proposito.
453 1287 480 1310 et
499 1282 588 1309 oratio
602 1281 657 1317 jam
671 1281 803 1313 ostendit,
819 1285 847 1307 et
865 1288 913 1308 vos
927 1288 985 1308 me-

194 1330 249 1357 lius
272 1329 455 1364 perspicietis,
483 1329 605 1355 animum
635 1331 739 1354 attente
767 1326 799 1353 ad
821 1326 893 1353 illam
912 1326 984 1362 adji-

195 1377 307 1402 ciuntcs.
328 1375 459 1402 Desinant
473 1381 537 1409 ergo
555 1373 601 1407 qui
619 1373 700 1400 nobis
715 1373 792 1408 quasi
810 1371 984 1403 terriculum,

194 1420 376 1448 defectionem
408 1419 591 1454 quorumdam
627 1418 773 1453 objiciunt,
792 1422 819 1445 et
836 1425 984 1452 pravorum

194 1466 308 1496 insuper
335 1465 510 1493 insolentiam
528 1464 725 1499 audaciamque
750 1463 843 1491 fovent
859 1471 866 1490 :
884 1463 983 1491 frustra

195 1512 253 1540 haec
269 1512 329 1547 pios
351 1515 377 1539 et
403 1519 494 1538 rerum
511 1496 689 1538 honestarum
717 1496 1020 1546 stndiosos'ttptasse‘i1

197 1557 374 1589 afﬁrmantes,
396 1564 501 1592 nosque
521 1558 614 1585 nescio
641 1563 696 1592 quo
713 1565 766 1585 non
790 1557 934 1585 inertiores
951 1565 984 1585 ac

193 1605 312 1634 ieviores
330 1603 475 1635 redituros,
499 1611 534 1631 ne
559 1603 611 1630 alia
636 1604 735 1638 probra
755 1603 856 1636 dicam,
883 1603 983 1638 quibus

192 1653 255 1686 jure
281 1649 395 1678 obnoxii
417 1649 507 1677 eritis.
529 1649 608 1677 Prius
631 1650 702 1676 enim
719 1650 863 1684 oportebat
878 1649 984 1684 cogita-

195 1699 283 1726 tiones
294 1698 361 1725 istas
373 1696 511 1732 explicare
526 1721 533 1734 ,
551 1696 592 1724 vel
608 1695 829 1724 terriculamenta
845 1696 935 1730 potius
950 1695 983 1722 ad

195 1743 384 1772 incutiendum
418 1743 544 1770 timorem
572 1742 693 1777 obiicere
721 1746 752 1769 ut
782 1742 840 1769 suis
872 1741 984 1776 utrique

196 1791 298 1818 vellent
320 1796 430 1818 manere
456 1789 484 1817 in
505 1789 628 1817 ﬁnibus:
649 1797 701 1817 nec
718 1789 829 1817 modum
847 1788 923 1824 puis
937 1794 984 1822 ag-

195 1837 377 1871 grederentur
390 1856 398 1869 ,
419 1841 549 1871 tanquam
578 1840 688 1871 propter
703 1835 762 1863 inec
778 1835 835 1870 ipsa
849 1833 983 1866 inutilem,

195 1891 228 1911 ac
245 1882 325 1913 talem
344 1888 375 1911 ut
389 1882 448 1910 fieri
473 1882 546 1910 nulla
571 1882 680 1910 ratione
697 1882 803 1915 possit:
822 1888 875 1908 non
892 1879 982 1908 modis

195 1929 323 1959 omnibus
339 1932 404 1955 tunc
420 1928 454 1955 ad
467 1935 561 1963 pacem
575 1927 726 1960 adhortari,
739 1926 804 1962 quid
820 1933 874 1954 non
889 1925 983 1954 dicen-

196 1976 241 2007 do,
268 1975 334 2010 Quid
363 1983 419 2003 non
447 1975 562 2011 agendo,
595 1974 666 2010 quod
704 1977 813 2001 movere
833 1977 927 2008 posset
948 1972 982 2003 ai

196 2029 290 2057 pacem
304 2021 319 2048 ‘1"
339 2026 366 2048 et
392 2029 448 2057 quo
471 2029 525 2048 non
552 2021 624 2048 illam
641 2020 789 2047 faciliorem
815 2020 982 2053 asserenda,

194 2068 237 2094 Vel
255 2069 312 2102 ipso
329 2075 383 2095 uno
397 2074 546 2103 congressu
560 2067 679 2093 futuram
696 2066 891 2099 asseverando,
909 2074 983 2094 nunc

194 2122 259 2143 vero
286 2113 456 2143 diiiicultates
484 2119 709 2142 commemorare.
741 2117 768 2139 et
791 2112 983 2148 timoresinji-

1038 183 1094 210 τῶν
1114 183 1202 218 λόγων
1228 183 1370 211 πείθεσθαι
1394 183 1574 219 δυναμένους,
1594 184 1611 219 ἢ
1629 183 1744 220 Γραικοὶ
1767 183 1839 214 τοῦς

1036 228 1202 265 ἀλλοθρόους
1220 229 1335 262 τούτους
1364 230 1412 258 καὶ
1428 229 1617 263 ἀπαιδεύτους,
1634 229 1682 265 καὶ
1698 227 1740 261 οἷς
1760 229 1839 264 πρὸς

1036 273 1126 307 λόγων
1155 275 1204 302 καὶ
1238 275 1383 310 νοημάτων
1418 274 1486 310 ὕψος
1513 275 1562 302 καὶ
1590 274 1707 310 μέγεθος
1737 276 1838 302 πάντα

1039 320 1137 353 ἁπλῶς
1161 321 1353 356 ἀποπέφυκεν,
1380 319 1459 349 οὐδὲν
1481 319 1565 358 ἦττον
1594 322 1611 357 ἢ
1630 321 1699 357 πρὶς
1725 321 1781 356 τὴν
1802 321 1838 347 δι’

1033 367 1120 402 ἀέρος
1144 369 1246 402 πτῆσιν
1271 370 1287 404 ἡ
1313 369 1368 396 τῶν
1384 369 1520 405 σωμάτων
1536 369 1708 401 κατασκευή·
1723 369 1776 396 καὶ
1795 369 1838 395 δτι

1039 412 1158 448 Γραικοὶ
1184 414 1235 449 μιν
1262 415 1291 442 ἓν
1307 416 1323 451 ἦ
1341 415 1388 442 δύο
1401 414 1457 442 τῶν
1475 414 1606 443 τοιούτων
1622 414 1709 442 ἐθνῶν
1729 414 1786 441 οὐκ
1802 413 1838 440 ἂν

1038 462 1175 496 ἀδακρυτὶ
1199 461 1338 496 πρόοιντο,
1356 462 1404 489 καὶ
1419 462 1506 498 χωρὶς
1517 460 1566 488 τοῦ
1581 461 1671 489 δοκεῖν
1691 459 1838 495 ἠτυχηκέ-

1038 518 1082 536 ναι
1107 508 1142 535 τὰ
1170 509 1298 544 μέγιστα,
1314 508 1414 546 ὀλίγων
1431 509 1516 536 δντων
1530 508 1585 536 τῶν
1603 507 1764 535 ὑπολοίπων
1785 506 1838 532 καὶ

1037 552 1079 587 οἷς
1097 555 1148 590 τῆς
1167 555 1281 592 εἰρήνης
1298 554 1553 582 συναπολαύσονται
1565 563 1573 570 ·
1591 555 1670 590 ὖμεῖς
1685 553 1709 580 δ’
1727 552 1839 580 ὁπόταν

1037 610 1064 628 τι
1090 601 1136 628 καὶ
1163 601 1294 635 καθάπαξ
1321 602 1468 638 ἀπορραγῇ
1487 601 1543 628 τῶν
1566 600 1711 636 ὑμετέρων
1729 598 1837 631 ἐθνῶν,

1038 648 1084 675 καὶ
1099 647 1161 684 δόξῃ
1183 647 1331 684 νενοσηκὸς
1358 647 1547 683 ἀθεράπευτα,
1563 646 1705 681 δυσχερῶς
1725 645 1780 680 μὲν
1793 644 1836 671 of-

1039 701 1101 720 αετε
1123 693 1174 728 τὴν
1189 693 1328 720 ἔκπτωσιν
1350 693 1442 721 αὐτῶν
1466 692 1514 720 καὶ
1527 693 1578 727 τὴν
1600 692 1718 726 πλάνηνο
1732 691 1768 726 ἢν
1786 690 1836 718 οὒ-

1036 738 1100 766 δένα
1122 739 1183 766 τινὰ
1210 739 1308 766 παθεῖν
1332 739 1387 766 τῶν
1415 738 1545 766 ἁπάντων
1570 738 1654 774 εὐχῆς
1679 737 1766 773 ἔργον
1795 737 1836 763 τί-

1037 783 1128 810 θεσθε⁸
1150 785 1200 819 τὴν
1224 784 1252 811 δὲ
1272 784 1327 811 τῶν
1352 784 1439 819 φίλων
1454 793 1484 811 τε
1506 784 1555 811 καὶ
1572 783 1695 818 γνησίων
1708 781 1836 818 ἐρημίαν

1036 829 1163 864 οὐδαμῶς
1181 829 1373 863 ὑπολογεϊσθε,
1398 829 1507 856 πολλῶν
1531 829 1670 864 ἐσομένων
1694 828 1766 863 ὑμῖν
1783 827 1835 853 καὶ

1037 876 1139 908 παντὸς
1168 875 1287 912 ἀριθμοῦ
1321 876 1505 912 κρειττόνων,
1525 875 1551 903 οἳ
1576 875 1625 910 τὴν
1653 874 1832 904 εὐπείθειαν.

1036 922 1165 956 καθάπερ
1179 921 1255 959 ᾄλλοι
1274 922 1324 956 τὴν
1339 922 1496 958 παρακοὴν,
1513 921 1705 954 ὲπιδείξονται,
1724 922 1777 948 καὶ
1789 917 1833 952 οἷς

1036 969 1086 1003 τῆς
1114 968 1182 1003 πρὸς
1211 968 1347 1003 Γραικοὺς
1374 969 1488 1003 εἰρήνης
1511 967 1648 1003 χρήσεσθε
1671 967 1832 997 κοινωνοῖς.

1036 1012 1074 1040 Οὐ
1090 1013 1145 1049 γὰρ
1171 1013 1204 1049 δὴ
1233 1013 1337 1046 πάντας
1366 1013 1383 1048 ἢ
1410 1014 1474 1045 τοὺς
1500 1013 1646 1044 πλείστους
1677 1011 1752 1038 κατὰ
1781 1011 1833 1046 τῆς

1035 1056 1114 1093 σφῶν
1129 1058 1293 1086 όπλίσεσθαι
1309 1059 1445 1094 κεφαλῆς,
1474 1059 1521 1086 καὶ
1540 1057 1603 1086 καθ’
1629 1058 1739 1086 ἑαυτῶν
1756 1057 1833 1092 ὠθή-

1036 1113 1094 1131 σειν
1108 1105 1139 1132 τὺ
1161 1104 1236 1140 ξίφος
1250 1105 1324 1133 ἐστιν
1339 1106 1436 1132 εἰπεῖν.

1073 1151 1152 1179 οὕτω
1166 1152 1307 1179 καὶτοῦτο
1328 1153 1358 1179 τὺ
1374 1152 1445 1184 δέος,
1463 1152 1552 1180 καίτοι
1567 1152 1620 1180 τῶν
1636 1153 1667 1180 οὗ
1688 1152 1833 1188 τυχόντων

1035 1198 1083 1234 καὶ
1115 1195 1187 1224 εἶναι
1210 1197 1317 1230 δοκοῦν,
1344 1197 1446 1233 φαῦλόν
1476 1207 1504 1225 τι
1535 1198 1583 1225 καὶ
1605 1198 1646 1233 μὴ
1675 1198 1832 1233 δυνάμενον

1026 1243 1156 1277 ’ἀπάγειν
1172 1244 1226 1270 τῶν
1249 1245 1443 1280 προκειμένων
1470 1244 1561 1276 καλῶς
1586 1245 1650 1276 τοὺς
1680 1244 1769 1273 αὑτοῦ
1797 1245 1830 1280 τῇ

1036 1290 1118 1324 φύσει
1139 1289 1342 1327 προσέχοντας,
1368 1290 1382 1317 ὅ
1409 1298 1439 1317 τε
1469 1289 1548 1323 λόγος
1568 1289 1669 1323 ἔδειξεν
1687 1290 1752 1325 ἤδη,
1779 1288 1832 1318 Vm

1036 1336 1115 1369 ὑμεῖς
1140 1336 1255 1371 ἄμεινον
1273 1336 1371 1370 ὄψεσθε
1385 1357 1393 1370 ,
1410 1337 1457 1364 τδν
1483 1335 1616 1371 λογισμδν
1638 1335 1715 1371 αὖτῷ
1735 1336 1831 1371 καλῶς

1035 1381 1243 1416 ἐπιστήσαντες.
1277 1381 1446 1410 Παυσάσθων
1480 1381 1572 1408 τοίνυν
1607 1381 1632 1408 οἱ
1665 1381 1717 1416 τὴν
1739 1382 1832 1418 γὲνίων

1024 1425 1206 1453 ’ἀποστασίαν
1217 1427 1284 1462 ἡμῖν
1299 1427 1478 1458 ἐπισείοντες,
1492 1427 1543 1454 καὶ
1557 1427 1607 1463 τὴν
1621 1427 1676 1454 τῶν
1693 1427 1831 1464 πονηρῶν

1036 1471 1199 1505 ἀλαζονείαν
1228 1473 1276 1500 καὶ
1308 1473 1411 1508 τόλμην
1437 1473 1734 1508 προσθεραπεύοντες,
1765 1474 1831 1504 τοὺς

1036 1519 1214 1554 εὐγνώμονάς
1228 1527 1259 1546 τε
1277 1519 1324 1546 καὶ
1340 1519 1394 1546 τῶν
1413 1519 1503 1548 καλῶν
1529 1518 1649 1555 ἐραστὰς
1673 1520 1770 1554 μάτην
1788 1519 1832 1548 εὖ·

1036 1565 1170 1600 ξαμένους
1200 1565 1268 1592 αὐτὰ
1294 1565 1427 1600 περιιδεῖν
1444 1564 1596 1598 ἀξιοῦντες,
1615 1566 1663 1592 καὶ
1683 1564 1759 1602 ἡμᾶς
1780 1564 1830 1599 οὐκ

1035 1610 1094 1639 οἶδα
1111 1613 1185 1643 τίνος
1198 1613 1247 1640 οὐκ
1261 1613 1431 1648 ἀργοτέρους
1444 1613 1492 1645 καὶ
1507 1612 1695 1648 κουφοτέρους
1707 1611 1830 1639 ἐπανελ-

1035 1660 1102 1692 θεῖν,
1120 1660 1164 1687 ῐνα
1190 1660 1274 1695 μηδὲν
1291 1659 1365 1693 λέγω
1390 1659 1445 1687 τῶν
1470 1658 1560 1687 ἄλλων
1583 1658 1706 1693 ὀνειδῶν,
1723 1655 1769 1691 οἷς
1791 1658 1830 1685 δι-

1033 1705 1121 1735 καίως
1146 1703 1282 1737 ἐνέξεσθε.
1308 1702 1427 1736 Τούτους
1454 1704 1509 1739 γὰρ
1532 1703 1586 1731 ἔδει
1604 1704 1742 1740 πρότερον
1753 1705 1828 1732 .6129-

1035 1750 1145 1777 σὰλλειν
1171 1750 1235 1782 τοὺς
1260 1742 1420 1785 λογισμοὺς,
1440 1748 1541 1785 μᾶλλον
1556 1750 1585 1776 δὲ
1601 1750 1658 1781 τοῖς
1675 1750 1825 1788 μορμολυ-

1034 1797 1119 1828 κείοις
1134 1794 1241 1828 τούτοις
1270 1796 1450 1828 δεδίττεσθαι,
1476 1795 1524 1822 καὶ
1547 1795 1651 1822 πείθειν
1673 1795 1827 1834 ἑκατέρους

1034 1839 1131 1877 ἐφ’ὥν
1148 1841 1221 1878 ιίχον
1242 1842 1385 1876 μένοντας,
1411 1842 1450 1874 ὡς
1479 1841 1632 1877 ἀσυμφόρῳ
1660 1841 1706 1868 διὰ
1735 1843 1826 1879 ταῦτα

1034 1889 1083 1916 καὶ
1097 1884 1224 1924 ἀδυνάτῳ
1237 1887 1276 1923 τῷ
1302 1888 1353 1923 τῆς
1370 1888 1485 1924 εἰρήνης
1507 1887 1600 1924 τρόπῳ
1619 1887 1657 1923 μὴ
1674 1888 1824 1923 ἐγχειρεῖν·

1033 1933 1064 1961 οὐ
1086 1933 1148 1961 τότε
1165 1934 1233 1960 πᾶσι
1247 1932 1363 1968 τρόποις
1377 1930 1424 1959 ἐπὶ
1440 1931 1489 1967 τὴν
1500 1932 1613 1966 εἰρήνην
1630 1931 1824 1966 παρακαλοῢνο

1033 1988 1094 2012 τας.
1113 1979 1160 2007 καὶ
1178 1979 1205 2006 τί
1232 1978 1283 2013 μὲν
1305 1977 1337 2004 οὐ
1364 1977 1503 2011 λέγοντας,
1519 1977 1545 2003 τί
1570 1976 1593 2003 δ’
1619 1976 1650 2003 οὐ
1676 1977 1824 2009 ποιοῦντας

1033 2027 1088 2052 τῶν
1112 2025 1271 2060 δυναμένων
1287 2023 1390 2055 κινεῖν;
1414 2022 1486 2053 τίνος
1511 2021 1534 2048 δ’
1552 2022 1583 2048 οὐ
1607 2021 1713 2057 ῥᾴστην
1741 2023 1822 2060 αὐτὴν

1034 2070 1274 2106 ἀποφηναμένους,
1300 2068 1347 2094 καὶ
1373 2067 1412 2102 τῷ
1439 2066 1576 2094 συνελθεῖν
1595 2067 1676 2102 μόνον
1697 2068 1823 2104 ἀλλήλοις

1034 2115 1293 2150 ἀκολουθῆσουσαν;
1310 2112 1358 2140 νῦν
1383 2111 1525 2148 δυσχερῶν
1555 2121 1636 2140 τινων
1664 2114 1822 2149 μεμνῆσθαι

195 2167 273 2189 cere:
292 2160 317 2187 in
334 2160 376 2186 his
392 2159 465 2186 enim
493 2159 542 2187 etsi
558 2157 656 2186 licebat
671 2157 758 2188 initio,
770 2161 797 2184 at
818 2164 892 2184 nunc
908 2163 982 2185 certe

1073 2163 1083 2189 i.
1097 2162 1198 2196 φόσους
1212 2158 1449 2186 ἐπανατείνεσθαι.
1473 2157 1582 2186 Τούτων
1597 2158 1652 2194 γὰρ
1667 2160 1692 2186 εί
1707 2161 1760 2187 καὶ
1775 2161 1822 2196 τὴν

195 2214 248 2233 non
263 2206 326 2236 licet
341 2213 421 2233 curas
438 2205 517 2239 deligi
532 2204 565 2231 ab
578 2204 623 2235 iis.
638 2203 685 2238 qui
701 2203 727 2232 in
743 2203 801 2237 ipsa
814 2203 983 2231 devenerunt

195 2253 290 2288 agendi
311 2257 444 2288 tempora.
468 2251 535 2280 Cum
562 2258 628 2277 vero
646 2257 681 2277 nc
696 2253 761 2277 tunc
777 2251 888 2285 quidem
905 2249 982 2277 habi-

194 2307 254 2326 tura
275 2300 364 2326 locqu
383 2302 480 2326 essent
503 2296 660 2331 huiusmodi
682 2297 878 2332 impedimenta
898 2303 981 2331 penes

195 2346 333 2377 homines,
354 2344 399 2379 qui
422 2343 501 2372 bonis
519 2342 557 2369 uti
577 2346 678 2369 norunt
694 2342 836 2374 consiliis.
861 2343 923 2376 quis
936 2341 982 2370 det

193 2400 255 2420 csse
281 2392 363 2426 hujus
399 2389 531 2424 temporis
562 2395 641 2424 agere
658 2388 692 2416 de
708 2388 783 2416 hisce
804 2387 907 2415 rebus?
923 2386 981 2419 Qua

192 2446 275 2472 porro
288 2437 396 2465 ratione
412 2436 469 2467 lint,
488 2440 518 2462 ut
533 2435 579 2470 qui
593 2443 664 2462 nunc
682 2435 745 2462 talia
764 2435 869 2466 dicunt,
887 2441 983 2462 ncces-

193 2482 267 2510 sario
293 2490 352 2510 sese
370 2488 426 2516 pra:
450 2481 553 2515 pudore
577 2487 630 2507 non
662 2484 811 2514 COIllt'galll
826 2488 832 2506 :
849 2483 876 2506 et
891 2478 937 2514 qui
953 2479 980 2506 iu

193 2537 254 2556 eam
281 2528 453 2555 adducentur
483 2527 658 2557 sententiam,
687 2525 759 2560 quod
778 2525 848 2552 Deus
865 2530 979 2556 avertat,

195 2581 289 2610 postca
308 2581 363 2609 prae
377 2574 475 2600 rubore
492 2581 545 2600 non
562 2580 591 2600 se
605 2572 764 2606 cooperient
777 2571 790 2597 *Ξ
804 2578 891 2605 neque
907 2571 979 2601 enim

194 2626 236 2648 cst,
248 2620 335 2654 culpa:
353 2618 476 2653 ejusdem
502 2623 549 2645 aut
576 2617 681 2646 consilii
697 2617 868 2649 auctoribus,
883 2621 930 2644 aut
943 2616 980 2644 illi

195 2665 419 2698 assentientibus,
445 2665 508 2692 dum
527 2665 560 2692 de
575 2663 656 2691 tantis
673 2663 754 2690 rebus
772 2663 861 2693 adhuc
877 2664 980 2691 delibe-

193 2716 296 2745 rarent,
312 2716 385 2739 metu
403 2709 518 2739 rationis
533 2715 644 2745 experte
660 2710 865 2748 perculsos‘non
878 2709 981 2744 perspi-

194 2765 255 2784 ccre
285 2758 351 2793 quid
381 2758 494 2785 honeste
525 2762 552 2784 et
584 2755 687 2783 utiliter
701 2761 776 2783 esset
791 2755 939 2790 agendum,
955 2760 981 2782 et

193 2804 313 2838 studium
329 2825 338 2839 ,
369 2804 415 2834 ubi
444 2812 500 2835 rem
524 2808 587 2834 sunt
614 2803 757 2842 aggressi,
787 2803 979 2841 restinguere:

1033 2207 1122 2243 ἀρχὴν
1137 2205 1221 2241 ἐξῆν,
1239 2204 1363 2237 ἀλλὀὐκ
1390 2205 1420 2232 ὲν
1448 2205 1488 2239 τῷ
1517 2205 1633 2240 παρόντι
1663 2207 1821 2241 φροντίζειν

1033 2253 1122 2286 ἔξεστι
1142 2254 1205 2284 τοὺς
1223 2253 1251 2279 ἑν
1264 2252 1321 2283 τοῖς
1345 2251 1393 2278 τοῦ
1413 2252 1545 2287 πράττειν
1569 2252 1742 2287 ἀφιγμένους
1761 2262 1820 2280 και-

1034 2302 1100 2336 ροῖς.
1122 2301 1210 2327 Ὅπου
1240 2299 1268 2326 δὲ
1291 2298 1352 2326 οὐδὲ
1376 2299 1436 2326 τότε
1464 2297 1556 2333 χώραν
1576 2297 1689 2333 ἔμελλεν
1701 2299 1777 2333 ἔχειν
1789 2298 1819 2325 τὰ

1033 2345 1147 2373 τοιαῦτα
1163 2345 1217 2372 τῶν
1230 2344 1402 2379 κωλυμάτων
1420 2343 1496 2378 παρά
1511 2351 1543 2377 γε
1558 2343 1613 2373 τοῖς
1630 2343 1720 2374 καλῶς
1738 2344 1819 2370 εἰδόσι

1034 2391 1224 2426 βουλεύεσθαι,
1245 2389 1306 2421 πῶς
1330 2388 1363 2415 ἂν
1388 2389 1446 2424 δοίη
1463 2397 1506 2420 τις
1526 2388 1570 2424 7τῷ
1590 2388 1705 2423 παρόντι
1731 2388 1819 2424 καιρῷ

1032 2438 1082 2474 τὴν
1101 2438 1166 2472 περὶ
1192 2435 1295 2462 τούτων
1325 2434 1420 2470 σκέψιν
1447 2432 1618 2469 ἁρμόττειν;
1649 2433 1665 2468 ἢ
1697 2434 1757 2466 πῶς
1772 2434 1818 2461 οὐκ

1033 2483 1236 2519 ἐμφράττεσθαι
1253 2483 1303 2517 μὲν
1317 2481 1380 2512 τοὺς
1391 2481 1521 2515 λέγοντας
1535 2479 1593 2511 νῦν.
1615 2479 1817 2514 ιγκαλύψεσθαι

1032 2530 1060 2557 δὲ
1073 2529 1147 2561 τοὺς,
1163 2528 1176 2554 ὃ
1201 2527 1239 2562 μὴ
1254 2528 1369 2561 γένοιτο,
1387 2525 1621 2560 πεισθησομένους
1640 2525 1715 2551 πᾶσα
1736 2527 1828 2565 ἀνάγ-1

1033 2584 1070 2609 κη
1083 2582 1090 2606 ;
1105 2573 1166 2600 οὐδὲ
1183 2574 1236 2607 γὰρ
1257 2572 1307 2607 τὴν
1332 2572 1394 2605 ἴσην
1418 2571 1475 2605 ἔχει
1499 2568 1669 2605 κατηγορίαν
1683 2569 1746 2597 οὒτε
1764 2573 1816 2602 τοῖς

1034 2618 1215 2655 βουλεύσασιν
1238 2616 1301 2643 οὔτε
1324 2617 1379 2646 τοῖς
1410 2615 1607 2650 πεπεισμένοις
1636 2616 1667 2640 τό
1693 2623 1724 2641 τε
1755 2616 1815 2651 περὶ

1032 2659 1201 2699 τηλικούτων
1218 2662 1258 2689 ἐτι
1275 2659 1488 2697 βουλευομένους
1500 2680 1507 2691 ,
1524 2659 1612 2694 ἀλόγῳ
1626 2660 1680 2686 δέει
1696 2661 1744 2686 τοῦ
1768 2670 1814 2687 κα-

1033 2711 1080 2737 λοῦ
1097 2710 1143 2736 καὶ
1161 2709 1349 2744 ουμρέροντος
1377 2706 1525 2740 ὑπεριδεῖν,
1548 2706 1596 2731 καὶ
1620 2704 1668 2732 τοῦ
1687 2706 1814 2740 πράττειν

1034 2756 1205 2792 ἀρξαμένους
1221 2754 1411 2789 ἐπισχεθῆναι.
1434 2752 1479 2786 Τῷ
1503 2752 1551 2787 μὲν
1570 2752 1623 2786 γὰρ
1641 2753 1657 2787 ἡ
1672 2751 1723 2786 τῆς
1739 2752 1814 2788 ﬁgam

1035 2801 1098 2838 μίας
1111 2800 1208 2827 ὕπεστι
1232 2799 1294 2833 δόξα
1308 2819 1315 2832 ,
1336 2798 1366 2824 τὸ
1382 2798 1409 2824 δὲ
1433 2796 1492 2823 οὐδὲ
1517 2796 1572 2824 τῶν
1594 2797 1752 2831 τῆςνάνοίας
1773 2799 1811 2832 ἑγ-
