1879 3060
54 168 110 200 525

775 159 977 191 PltECATIO.
1640 159 1691 192 526

378 331 780 414 GEORGII
853 329 1366 409 SCHOLARII

781 463 973 494 PRECATIO

214 545 290 589 AD
322 541 614 589 DOMINUM
655 540 871 586 NOSTRI

986 540 1180 585 JESUM
1220 539 1531 584 CHRISTUM

561 618 732 656 Matutine,
749 617 936 655 Meridiana,
954 621 983 648 el
1002 617 1202 655 VeSpertina.

182 697 294 730 (Editore
313 698 335 722 et
356 694 484 724 interprete
504 693 567 718 Αίάο
586 692 716 724 _Manutio.
741 692 823 717 Roma:
845 692 915 720 1501,
945 693 1044 722 Erum
1069 690 1200 717 Prudentii
1231 694 1251 717 et
1272 689 1378 716 aliorum
1406 689 1575 722 carminibus.)

94 823 220 851 Δέσποτα
233 820 318 855 Κύριε
336 816 424 852 Ἰησοῦ
436 815 549 852 Χριστὲ,
564 814 614 841 Θεὲ
628 813 750 848 ἁληθινὲ,
771 793 848 848 βασι·
868 836 871 844 λ

960 815 1016 842 lere
1030 814 1144 842 Domine
1155 813 1218 841 Jesu
1230 812 1356 846 Christe,
1370 813 1441 840 Deus
1457 819 1530 843 vere,
1549 819 1594 840 rex
1608 812 1700 839 excel-

58 870 106 897 λεῦ
138 868 258 903 ὕψιστα,
294 863 441 898 ὕπεράγιε,
468 861 639 896 ὑπεράγαθε,
669 859 852 895 εὖσπλαγχνε,

61 917 133 950 Δόγε
148 914 220 942 ἁῖδιε
232 911 279 939 τοῦ
293 910 413 946 ὰνάρχου
429 907 497 934 Θεοῦ
512 907 559 934 καὶ
571 906 688 942 Πατρὸς,
704 905 855 941 δημιουργὲ

61 962 155 996 πάσης
169 960 219 995 τῆς
233 958 361 988 κτίσεως,
378 955 428 990 τῆς
443 954 470 981 δὲ
487 953 662 989 ἀνθρωπίνης
679 953 726 979 καὶ
741 953 856 978 ἀνακαι-

61 1008 142 1034 νιστὰ
153 1007 188 1033 δι’
203 1006 292 1039 ἄκραν
307 1000 525 1038 φιλανθρωπίαν,
542 1000 615 1034 ὑπὲρ
627 996 660 1034 ἧς
676 1000 744 1034 ἡμῖν
755 998 857 1033 σαρκὸς

62 1055 111 1081 καὶ
126 1053 244 1087 αἵματος
262 1047 459 1082 ἑκοινώνησας,
483 1046 532 1073 καὶ
551 1045 600 1080 τὴν
615 1045 772 1080 ἀπόρρητον
787 1043 859 1069 ὲκεί-

66 1109 119 1136 νην
143 1098 193 1126 καὶ
220 1095 350 1132 ὑπερφυᾶ
371 1092 503 1129 μετῆλθες
527 1090 684 1126 οἰκονομίαν
705 1090 858 1125 ἀχράντως,

65 1147 92 1173 εί
107 1146 158 1177 τὰς
175 1144 258 1178 ἁγίας
281 1142 330 1169 καὶ
344 1138 562 1175 ὕπερουρανίους
577 1137 706 1172 δυνάμεις
731 1136 859 1164 οὐδέποτε

66 1192 174 1223 ἔλαϐεν,
198 1189 262 1217 οὕτε
287 1187 403 1224 λήψεται
420 1185 513 1221 κόρος,
543 1183 612 1211 ἀλλὰ
634 1182 860 1224 ἀκαταπαύστοις

66 1220 173 1274 φωναῖς
202 1220 491 1271 νοεραῐςμάνυμνοῦσι
518 1231 549 1257 τὸ
577 1220 731 1265 μεγαλεῖον,
749 1230 796 1256 καὶ
811 1228 861 1264 τὴν

68 1283 251 1320 λαμπρότητα
261 1281 310 1315 τῆς
323 1279 455 1314 Θεότητός
471 1284 530 1311 σου,
542 1276 614 1304 διατί
628 1277 708 1311 ἡμεῖς
722 1276 748 1302 οἱ
763 1283 861 1302 ταπει-

68 1333 109 1359 νοὶ
121 1331 171 1357 καὶ
185 1329 276 1365 γήϊνοι
290 1326 379 1354 δοῦλοί
395 1334 455 1358 σου,
471 1325 496 1352 οἰ
517 1324 618 1358 ὠνητοὶ
637 1322 686 1349 τοῦ
703 1322 796 1357 τιμίου
814 1330 861 1348 σου

69 1377 209 1412 αἵματος,
233 1371 461 1409 κορεσθησόμεθα
488 1370 535 1397 τοῦ
563 1369 659 1404 ὑμνεῖν
686 1368 791 1404 διανοίᾳ
816 1368 863 1395 καὶ

70 1423 188 1457 στόματι
202 1429 210 1454 ;
223 1420 278 1447 Καὶ
292 1420 316 1446 εί
331 1420 348 1453 ἡ
364 1416 554 1453 φιλανθρωπία
569 1423 616 1442 σου
630 1415 678 1442 καὶ
688 1415 705 1450 ἡ
722 1415 801 1450 χάρις
815 1422 862 1441 σου

69 1468 227 1503 ἁκορέστως
245 1465 354 1500 ἐνεργεῖ
369 1465 398 1490 ἐν
414 1464 491 1498 ἡμῖν,
509 1463 563 1489 ἀπὸ
586 1462 694 1497 πρωΐας
709 1461 755 1487 ἐπὶ
779 1460 864 1487 ἑσπέ-

908 869 948 894 se,
973 861 1052 888 valde
1074 865 1178 892 sancte,
1205 859 1282 887 valde
1298 859 1379 891 boae,
1394 857 1560 890 misericors,
1580 858 1700 885 Vt-rbum

908 911 1041 935 aeternum
1053 905 1197 942 inoriginis
1210 905 1253 933 Dei
1269 909 1295 933 et
1307 904 1407 936 Patris,
1417 903 1513 932 artifex
1526 904 1615 931 omnis
1628 911 1701 931 crea-

909 957 986 985 turae,
1029 952 1156 980 humanae
1189 950 1270 978 etiam
1313 953 1457 977 renovator
1489 948 1524 976 ob
1563 955 1700 974 summam

910 997 1125 1030 humanitatem,
1144 1004 1191 1032 per
1208 1004 1289 1032 quam
1317 996 1461 1023 nobiscum
1478 994 1570 1022 carnis
1585 998 1611 1021 et
1641 1001 1703 1021 san-

910 1045 1001 1080 guinis
1030 1043 1211 1079 participasti,
1236 1046 1264 1070 et
1290 1041 1459 1069 iudieibilem
1491 1040 1565 1067 illam
1595 1043 1621 1066 et
1653 1046 1702 1066 su-

910 1089 1114 1125 peruaturalem
1151 1088 1226 1116 inisti
1257 1087 1488 1122 dispensationem
1516 1085 1702 1113 inimaculate.

912 1136 940 1164 Si
960 1140 1069 1164 sanctas
1097 1139 1124 1163 et
1149 1134 1358 1170 supercwlestes
1385 1135 1534 1167 potestates
1565 1137 1704 1164 nunquam

911 1183 983 1218 cepit
994 1190 1044 1210 nec
1058 1182 1146 1217 capiet
1159 1181 1280 1212 satietas,
1310 1180 1355 1207 sed
1371 1177 1577 1206 incessabilibus
1590 1176 1704 1203 vocibus

911 1228 1124 1263 intelligibilibus
1137 1227 1248 1255 laudant
1259 1225 1487 1261 magniﬁcentiam
1496 1229 1523 1252 et
1533 1223 1705 1259 splendorem

912 1275 1063 1303 divinitatis
1089 1278 1151 1308 tute,
1170 1281 1219 1300 cur
1247 1280 1298 1300 nos
1315 1272 1432 1299 humiles
1448 1276 1479 1308 et
1493 1274 1637 1298 terrestres
1648 1277 1705 1296 ser-

913 1322 938 1350 vi
956 1321 1006 1353 tui,
1018 1321 1082 1349 eniti
1097 1320 1216 1355 pretioso
1229 1323 1276 1346 tuo
1289 1317 1432 1352 sanguine,
1447 1307 1634 1344 saturabimur
1649 1317 1708 1342 lau-

913 1367 1005 1396 dando
1024 1372 1052 1395 te
1076 1371 1167 1394 mente
1180 1370 1209 1393 et
1226 1364 1296 1392 ore?
1311 1364 1343 1391 Et
1371 1363 1395 1391 si
1425 1363 1582 1390 humanitas
1603 1367 1647 1390 tua
1677 1366 1706 1389 et

914 1415 999 1450 gratia
1027 1418 1074 1441 tua
1105 1411 1296 1440 insatiabiliter
1334 1411 1390 1445 agit
1416 1410 1443 1437 in
1470 1410 1550 1437 nobis
1577 1417 1593 1436 a
1626 1416 1707 1436 mane

916 1461 950 1488 ad
965 1467 1116 1495 vesperam,
1130 1464 1155 1487 et
1170 1466 1186 1485 a
1211 1465 1325 1493 vespera
1340 1458 1372 1484 ad
1399 1457 1514 1483 alterunt
1542 1463 1631 1487 mane.
1657 1463 1706 1482 cur

71 1497 138 1550 ραν.,
168 1497 297 1540 ualidae.
315 1497 439 1547 ’ἑσπέρας
465 1510 506 1544 ἐφ’
525 1509 621 1544 ἑτέραν
650 1508 768 1543 πρωῖαν,
794 1506 866 1533 διατί

960 1514 970 1535 5
984 1513 1037 1534 non
1052 1506 1078 1533 in
1090 1505 1186 1539 spatiis
1201 1503 1390 1532 determinatis
1404 1502 1507 1538 gratias
1525 1501 1634 1537 agimus
1656 1501 1706 1528 tibi

70 1562 151 1596 ἡμεῖς
168 1560 220 1586 οὐκ
236 1560 266 1585 ὲν
277 1558 465 1593 διαστήμασιν
483 1555 647 1591 ὡρισμένοις
666 1553 866 1589 εὐχαριστήσο-

73 1608 123 1641 μέν
139 1615 182 1633 σοι
210 1606 249 1640 τῷ
263 1604 396 1640 εὺεργέτῃ
420 1604 519 1639 ήμῶν;
537 1601 618 1628 Ἀλλὰ
633 1601 770 1635 σύγγνωθι
786 1601 865 1636 ἡμῖν,

71 1653 174 1688 Χριστὲ
187 1652 358 1686 εὐδιάκριτε,
373 1642 415 1678 ὃτι
431 1651 448 1685 ἠ
467 1648 616 1677 ἁκολουθῖα
631 1648 679 1681 τῆς
696 1647 866 1682 προσκαίρου

70 1700 175 1734 ταύτης
187 1698 262 1734 ζωῆς
277 1699 325 1726 καὶ
336 1698 363 1724 αἱ
376 1697 496 1730 ἀνάγκαι
507 1696 558 1730 τῆς
572 1695 680 1729 φύσεως
695 1694 743 1721 καὶ
756 1695 772 1730 ὴ
790 1694 867 1726 τάξις

71 1745 154 1779 αὐτὴ,
181 1745 221 1776 si;
239 1745 273 1778 ἣν
288 1744 362 1780 ἡμᾶς
385 1743 520 1778 ταχθῆναι
534 1742 681 1776 ἠθέλησας,
707 1740 866 1776 μερίζουσιν

73 1793 120 1819 καὶ
137 1792 189 1818 οὐκ
215 1791 298 1817 ἐῶσιν
314 1789 462 1818 ἀναπολεῖν
480 1797 510 1815 σε
527 1787 710 1818 ἀδιαλείπτως
726 1786 797 1813 κατὰ
821 1786 866 1811 τὶν

72 1839 146 1870 νοῦν,
162 1838 210 1865 καὶ
222 1838 267 1864 διὰ
280 1837 330 1872 τῆς
345 1836 470 1871 γλώττης
485 1835 625 1870 ἀσιγήτως
637 1834 743 1868 ὑμνεῖν.
757 1833 811 1860 Καὶ
823 1831 867 1858 διὰ

71 1883 153 1911 τοῦτο
171 1884 210 1915 ὡς
226 1883 355 1918 ἀπαρχήν
380 1890 442 1908 τινα
464 1881 519 1908 τῶν
535 1880 695 1916 ήμερησίων
721 1878 867 1913 νοημάτων

72 1932 122 1958 καὶ
139 1931 271 1966 ῥημάτων
284 1929 364 1964 ἡμῶν
386 1928 437 1964 τὴν
453 1928 577 1963 πρωῖνὴν
603 1928 650 1954 καὶ
673 1925 867 1961 μεσημϐρινὴν

74 1977 123 2003 aut
138 1975 289 2011 ἐσπερινὴν
305 1973 482 2010 προσάγομεν
495 1982 537 2000 σοι
549 1972 691 2008 λατρείαν.

112 2021 263 2058 [Ιροσκυνῶ
278 2029 307 2048 σε
320 2020 423 2052 τοίνυν,
433 2019 478 2046 τδν
490 2020 557 2054 ἐμὸν
571 2017 739 2054 δημιουργὸν
753 2017 799 2043 καὶ
812 2018 869 2044 Πα-

74 2069 142 2102 τέρα
162 2068 212 2095 σὺν
233 2066 272 2102 τῷ
295 2066 406 2102 ἁνάρχῳ
423 2073 469 2092 σου
496 2064 594 2099 Πατρὶ,
622 2064 669 2092 καὶ
686 2063 725 2099 τῷ
741 2062 869 2097 ζωοποιῷ

75 2116 124 2141 καὶ
144 2114 272 2148 παναγίῳ
299 2121 346 2139 σου
374 2112 527 2146 Πνεύματι.
545 2110 637 2138 Κλίνω
659 2109 725 2144 γόνυ
754 2108 869 2143 καρδίας

75 2161 124 2188 καὶ
141 2160 272 2195 σώματος
293 2159 363 2194 μετὰ
388 2158 489 2193 φρίκης
504 2156 674 2195 καῖ’-τρόμου
697 2156 738 2182 σοὶ
752 2155 790 2189 τῷ
804 2161 870 2181 παν·
882 2168 905 2200 C

76 2207 219 2241 τοδυνάμῳ
232 2208 278 2232 καὶ
296 2205 406 2240 φοϐερῷ
423 2205 469 2231 καὶ
487 2203 655 2238 ὑπεραγάοῳ
668 2202 790 2237 Δισπότῃ
802 2209 864 2236 μου·

77 2252 233 2288 εὐχαριστῶ
250 2252 320 2286 ὑπὲρ
336 2251 464 2281 πάντων,
490 2246 528 2276 ὧν
553 2248 687 2283 ἐποίησας
714 2247 760 2274 καὶ
780 2247 868 2276 ποιεῖς

78 2301 117 2331 είς
135 2300 196 2334 ἐμέ.
217 2299 258 2333 Τῇ
276 2298 348 2334 χειρί
371 2297 418 2324 σού
436 2305 470 2332 με
490 2295 622 2328 ἔπλασας,
636 2294 674 2329 τῷ
691 2292 870 2329 ὲμφυσήματί

80 2355 126 2373 σου
144 2346 284 2379 ἒζὼωσας,
302 2346 335 2380 τῇ
349 2343 465 2379 προνοίᾳ.
491 2351 537 2369 σου
563 2340 723 2377 ἐξέθρεψας,
749 2341 782 2374 τῇ
799 2339 870 2374 χειρί

81 2401 128 2420 σου
152 2394 203 2427 τὴν
219 2392 305 2427 ἀληθῆ
333 2391 426 2418 πίστιν
442 2389 608 2424 ὲγνώρισας,
625 2388 683 2417 τοῖς
710 2386 871 2420 μυστηρίοις

83 2441 129 2475 τῆς
155 2439 231 2474 ἱερᾶς
256 2447 303 2465 σου
337 2436 500 2471 Ἐκκλησίας
532 2433 771 2469 ὲπαιόαγώγησας.
796 2431 873 2458 Ἐκό-

83 2487 190 2522 σμησάς
209 2494 242 2520 με
260 2484 309 2511 καὶ
327 2484 383 2514 τοῖς
400 2482 580 2517 προσκαίροις
595 2480 698 2508 τούτοις
718 2478 811 2508 καλοῖς
823 2478 872 2512 τῆς

84 2532 257 2568 ἀνθρωπίνης
270 2530 420 2565 εὐημερίας
431 2536 437 2544 ·
453 2526 584 2553 κινδύνων
601 2524 771 2560 ἁπήλλαξας,
786 2524 873 2549 νόσων

84 2579 227 2614 ἐξὴγειρας
238 2585 245 2592 ·
274 2577 342 2611 πρὸς
355 2575 386 2601 τὺ
402 2573 542 2609 συμφέρον
559 2572 683 2607 ἀοράτως
707 2570 852 2604 ὼδήγησας
863 2577 870 2584 ⁸

86 2625 218 2660 κυὸερνᾷς
249 2623 297 2650 καὶ
317 2620 518 2656 περιθάλπεις,
544 2618 582 2650 ὡς
612 2618 719 2644 νοσσίον
750 2624 808 2647 σου,
835 2616 873 2646 ὡς

85 2673 189 2707 ποίημα
204 2671 253 2705 τῆς
266 2669 377 2704 ἀγάπης
399 2675 457 2693 σου.

125 2718 205 2744 Ἀλλὰ
230 2716 256 2742 τί
284 2716 331 2743 καὶ
346 2713 439 2749 τολμῶ
464 2710 617 2746 διηγεῖσθαι
640 2710 689 2741 τὰς
712 2707 873 2744 εὐεργέσῖας

86 2772 154 2797 sou;
174 2758 292 2796 πέλαγός
323 2762 392 2787 εἰσιν
421 2757 635 2792 ἀνεξάντλητον,
667 2755 746 2790 βυθὸς
773 2753 874 2780 ἀκατά-

85 2816 199 2845 ληπτος,
216 2807 283 2842 ὕψος
296 2807 421 2842 ἀόρατον.
439 2805 476 2831 Οὐ
499 2803 593 2839 φθάνω
613 2801 814 2837 εὐχαριατῆσαι
831 2800 874 2826 διὰ

917 1553 1086 1582 benefactori
1100 1552 1214 1579 nostro?
1227 1551 1283 1579 Sed
1297 1554 1378 1585 parce
1394 1549 1484 1583 nobis,
1497 1549 1617 1579 Christe.
1636 1549 1706 1575 bona

915 1600 1011 1636 juder,
1030 1599 1160 1634 quoniam
1177 1598 1289 1633 sequela
1303 1595 1462 1631 temporalis
1489 1594 1569 1629 hujus
1583 1595 1654 1627 vitae,
1678 1599 1706 1621 et

917 1647 1098 1676 necessitates
1115 1650 1229 1678 naturae,
1242 1649 1268 1672 et
1280 1646 1347 1672 ordo
1365 1643 1420 1676 hic,
1433 1643 1459 1670 in
1473 1650 1552 1678 quem
1568 1649 1618 1669 nos
1641 1648 1708 1668 con-

918 1694 1031 1722 stitutos
1046 1700 1107 1720 esse
1125 1691 1246 1724 voluisti,
1267 1690 1402 1723 dividunt,
1416 1694 1442 1717 et
1458 1697 1510 1716 non
1530 1688 1624 1715 sinunt
1647 1687 1707 1714 ani-

918 1740 1088 1768 madvertere
1113 1743 1139 1766 te
1158 1737 1354 1770 indesinenter,
1373 1740 1399 1764 et
1415 1736 1505 1771 lingua
1522 1735 1633 1762 intacite
1651 1735 1708 1761 lau-

918 1786 995 1813 dare.
1013 1785 1045 1812 Et
1062 1788 1174 1820 propter
1191 1785 1243 1811 hoc
1258 1786 1389 1817 tanquam
1406 1781 1541 1815 primitias
1575 1782 1706 1814 quasdam

919 1833 1081 1860 diurnarum
1101 1830 1293 1865 cogitationum
1316 1833 1344 1856 et
1371 1828 1516 1856 verborum
1541 1833 1707 1857 nostrorum,

920 1879 1085 1906 matutinum
1103 1882 1130 1904 et
1157 1876 1339 1904 meridianum
1359 1879 1385 1902 et.
1411 1874 1595 1909 vespertinum
1625 1873 1710 1899 addu-

920 1926 1008 1953 cimus
1027 1924 1074 1952 tibi
1092 1923 1207 1951 cultum.

958 2016 1049 2044 Adero
1075 2015 1159 2050 igitur
1175 2019 1211 2047 te,
1243 2021 1332 2041 meum
1358 2012 1527 2040 conditorem
1553 2015 1581 2038 et
1605 2014 1709 2045 patrem

921 2070 974 2090 una
1002 2070 1062 2089 cum
1079 2060 1214 2095 innrigine
1230 2065 1277 2088 tuo
1293 2060 1375 2087 Patre
1395 2063 1422 2087 et
1438 2058 1552 2087 rita-ﬁco
1579 2061 1606 2084 et
1627 2064 1709 2084 sanc-

922 2110 1028 2138 tissimo
1068 2115 1114 2136 tuo
1146 2106 1260 2142 Spiritu.
1295 2106 1399 2134 lnclino
1438 2112 1508 2140 genu
1546 2103 1636 2131 σοι-ὼε
1681 2106 1709 2129 et

923 2156 1045 2191 corporis
1065 2161 1131 2182 cum
1149 2155 1264 2181 horrore
1291 2158 1317 2180 et
1333 2158 1451 2180 tremore
1467 2152 1513 2178 tibi
1531 2150 1711 2185 omnipotenti

925 2209 951 2230 et
972 2203 1112 2229 tremendo
1129 2206 1155 2230 et
1170 2201 1344 2228 sanctissimo
1370 2199 1486 2226 Domino
1504 2205 1582 2230 meo;
1601 2197 1711 2231 ‘gratias

922 2257 973 2284 ago
1003 2257 1052 2284 pro
1083 2249 1221 2281 erunibus,
1249 2255 1310 2282 qua:
1347 2246 1433 2273 iecisti
1461 2250 1487 2272 et
1513 2243 1579 2271 facis
1607 2245 1633 2270 in
1658 2249 1711 2271 me.

923 2296 1004 2323 Manu
1031 2301 1078 2323 tua
1109 2303 1154 2322 me
1171 2294 1307 2326 formasti,
1337 2298 1363 2320 ct
1390 2291 1513 2319 anhelitu
1547 2297 1593 2317 tuo
1627 2291 1713 2316 viriti-

928 2343 1016 2375 casti,
1053 2341 1224 2376 providentia
1269 2345 1314 2367 tua
1353 2339 1498 2370 educasti,
1533 2344 1614 2364 manu
1666 2341 1711 2363 tua

924 2396 1014 2417 veram
1037 2389 1115 2415 Iidem
1131 2393 1222 2415 notam
1252 2385 1359 2418 fecisti,
1389 2384 1525 2419 mysteriis
1549 2391 1634 2410 sacrae
1659 2387 1713 2409 tua:

924 2434 1052 2461 Ecclesiae
1083 2432 1218 2464 erudiisti,
1257 2430 1360 2458 ornasti
1396 2437 1439 2456 me
1466 2434 1493 2455 et
1517 2428 1713 2462 temporalibus

925 2481 968 2508 his
987 2479 1066 2507 bonis
1078 2481 1204 2506 humana:
1231 2477 1381 2508 felicitatis,
1395 2484 1410 2503 a
1422 2475 1551 2510 periculis
1577 2475 1713 2507 liberasti,

925 2535 939 2554 a
957 2526 1059 2554 morbis
1074 2525 1199 2557 elevasti,
1219 2524 1251 2551 ad
1276 2523 1342 2550 utile
1360 2521 1535 2549 invisibiliter
1548 2521 1683 2548 adduxisti
1704 2529 1711 2546 :

924 2573 1060 2609 gubernas
1094 2577 1120 2599 et
1140 2571 1227 2604 foves,
1243 2575 1273 2598 ut
1285 2569 1388 2605 pullum
1411 2573 1497 2600 tuum,
1512 2573 1641 2603 tanquam
1658 2567 1713 2595 fac-
1739 2602 1742 2612 Α

926 2625 1014 2647 turam
1031 2619 1134 2646 amoris
1148 2618 1197 2645 tui.

963 2709 1015 2736 Sed
1031 2708 1097 2743 quid
1112 2707 1192 2734 etiam
1207 2706 1296 2734 audeo
1311 2713 1425 2733 narrare
1440 2703 1568 2732 beneﬁcia
1587 2703 1652 2729 tua?
1669 2709 1715 2736 pe-

926 2755 1003 2790 lagus
1017 2759 1082 2781 sunt
1097 2754 1302 2784 inexhaustum,
1317 2752 1488 2786 profunditas
1510 2750 1716 2784 indeprehensi-

928 2800 1122 2834 bilis,altitudo
1138 2798 1295 2825 invisibilis.
1306 2797 1364 2824 Non
1378 2797 1418 2824 sic
1432 2798 1486 2824 cito
1500 2797 1600 2831 gratiis
1616 2803 1666 2829 ago
1680 2795 1716 2821 ob

87 2840 119 2882 τέ
142 2840 366 2890 προγεγενημένα
393 2851 440 2878 καὶ
466 2849 671 2884 καταλαμϐάνει
695 2856 729 2883 με
756 2846 871 2881 ὁρμαθδς

960 2847 1074 2879 ιιεῐοσιιι,
1088 2845 1153 2880 quin
1171 2843 1357 2878 deprehendat
1370 2850 1412 2870 me
1426 2843 1512 2871 series
1522 2842 1715 2870 beneﬁciorum

86 2900 253 2935 εὐεργεσιῶν
272 2899 448 2933 καινοτέρων.
475 2897 530 2924 Καὶ
548 2896 615 2923 αὐτὸ
640 2894 669 2921 δὲ
693 2893 722 2920 τὸ
748 2893 876 2920 δύνασθαί

930 2901 1074 2927 novorum,
1090 2897 1118 2920 ct
1133 2891 1185 2919 hoc
1199 2890 1299 2926 ipsum,
1317 2897 1396 2925 posse
1407 2889 1510 2925 gratias
1522 2896 1614 2925 agere,
1629 2895 1716 2924 quan-

1788 2898 1810 2912 με
