1879 3060
90 142 146 168 .529
509 143 556 174 ET
578 144 699 175 MABCl
719 146 876 177 EPilESll
899 149 921 178 Τ
931 149 1140 180 EFTIMONIA
1159 151 1303 181 MUTUA.
1671 154 1722 185 530

105 218 251 227 -ἣ
259 224 278 228 -
294 215 1283 236 -ν-Ὰ--ᾆ-κ-ῇ-

555 304 734 336 EUSEBII
760 304 1025 337 RENAUDOTII
1055 300 1267 338 MONITUM.

140 468 284 502 Superiori
302 468 489 496 Dissertatioui
508 469 658 502 fragmenta
676 467 734 495 haec
759 468 887 502 adjicere,
907 477 965 503 quae
983 468 1062 496 nobis
1074 469 1157 496 codex
1173 468 1283 502 Regius,
1299 477 1327 495 n.
1344 468 1426 501 2965,
1440 469 1664 499 subministravit,
1682 467 1720 493 vi-

89 521 152 540 smn
170 519 210 542 est
229 522 320 550 operm
334 516 461 550 pretium,
476 523 537 541 cum
556 513 695 541 historiatn
714 513 844 541 Gcnuadii
863 522 1024 549 magnopere
1041 514 1186 544 illustrem.
1202 519 1228 542 et
1240 516 1415 550 quaestionem
1431 516 1463 543 de
1478 523 1532 542 uno
1544 516 1583 541 vel
1597 514 1718 548 pluribus

89 561 257 594 Cennadiis,
272 561 323 588 nisi
342 561 514 588 vehementer
531 559 661 591 fallimur,
682 559 835 589 absolvant.
851 565 908 586 tum
924 560 996 593 quod
1014 567 1044 586 ca
1059 559 1123 586 alibi
1140 564 1248 595 exstare
1265 568 1318 587 uon
1340 552 1538 588 existimemus.
1557 559 1642 586 Verba
1659 561 1722 585 sntit

90 609 176 636 Marci
197 608 307 642 Ephesii
324 609 358 636 de
369 608 522 640 Scholario,
540 612 566 634 et
582 607 614 633 ad
628 615 689 634 eum
705 606 885 641 praesentibus
900 606 1002 634 Grzccis
1017 608 1107 634 multis
1129 607 1259 641 dignitate
1271 608 1438 643 conspicuis,
1450 612 1475 635 et
1487 616 1499 634 a
1511 607 1660 633 Laliuismo
1677 613 1719 632 rc-

91 656 257 683 motissimis
271 656 353 685 dicta,
365 655 464 687 quibus
476 654 526 688 ipsi
544 661 637 680 curam
657 653 783 680 Ecclesiae
794 653 968 681 defendendae
983 654 1140 686 couunittit,
1153 655 1224 682 illius
1245 654 1348 681 scilicet
1364 663 1433 689 qutc,
1445 654 1552 682 Unione
1568 654 1721 681 Florentina

91 703 209 736 insuper
227 702 331 734 habita,
349 708 363 727 a
381 700 540 727 Latinorum
555 699 748 726 communione
770 704 843 726 esset
859 699 1039 727 alienissima.
1056 699 1110 726 lllis
1127 699 1302 735 subjungitur
1319 699 1451 727 Sehnlarii
1470 700 1639 734 Responsio,
1662 699 1722 733 qui-

90 749 144 776 bus
158 748 304 782 pollicetur
322 754 351 774 se
363 745 447 773 Marci
459 744 571 779 Ephesii
589 745 650 771 loco
668 744 701 771 ad
716 745 809 771 ultima
824 752 908 779 usque
921 745 1017 772 mortis
1032 745 1153 779 pericula
1170 753 1220 779 pro
1236 745 1306 783 avita
1323 746 1373 772 title
1396 751 1591 779 pugnaturum.
1608 745 1667 771 lla‘c
1683 745 1722 771 al-

92 795 145 822 teri
160 801 243 828 quam
258 793 401 821 Genuadio
414 791 560 820 convenire
574 798 628 819 non
649 795 773 825 possunt,
790 790 813 818 ei
832 791 936 818 scilicet
958 792 1002 826 qui
1015 796 1095 826 capta
1111 791 1348 827 Constantinopoli
1373 793 1527 826 patriarcha
1551 793 1722 819 renuntiatus

88 847 156 874 est;
173 849 264 876 neque
281 841 353 868 enim
370 839 468 868 cadere
496 839 523 865 in
549 839 632 866 alium
647 838 770 872 quemvis
787 842 901 873 possunt
917 838 1014 865 latntes
1035 837 1141 864 eximite
1157 838 1288 866 doctrinae
1301 843 1327 865 ct
1343 839 1514 873 eloquentim,
1533 843 1588 865 tum
1605 839 1722 872 dignitas

90 890 238 922 ἄρχοντος,
255 894 350 921 nempe
363 886 412 913 viri
431 885 562 920 primarii,
580 885 670 919 qualis
683 884 844 924 Scholarius
861 885 926 916 fuit,
939 884 1022 919 juch
1040 892 1136 918 nempe
1149 884 1175 911 in
1198 885 1258 919 aula
1275 885 1419 919 imperiali.
1435 885 1512 918 Quod
1529 884 1610 912 etiam
1629 884 1654 910 in
1674 891 1722 910 ne-

89 933 167 969 gotio
185 933 247 960 ﬁdei
262 931 373 959 humani
391 931 494 964 aliquid
521 939 630 964 passus,
649 939 702 958 non
721 929 864 957 manifeste
879 929 1036 958 Graecorum
1055 929 1206 957 sententias
1226 935 1435 966 propugnassct,
1457 938 1518 957 cum
1549 930 1617 957 satis
1646 929 1719 955 desi-

89 983 188 1014 gnant,
207 986 295 1014 eoque
307 979 422 1013 pertinet
439 977 551 1012 epistola
568 985 648 1012 quam
668 976 810 1005 Emericus
835 977 956 1012 Bigotius
967 977 1066 1004 Allatio
1076 977 1298 1009 communicavit,
1312 982 1338 1004 et
1350 985 1430 1012 quam
1445 976 1545 1012 Regius
1559 977 1626 1004 alter
1638 977 1722 1016 rolcx

90 1031 288 1060 reprazscutat;
307 1025 333 1051 in
345 1032 397 1059 qua
412 1024 517 1051 Marcus
527 1024 665 1059 Ephesius
681 1023 854 1051 Seholarium
868 1023 1042 1050 vehementer
1060 1023 1198 1058 redarguit
1215 1023 1265 1057 (Ι),
1279 1023 1350 1056 quod
1366 1024 1454 1050 media
1471 1028 1497 1051 et
1509 1028 1722 1057 temperamento

90 1073 196 1106 quibus
213 1073 278 1099 unio
293 1071 349 1099 ﬁeri
362 1075 465 1107 posset,
494 1079 547 1099 non
575 1075 779 1106 aspernaretur,
808 1070 865 1098 sed.
879 1078 908 1097 ca
923 1070 1061 1105 probaret.
1086 1069 1153 1096 Nam
1185 1070 1356 1097 Scholarium
1382 1069 1546 1097 Florentiam
1566 1071 1672 1098 venisse
1689 1079 1722 1097 co

92 1117 200 1150 animo,
217 1124 273 1144 non
294 1117 353 1152 ejus
367 1117 448 1144 modo
465 1118 497 1144 ad
523 1116 698 1145 Ambrosium
713 1115 952 1143 Camaltlulcnscm
968 1115 1100 1150 Epistula,
1118 1121 1143 1143 et
1164 1115 1231 1143 Acta
1251 1114 1366 1147 Grteca,
1382 1115 1428 1143 sed
1446 1115 1596 1151 Syropulus
1613 1116 1720 1150 ipsete-

89 1169 195 1196 statur,
209 1172 273 1191 cum
292 1164 315 1191 is
329 1163 473 1191 formulam
492 1163 636 1192 refcratab
649 1164 696 1191 illo
711 1163 885 1195 delineatam,
904 1164 1053 1190 secundum
1070 1171 1150 1198 quam
1165 1164 1353 1191 controversia
1366 1163 1399 1190 de
1417 1163 1593 1198 processioue
1606 1163 1723 1197 Spiritus

89 1213 181 1240 sancti
200 1217 424 1246 componeretur.
443 1213 481 1239 Ex
500 1212 592 1239 verbis
604 1212 748 1244 chnadii,
767 1211 867 1246 quibus
883 1210 974 1237 Marco
988 1211 1155 1245 respondens
1177 1218 1287 1246 operam
1317 1218 1425 1238 omnem
1441 1218 1517 1238 suam
1534 1211 1669 1246 pollicitus
1682 1216 1724 1237 est

89 1259 123 1287 ad
142 1259 272 1289 Ecclesiae
286 1259 387 1286 Graecze
405 1259 606 1290 defensionem.
622 1259 691 1286 satis
715 1263 836 1292 apparet,
854 1258 992 1284 neminem
1017 1257 1122 1285 Latinis
1146 1257 1237 1285 minus
1258 1258 1393 1285 addictum
1419 1258 1504 1285 luisse
1529 1266 1560 1285 eo
1575 1258 1621 1293 qui
1641 1258 1720 1284 [idem

92 1305 185 1332 amico
203 1307 294 1332 datam
309 1305 515 1332 accuratissime
532 1305 668 1339 prmstitit.
692 1304 760 1332 Cum
774 1309 865 1330 autem
877 1311 959 1336 opera
977 1303 1109 1331 Gcnuadii
1128 1303 1185 1331 sive
1199 1303 1332 1331 Seholarii
1351 1305 1434 1331 multa
1456 1305 1484 1332 in
1507 1304 1602 1331 cedent
1626 1305 1722 1332 codice

91 1351 233 1386 descripta
248 1351 313 1382 sint,
327 1358 391 1385 qua:
407 1351 480 1378 illius
499 1358 560 1378 esse
580 1351 743 1378 certissimis
755 1359 787 1377 ex
809 1350 922 1378 historia
942 1351 1107 1378 testimoniis
1122 1350 1338 1383 demonstratur,
1357 1357 1455 1386 etqua:
1473 1351 1568 1379 referri
1592 1359 1645 1378 non
1661 1358 1724 1384 pos-

91 1405 159 1427 sunt
173 1401 205 1427 ad
218 1400 301 1427 alium
317 1399 352 1427 ab
363 1406 396 1426 co
407 1399 453 1433 qui
472 1407 534 1426 cum
549 1398 654 1426 Joanne
671 1399 821 1433 Pal-.eologo
837 1399 862 1425 iu
883 1398 989 1429 Italiam
1006 1398 1175 1433 navigaverit
1192 1407 1200 1426 :
1216 1406 1249 1431 ex
1262 1399 1316 1426 illis
1330 1400 1460 1427 nonnulla
1475 1404 1582 1427 exstent
1598 1401 1624 1426 iu
1640 1399 1723 1425 Brun»

91 1446 194 1473 dusiuo
209 1451 303 1472 nostro
322 1445 428 1475 codice.
440 1445 484 1480 qui
504 1445 648 1472 Ilomiliam
668 1445 701 1472 dc
718 1444 887 1471 Eucharistia
913 1448 1098 1478 repraesentat,
1110 1444 1144 1471 de
1160 1443 1231 1472 illius
1250 1444 1378 1480 αὐθεντίᾳ.
1395 1445 1428 1472 lis
1446 1445 1547 1472 umveri
1561 1464 1568 1476 ,
1591 1444 1642 1471 nisi
1674 1452 1723 1479 per

90 1498 230 1518 summam
246 1490 422 1522 calumniam,
438 1491 508 1517 nulla
521 1494 620 1525 potest.
635 1490 682 1517 llis
693 1490 867 1524 adiungimus
877 1494 998 1517 extrema
1014 1489 1096 1517 Marci
1113 1489 1226 1525 Ephesii
1242 1490 1338 1523 verba,
1352 1490 1430 1526 plena
1450 1490 1503 1517 odii
1524 1494 1551 1517 et
1563 1490 1660 1517 veneni
1676 1490 1724 1517 ad-

93 1545 191 1564 versus
206 1537 318 1565 Latinos
337 1543 363 1565 et
375 1537 508 1565 Uniouetu
522 1541 680 1565 rcnovatam
698 1544 781 1572 opera
799 1536 895 1564 lsidori
909 1536 1061 1564 cardinalis
1083 1536 1163 1572 legali
1180 1537 1334 1572 apostolici,
1350 1537 1394 1565 cui
1406 1537 1555 1572 Gregorius
1568 1535 1723 1572 patriarcha

93 1588 291 1617 cotisenserat,
305 1584 406 1619 cuique
423 1584 581 1612 Gennadius
593 1592 648 1618 pra:
660 1584 769 1611 caeteris
778 1584 935 1615 obstiterat,
953 1589 981 1611 ut
995 1583 1083 1611 Ducas
1101 1590 1230 1612 accurate
1241 1585 1363 1620 scripsit.

130 1629 240 1665 Seripta
255 1636 316 1658 sunt
330 1637 421 1658 autem
434 1631 461 1658 in
475 1639 507 1659 eo
517 1639 597 1667 quem
614 1631 737 1659 diximus
751 1630 835 1667 Regio
846 1631 951 1665 codice,
967 1639 1022 1658 non
1038 1632 1131 1660 eadem
1147 1640 1229 1660 manu
1244 1641 1297 1667 qua
1314 1633 1399 1661 codex
1417 1635 1486 1670 ipse,
1503 1633 1552 1661 sed
1567 1633 1631 1666 alia,
1645 1633 1723 1660 docta

93 1677 218 1711 quidem,
238 1684 330 1704 verum
349 1677 508 1712 ineleganti,
525 1678 614 1712 qualis
625 1685 696 1712 saepe
709 1678 830 1705 virorum
847 1677 989 1706 doctorum
1010 1686 1071 1706 esse
1087 1679 1166 1706 solet.

130 1723 263 1756 Sequitur
286 1723 447 1758 Exccrptum
463 1732 495 1751 ex
517 1724 637 1758 Epistola
654 1724 786 1751 Genuadii
807 1724 840 1752 ad
858 1724 1004 1752 Maximum
1032 1724 1201 1759 Sophianum
1223 1729 1250 1752 ct
1273 1730 1381 1765 ascetas
1406 1726 1504 1753 montis
1523 1725 1599 1758 Sina,
1626 1726 1652 1752 in
1669 1732 1721 1759 qua

96 1771 203 1798 Latinis
220 1771 358 1806 religionis
372 1780 454 1799 causa
479 1772 650 1799 venientibus
666 1776 739 1799 vetat
767 1772 824 1799 dari
843 1772 1053 1805 Eucharistiam,
1069 1772 1115 1799 sed
1133 1772 1279 1807 ἀντεδωρου
1299 1780 1346 1800 seu
1363 1781 1459 1807 panem
1472 1772 1642 1800 benedictum
1663 1773 1721 1799 dari

95 1819 254 1853 permittit:
274 1819 345 1846 unde
357 1824 430 1854 patet
447 1826 526 1854 quam
541 1826 638 1853 parum
662 1819 713 1853 ipsi
727 1827 788 1846 cum
804 1818 926 1850 Romana
947 1818 1067 1847 Ecclesia
1085 1819 1252 1848 conveniret.

279 1869 291 1877 ι

130 1908 172 1945 (1)
191 1909 257 1937 Vide
268 1909 336 1936 infra
354 1910 380 1936 in
396 1909 486 1936 Marco
503 1908 632 1944 Ephesio.
650 1907 726 1935 EDiT.

969 2020 1368 2035 ——“‘.—-—r—___—
1188 2022 1318 2027 η
1325 2023 1343 2026 λ-
1348 2023 1711 2039 *τπί-...Ὤ

418 2101 652 2169 ΠΡΟΣ
705 2102 878 2169 ΤΟΝ
917 2100 1404 2170 ΣΧΟΛΑΡΙΟΝ

726 2229 840 2272 Γ1ὈΥ
860 2229 1092 2273 ΕΦΕΣΟΥ.

347 2404 543 2451 VERBA
595 2405 775 2450 MABCl
827 2407 1068 2451 EPHESII
1135 2407 1472 2455 MORIENTIS

622 2511 672 2540 AD
698 2510 906 2542 GEORGIUM
934 2512 1196 2543 SCIlOLARlUM.

687 2590 736 2619 (Ex
754 2588 812 2614 Call.
827 2590 880 2615 MS.
896 2589 958 2615 Bibl.
972 2591 1028 2623 ηερ,
1042 2591 1122 2621 2963.)

139 2724 218 2756 Λέγω
246 2723 291 2749 καὶ
318 2724 502 2758 ὰπὴῳαῖνομαι
530 2725 594 2758 περὶ
621 2724 667 2750 τοῦ
695 2724 822 2759 ἄρχοντος
840 2724 881 2751 τοί

981 2725 1015 2753 De
1029 2723 1149 2759 principe
1162 2722 1305 2750 Scltolario
1323 2723 1379 2751 hrec
1392 2733 1448 2753 mea
1471 2731 1510 2752 est
1521 2727 1665 2753 sententia.
1681 2726 1723 2760 lp-

104 2768 264 2802 Σχολαρὶου,
280 2769 320 2795 ὅτι
335 2766 393 2795 οἶδα
410 2769 490 2795 αὐτὸν
506 2768 535 2801 ἐξ
553 2768 593 2794 ἔτι
612 2769 680 2796 πάνυ
696 2770 758 2800 νέας
772 2770 822 2804 τῆς
838 2778 846 2796 c

983 2779 998 2798 ιι
1020 2770 1166 2798 admodum
1186 2771 1311 2804 juvenem
1331 2771 1404 2804 novi,
1430 2771 1582 2807 aichtuque
1607 2773 1681 2799 llllllll
1697 2776 1723 2799 et

103 2814 149 2840 τοῦ
180 2815 301 2850 ἡλικίας,
328 2816 375 2841 καὶ
401 2815 524 2842 διάθεσιν
552 2817 599 2842 καὶ
626 2816 736 2851 ἀγάπην
765 2816 819 2851 ἔχω

979 2818 1073 2844 aritate
1102 2824 1209 2844 summa
1243 2824 1404 2852 prosequor,
1431 2823 1458 2845 et
1483 2822 1611 2852 tanquam
1639 2818 1721 2845 lilium

103 2861 192 2894 αὐτὸν,
208 2863 253 2888 καὶ
269 2861 305 2894 ὡς
329 2863 392 2897 ἐμὶν
415 2863 470 2889 υἱὸν
494 2863 539 2889 mi
558 2862 632 2895 φίλων
656 2863 758 2898 στέργω
778 2864 842 2890 αὑτό

1058 2868 1083 2892 ct
1102 2864 1218 2892 amicum
1246 2864 1348 2899 diligo,
1365 2865 1497 2894 clzaritalc
1513 2870 1613 2902 quanta
1637 2869 1725 2898 potest
1748 2891 1752 2894 ,
1767 2877 1793 2892 ρ

702 2889 707 2898 ι

155 2981 167 2988 κ
