1879 3060
33 150 73 180 Mi

522 148 704 179 EPISTOLA
733 149 782 179 DE
809 150 1174 180 P-B/EDESTINATIUNE

1596 152 1647 183 542

32 207 108 241 μηδὲν
125 206 324 241 ἀποκρίνεσθαι
343 196 408 242 περὶ
423 204 461 234 ὦν
478 207 641 241 ὲπυνθάνου,
658 208 771 243 συνήθει
787 207 815 234 δὲ

910 211 981 238 idem
999 211 1064 237 nihil
1080 210 1113 238 ad
1129 218 1160 237 ea
1176 198 1351 246 respondere,
1365 212 1398 239 de
1422 211 1521 246 quibus
1538 219 1652 246 percun-

35 254 116 287 ῐραφῇ
132 252 164 278 τὸ
176 253 225 287 τῆς
237 253 344 284 εὐνοίας
355 254 433 288 χρέος
448 253 580 288 πληροῦν.
602 253 631 280 '0
645 253 700 288 γὰρ
712 253 812 288 ἡμέτε-

32 306 71 332 ρος
88 297 185 331 καιρὸς
200 297 247 323 καὶ
266 296 477 334 τῶν“ήμετὲρων
498 297 584 333 ᾤχετο
598 298 696 332 λόγων,
713 298 813 333 μᾶλλον

32 343 56 368 δὲ
82 343 184 374 παντὸς
201 343 315 378 ἀγαθοῦ,
331 345 378 371 καὶ
399 345 439 370 δεῖ
453 344 502 379 τὴν
532 344 653 379 ἐσχάτην
675 345 814 379 ἀμορφίαν

32 389 72 415 τοῦ
87 389 186 421 γένους
201 390 229 416 ὲν
243 389 343 416 ἅπαντι
356 391 501 426 πράγματι
524 390 698 426 καθημένους
714 391 743 417 ὲν
761 399 814 424 γω-

32 434 70 469 νίᾳ
97 442 149 460 που
181 434 291 469 θρηνεῖν
316 436 415 470 σιωπῇ,
441 436 490 462 καὶ
513 435 562 470 τὴν
590 436 742 469 ἀπαγωγὴν
765 435 814 470 τῆς

32 480 152 514 τοιαύτης
168 479 334 512 ἐξαιτεῖσθαι
345 481 429 515 ζωῆς,
441 481 541 508 ὁπόταν
554 481 668 517 ἐπινεύῃ
682 481 712 507 τὸ
726 481 813 508 Θείον.

40 526 103 552 Ἀλλ’
118 527 134 561 ἠ
148 526 217 561 πρὸς
231 527 276 554 τὸν
291 527 377 561 μέγαν
391 527 530 554 Βασίλειον
541 527 622 558 αἰδὼς
638 527 816 562 κατηνάγκα-

35 579 83 596 σεν.
108 571 223 606 Ἐκεῖνῳ
247 571 339 598 τοίνυν
354 572 425 607 ἔχοις
443 573 477 600 ἂν
498 572 548 607 τὴν
565 573 653 607 χάριν,
669 574 719 608 οὐχ
740 573 815 607 ὑμῖν,

35 618 140 651 ταυτησὶ
159 617 209 652 τῆς
224 617 384 652 ἀπολογίας.

71 753 99 779 '0
125 753 177 787 μὲν
203 753 260 788 γὰρ
279 754 366 787 μέγας
394 754 444 788 τῆς
464 754 629 788 Ἑκκλησίας
657 753 818 786 διδάσκαλος

38 800 97 834 φησι
112 808 178 832 που,
205 809 214 825 ι
237 800 352 826 Θάνατοι
367 800 395 826 δὲ
413 800 576 834 ἀπάγονται,
602 800 657 827 τῶν
674 800 745 835 ὅρων
768 800 819 834 τῆς

39 846 102 879 ζωῆς
121 845 336 880 πληρωθέντων,
351 844 398 877 οὓς
413 846 478 881 περὶ
493 845 609 872 ἕκαστον
632 845 761 881 ἐπηξενή
776 845 818 872 δι-

40 892 96 917 καία
110 891 158 917 τοῦ
173 891 242 917 Θοῦ
261 891 362 926 κρίσις,
379 891 520 926 πόρρωθεν
535 891 565 917 τὸ
579 892 642 926 περὶ
657 891 731 926 ἡμᾶς
750 899 818 925 συμ-

41 938 113 972 φέρον
124 936 358 971 προϐλεπομένου.
366 946 375 963 ι
397 937 432 963 Σὺ
441 937 480 968 δὲ,
492 937 622 964 ὀσιώτατε
633 937 681 963 καὶ
694 936 817 970 φίλτατε,

40 983 140 1009 ἀκούειν
166 982 260 1016 λέγεις
288 981 404 1014 πολλῶν,
427 981 534 1014 πολλοῖς
556 982 751 1017 ἐπιχειρήμασι
782 981 820 1016 μὴ

42 1030 164 1056 θελόντων
194 1027 286 1061 τοῦτο,
300 1028 367 1063 μηδὲ
390 1028 554 1063 δεχομένων.
571 1028 652 1055 Ὅθεν
675 1028 721 1054 καί
744 1036 819 1058 τινας

41 1078 122 1104 αὐτῶν
137 1078 186 1103 τὸν
211 1077 297 1112 μέγαν
321 1077 533 1112 ὲξαιτιωμένους
558 1076 606 1102 ἐπὶ
627 1075 714 1110 τούτῳ
740 1074 821 1102 Βασί-

42 1125 114 1157 λειον,
141 1124 247 1158 λέγειν,
267 1123 305 1155 ὡς
325 1125 357 1150 ὲκ
380 1123 426 1149 τοῦ
447 1124 620 1158 παρήκοντος
645 1121 722 1148 εἶπεν
737 1121 820 1152 οὕτω,

45 1171 82 1196 tul.
96 1170 129 1196 δι’
143 1169 281 1203 ὠφέλειαν
296 1169 350 1196 τῶν
363 1169 423 1195 τότε
440 1169 544 1195 ἐκείνου
561 1168 724 1196 ἀκουόντων.
744 1164 821 1193 Εἶναι

46 1216 87 1249 μὲν
101 1215 216 1246 πολλοὺς
234 1214 297 1245 τοὺς
309 1214 394 1240 ταῦτα
410 1213 536 1248 λέγοντας
559 1213 635 1240 οὐδὲν
654 1213 822 1248 θαυμαστόν.

46 1261 79 1288 Τὰ
103 1262 155 1295 γὰρ
175 1261 235 1287 Θεῖα
261 1260 309 1286 καὶ
334 1259 424 1295 ὑψηλὰ
443 1261 491 1286 καὶ
519 1259 677 1294 φιλοσοφίας
702 1259 824 1294 γέμοντα

46 1309 100 1339 τοὺς
116 1307 234 1337 πολλοὺς
257 1305 447 1341 διαπέφευγεν.
478 1305 546 1333 υθεν
576 1305 636 1332 οὐδὲ
664 1304 717 1340 χρὴ
738 1305 825 1331 ποιεῖ-

47 1355 100 1381 σθαι
114 1355 182 1390 πρὸς
197 1355 317 1386 ὶκείνους
330 1354 409 1388 λόγον
421 1353 525 1381 οὐδένα.
539 1354 572 1380 ΣΞ
583 1353 611 1380 δὲ
623 1352 731 1384 εὐνοίας
742 1352 825 1378 ἕνεκα

47 1403 80 1436 τῷ
97 1402 209 1436 μεγάλῳ
236 1401 405 1436 συνιστῶμεν
429 1401 527 1434 Πατρὶ,
553 1401 601 1426 καὶ
622 1399 660 1434 τῷ
684 1399 733 1434 τὴν
751 1399 826 1434 ἱερὰν

49 1449 145 1475 ἐκείνου
171 1448 262 1483 ψυχὴν
279 1448 428 1481 φωτίσαντι
446 1446 597 1482 Πνεύματι.
615 1446 706 1473 Ἔστω
729 1444 768 1478 δὲ,
789 1445 828 1475 ὠς

49 1495 115 1522 αὐτοί
128 1503 222 1529 φασιν,
243 1496 274 1521 ὲκ
290 1493 337 1520 τοῦ
356 1495 526 1528 παρήκοντος
540 1492 675 1526 θεολογεϊν
695 1499 755 1518 τινα
772 1490 828 1516 τῶν

865 261 955 284 ctatus
979 256 1080 289 fueras,
1099 257 1146 284 sed
1166 261 1294 285 consueta
1311 257 1491 293 familiarique
1504 258 1652 291 scriptione

864 304 1068 332 benevolentia:
1097 304 1216 331 debitum
1246 303 1440 338 persolvendo,
1468 304 1517 332 tibi
1545 303 1652 331 satisfa-

865 359 937 379 cere.
956 350 1061 378 Etenim
1076 355 1258 385 opportunum
1284 354 1388 384 tempus
1412 353 1439 376 et
1462 351 1563 377 nostris
1588 357 1654 376 cou-

866 406 974 427 cessum
993 398 1164 426 sermonibus
1185 397 1323 433 praeteriit,
1350 398 1405 424 imo
1427 398 1515 432 potius
1533 397 1654 430 cujusvis

866 445 930 473 boni
951 444 1060 472 occasio
1079 453 1086 472 :
1103 444 1166 478 quin
1181 448 1332 470 extremam
1350 443 1438 479 gentis
1455 442 1653 469 deformitatem

868 492 897 519 in
919 491 992 518 omni
1008 491 1116 525 negotio
1129 489 1303 517 considentes
1318 489 1345 516 in
1358 489 1457 523 angulo
1469 489 1560 523 lugere
1576 488 1656 514 tacite

868 537 967 565 alicubi
983 540 1103 572 praestat,
1127 539 1154 563 et
1183 536 1370 562 avocationcm
1392 534 1425 561 ab
1447 533 1581 568 ejusmodi
1601 533 1656 559 vita

868 589 1025 617 exposcere,
1048 581 1159 616 quando
1172 580 1277 608 Numen
1294 581 1401 608 annuit.
1416 580 1467 607 Sed
1486 579 1636 607 reverentia
1649 597 1658 609 ,

868 635 920 662 qua
947 627 1076 654 Basilium
1105 627 1229 661 Magnum
1254 634 1416 660 prosequor,
1435 625 1467 653 ad
1488 624 1659 660 responden-

869 673 933 700 dum
952 673 1052 707 coegit.
1067 672 1200 705 Quocirca
1218 671 1332 707 gratiam
1351 671 1388 698 illi
1404 672 1502 699 habere
1516 676 1592 706 potes
1605 670 1658 697 hu-

867 719 912 754 jus
929 719 1075 753 Apologiaa,
1093 725 1145 745 non
1161 723 1249 745 autent
1269 717 1359 744 nobis.

907 763 1054 791 Enimvero
1077 771 1195 799 magnus
1221 764 1347 792 Ecclesiae
1371 763 1466 791 doctor
1483 762 1520 789 ait
1535 762 1632 790 alicubi
1650 770 1658 789 :

875 820 885 837 ι
905 810 1005 838 Mortes
1030 815 1120 837 autem
1144 810 1332 843 inducuntur,
1360 809 1485 837 terminis
1502 809 1564 836 vita!
1581 809 1663 835 abso-

835 874 855 903 Β
871 855 946 887 Iutis,
961 862 1029 889 quos
1045 855 1116 882 circa
1130 863 1352 890 unumquemque
1368 855 1426 882 iixit
1439 855 1540 889 justum
1560 853 1604 880 Dei
1619 853 1663 887 ju-

870 901 981 934 dicium,
994 902 1099 929 eminus
1112 902 1184 936 quod
1211 901 1288 929 nobis
1302 901 1430 929 conducit
1444 900 1660 936 prospicientis.)

871 945 910 973 Tu
926 953 1001 979 vero,
1016 946 1188 974 sanctissime
1204 951 1231 974 et
1246 946 1424 979 amicissime,
1446 947 1541 973 audire
1564 946 1664 973 multos

871 992 952 1026 dicis,
974 993 1019 1027 qui
1040 992 1163 1027 pluribus
1177 993 1228 1019 hoe
1248 993 1417 1027 argumentis
1434 992 1600 1027 improbant,
1619 999 1662 1018 re—

872 1038 961 1065 futant
976 1045 1007 1065 ac
1023 1038 1165 1072 repndiant
1182 1046 1189 1065 :
1204 1038 1269 1072 quin
1291 1039 1371 1065 etiam
1387 1045 1482 1065 eorum
1517 1037 1664 1065 nonnullos

873 1084 913 1112 ais
929 1084 963 1112 de
985 1083 1086 1112 Basilio
1100 1091 1198 1119 magno
1213 1083 1247 1110 ob
1263 1083 1289 1110 id
1314 1084 1532 1118 expostulantes,
1549 1091 1666 1117 quercu-

875 1135 976 1166 tesque“
990 1130 1081 1158 dicere
1096 1131 1184 1163 iilum,
1203 1129 1280 1165 quasi
1296 1130 1368 1157 aliud
1386 1130 1501 1165 agendo,
1517 1134 1543 1157 et
1557 1134 1666 1164 propter

873 1177 1087 1205 emolumentum
1102 1184 1196 1204 eorum
1213 1177 1259 1211 qui
1277 1181 1342 1203 tunc
1354 1177 1442 1210 ipsum
1455 1175 1612 1208 audiebant,
1628 1175 1667 1202 ita

874 1224 925 1252 hoc
936 1222 1102 1251 enuntiasse.
1118 1222 1195 1255 Quod
1211 1222 1287 1249 multi
1303 1222 1357 1249 sint
1370 1222 1414 1257 qui
1437 1222 1496 1250 haec
1515 1221 1667 1258 proferunt,

874 1269 943 1297 nihil
956 1268 1054 1295 mirum
1072 1271 1112 1296 est
1129 1277 1136 1295 :
1153 1275 1217 1294 nam
1237 1267 1327 1294 divina
1342 1271 1369 1294 et
1385 1267 1512 1295 sublimia
1527 1271 1555 1294 et
1580 1267 1669 1302 philo.

877 1315 998 1348 sophicis
1034 1313 1188 1341 rationibus
1222 1313 1358 1340 cumulata
1391 1313 1513 1347 plebeios
1546 1312 1668 1347 fugiunt.

860 1388 863 1391 ,
880 1361 971 1394 Quare
985 1367 1019 1387 ne
1039 1359 1122 1386 verba
1145 1359 1254 1393 quidem
1271 1359 1326 1386 ulla
1342 1366 1403 1385 cum
1427 1359 1460 1386 iis
1477 1358 1668 1386 commutanda

878 1409 952 1434 Sunt.
965 1405 1003 1433 Te
1023 1412 1089 1432 vero
1113 1404 1308 1432 benevolentiae
1326 1412 1407 1432 causa
1426 1412 1525 1439 magno
1541 1403 1672 1431 concilia-

879 1459 940 1478 mus
956 1450 1039 1483 Patri,
1053 1455 1081 1478 et
1097 1451 1144 1485 qui
1160 1457 1266 1477 sacram
1280 1450 1353 1477 illius
1367 1450 1486 1476 animam
1509 1449 1668 1481 illustravit,

881 1497 1006 1533 Spiritui.
1026 1497 1091 1524 Esto
1108 1504 1183 1528 sane,
1201 1502 1229 1524 ut
1243 1496 1287 1525 isti
1306 1497 1410 1529 dicunt,
1429 1497 1548 1531 aliquem
1566 1503 1580 1524 e
1599 1495 1672 1524 veris

50 1543 148 1576 ἀληθῶν
169 1541 314 1575 θεολόγων,
327 1540 394 1567 ἀλλὰ
406 1539 492 1574 ψευδῆ
508 1538 642 1572 θεολόγεῖν
656 1537 705 1572 οὐχ
718 1534 774 1563 οἷόν
788 1544 828 1568 τε,

922 1548 997 1570 tanto
1013 1543 1122 1570 nomine
1137 1543 1227 1577 dignis
1241 1542 1376 1577 theologis
1397 1542 1430 1569 de
1460 1542 1514 1569 Deo
1539 1545 1566 1569 ct
1590 1542 1672 1569 rebus

51 1588 104 1615 οὔτε
119 1587 190 1623 ττροῦ
196 1596 273 1622 ργου,
283 1586 340 1613 οὒτ’
351 1587 382 1612 ὲκ
392 1585 440 1612 τοῦ
456 1585 627 1620 παρήκοντος
639 1582 829 1616 θεολογοῡντα.

53 1636 161 1670 Ἔμελλε
188 1634 216 1661 δὲ
237 1635 268 1661 ἐκ
292 1633 338 1660 τοῦ
364 1633 535 1668 παρήκοντος
561 1630 696 1664 θεολογεῖν
719 1637 786 1655 ποτε
817 1628 831 1654 ό

53 1681 132 1716 πάσης
151 1680 291 1715 προσοχῆς
320 1679 368 1706 καὶ
389 1677 532 1713 ἀκριϐείας
557 1675 657 1706 κανὼν,
683 1673 831 1700 καὶταῦτα

54 1728 110 1761 περὶ
133 1727 266 1761 μεγίστου
289 1725 434 1760 δόγματος,
457 1724 505 1750 καὶ
532 1723 572 1753 είς
596 1721 626 1747 τὸ
641 1720 768 1755 δεύτερον
783 1719 832 1753 τῆς

55 1773 163 1804 πίστεως
194 1773 343 1806 ἀνήκοντος
367 1770 479 1805 ἄρθρον,
497 1770 545 1796 καὶ
571 1768 605 1794 δι’
622 1766 756 1802 ὠφέλειαν
777 1766 832 1792 τῶν

55 1818 199 1845 ἀκουόντων
217 1816 313 1851 ἔμελλε
331 1815 416 1850 ψευδῆ
444 1813 601 1849 προτιθέναι
618 1813 761 1847 δόγματα;
785 1810 833 1837 καὶ

55 1864 164 1898 ὠφέλεια
189 1863 245 1890 τῶν
259 1862 411 1889 ἀκουόντων
430 1860 463 1888 ἂν
481 1858 527 1895 ἦν,
543 1859 586 1886 ἵνα
605 1860 669 1894 περὶ
679 1858 709 1885 τὸ
725 1856 791 1892 ἦθός
806 1865 833 1883 τι

57 1911 166 1945 βελτίους
181 1910 329 1943 γινόμενοι,
346 1907 525 1942 ψευδοδοξῶσι
549 1906 615 1941 περὶ
630 1904 697 1932 Θεοῦ
714 1904 762 1930 καὶ
779 1904 833 1934 τῶν

56 1957 146 1989 θείων;
171 1956 219 1982 καὶ
246 1954 357 1988 ὠφελῶν
381 1953 478 1983 ἄλλους
499 1953 527 1978 ὲν
554 1952 673 1986 μικροῖς,
701 1950 834 1977 ἔϐλαπτεν

57 2003 142 2030 ὲκυτὶν
158 2006 186 2029 εν
199 2002 256 2032 τοῖς
272 2001 410 2035 μεγίστοις
424 1998 494 2025 ἑκὼν
515 1995 580 2033 περὶ
600 1997 655 2024 τῶν
672 1997 752 2024 θείων
767 1996 835 2032 ψευ-

57 2048 170 2083 ὃὸμενῡς,
190 2049 238 2074 καὶ
252 2046 338 2073 ταῦτα
354 2045 422 2080 μηδὲ
437 2045 506 2079 πρὸς
519 2044 605 2078 δῆμον
621 2043 667 2070 τδν
685 2043 763 2077 λόγον
776 2051 836 2069 ποι-

58 2096 175 2129 ούμενος,
193 2094 250 2121 ἀλλ’
267 2094 319 2128 ἰδίᾳ
333 2092 390 2120 τισὶ
406 2091 633 2126 πεπαιδευμένοις
649 2099 678 2116 τε
699 2090 748 2116 καὶ
764 2097 836 2125 παρ-

59 2142 209 2168 ακώ.ουθείν
226 2139 397 2173 δυναμένοις,
413 2140 461 2165 καὶ
488 2137 541 2173 μὴν
570 2137 653 2163 παντὶ
677 2135 836 2170 συλλογιζο-

61 2189 134 2223 μὲνῳ,
151 2188 176 2214 εί
196 2186 358 2217 καΥσκοπός
374 2186 432 2211 ὲστι
447 2184 479 2211 τὸ
502 2183 699 2218 συμπέρασμα,
714 2182 772 2209 ἀλλ’
787 2182 837 2208 οὐκ

59 2234 86 2258 ἐκ
97 2233 142 2260 τοῦ
157 2231 332 2266 παρήκοντος
345 2231 373 2256 αἱ
388 2230 536 2264 προτάσεις
554 2227 749 2262 λαμϐάνονται.
766 2227 837 2261 Πρὸς

60 2278 82 2304 δὲ
95 2279 137 2304 τὸν
162 2278 255 2311 λόγον,
277 2277 325 2303 καὶ
350 2276 400 2310 τὴν
421 2275 482 2301 κατ’
498 2273 579 2300 αὐτὸν
603 2272 731 2308 ἀλήθειαν
745 2272 838 2303 ἁπλῶς

60 2324 184 2359 δηλονότι,
199 2324 280 2351 αὗται
296 2323 343 2350 καὶ
359 2321 459 2357 μᾶλλον
472 2321 526 2347 εἰσι
554 2319 705 2355 προῦργου,
721 2319 758 2350 ὡς
774 2319 838 2346 ἄνευ

62 2371 142 2397 αὑτῶν
160 2370 292 2398 ἀδύνατον
316 2367 524 2403 συμπεραίνειν.
549 2365 577 2392 ’0
595 2365 623 2392 δὲ
645 2367 693 2400 τῆς
713 2365 840 2400 ἀληθείας

62 2417 214 2447 διδάσκαλος
226 2417 257 2442 ὲκ
269 2414 317 2441 τοῦ
331 2414 503 2449 παρήκοντος
520 2412 664 2446 ποιήσεται
679 2411 726 2438 καὶ
739 2411 841 2446 παρέρ-

64 2470 111 2494 γως
127 2463 177 2497 τὴν
195 2463 226 2488 ὲκ
239 2460 293 2486 τῶν
314 2460 393 2486 θείων
416 2459 514 2492 λογίων
530 2456 669 2489 ἀπόδειξιν
683 2465 689 2489 ;
713 2458 736 2483 εί
751 2457 778 2483 δὲ
796 2457 842 2483 καὶ

65 2508 92 2533 ἐκ
111 2508 148 2542 μὴ
177 2506 295 2541 ἀληθῶν,
324 2504 353 2531 τὺ
374 2506 466 2531 πεῖσαι
492 2504 572 2537 μόνον
600 2503 721 2534 σκοπῶν,
738 2503 778 2529 ἔτι
793 2502 842 2536 τῆς

66 2553 184 2586 ἀληθείας
205 2552 283 2578 ἔσται
308 2551 478 2583 διδάσκαλος,
494 2549 510 2584 ἢ
524 2550 663 2583 σοφιστχὴ
680 2548 841 2583 ἐναρίθμιος

68 2599 179 2632 pillei);
200 2598 232 2625 Ei
261 2598 349 2624 τοίνυν
364 2597 396 2622 ὲκ
423 2596 471 2630 τῆς
487 2595 614 2630 οὐρανίου
641 2593 844 2629 προδιατέιξεως

69 2643 124 2678 περὶ
140 2644 187 2679 τῆς
213 2642 385 2678 ἀνθρωπίνης
401 2640 471 2676 ζωῆς
496 2649 525 2666 τε
542 2641 589 2666 καὶ
613 2640 751 2673 τελευτῆς,
769 2639 839 2665 κατά

69 2697 94 2714 τε
109 2691 202 2725 χρόνον
217 2691 265 2715 καὶ
285 2689 385 2724 τρόπον
405 2689 418 2714 ὸ
435 2689 522 2722 μέγας
546 2687 625 2722 ῆοελε
650 2687 766 2718 πείθειν,
787 2686 845 2721 μεθ’

71 2736 198 2770 ὑπομονῆς
215 2736 377 2771 εὐχαρίστου
400 2736 494 2769 φέρειν
511 2734 561 2770 τὴν
581 2733 720 2768 τελευτὴν,
746 2733 846 2767 μᾶλλον

72 2782 92 2807 δὲ
114 2783 288 2817 ἀναγκάζειν,
309 2782 345 2813 ὡς
371 2782 458 2812 ἄλλως
482 2783 628 2815 μέλλοντας
655 2780 845 2814 ὰσεϐήσειν,ἢ

74 2830 109 2855 εἰν
125 2829 192 2855 θεῖον
206 2827 370 2862 ἀγνοοῦντας
395 2827 574 2863 προορισμὺν,
590 2827 606 2862 ἢ
626 2827 730 2857 εἰδότας
749 2827 795 2854 καὶ
815 2827 845 2852 οὐ

74 2876 254 2908 Ψβονῖίζηντας
272 2876 301 2901 ὲκ
331 2874 478 2909 φιλοζωίας
504 2873 606 2905 Ξαντιῐιν
625 2883 652 2900 τε
671 2874 718 2901 καὶ
739 2875 790 2900 τῶν
807 2873 846 2900 oi-

854 2212 875 2239 D

882 1589 993 1623 divinis,
1011 1597 1072 1616 cum
1088 1589 1196 1616 licentia
1209 1589 1306 1621 Supina
1321 1590 1465 1617 disserere.
1479 1588 1578 1616 Verum
1595 1587 1673 1615 nefas

881 1641 924 1663 est
943 1635 976 1662 de
1005 1635 1061 1663 Deo
1081 1635 1162 1662 verba
1187 1635 1354 1668 facientem,
1381 1634 1447 1662 falsa
1471 1635 1498 1661 in
1521 1634 1673 1669 theologica

882 1686 1009 1707 sermone
1024 1679 1179 1712 enuntiare,
1194 1679 1251 1706 sive
1269 1679 1294 1706 id
1311 1687 1326 1706 e
1341 1687 1369 1706 re
1381 1684 1407 1706 et
1418 1687 1450 1706 ex
1467 1679 1598 1713 professo,
1616 1680 1673 1706 sive

883 1725 997 1753 remisse
1016 1725 1123 1760 sibique
1149 1725 1315 1760 indulgendo
1330 1729 1401 1760 agat.
1417 1724 1457 1751 An
1475 1733 1539 1753 vero
1552 1725 1673 1752 futurqu

883 1777 951 1804 erat,
968 1776 997 1798 ut
1010 1771 1056 1806 qui
1077 1771 1169 1799 omnis
1191 1771 1350 1798 attentionis
1366 1775 1393 1798 et
1410 1774 1511 1798 exactm
1528 1771 1675 1806 diligentiae

884 1817 977 1852 regula
995 1821 1054 1851 est,
1071 1817 1104 1844 de
1122 1817 1176 1844 Deo
1193 1824 1312 1852 unquam
1339 1817 1500 1844 dissertaret
1525 1823 1622 1851 praeter
1648 1817 1675 1844 id

884 1865 955 1900 quod
976 1872 1025 1899 par
1039 1868 1080 1892 est
1097 1873 1104 1893 :
1120 1864 1203 1898 idque
1228 1863 1262 1890 de
1280 1864 1370 1898 magni
1390 1863 1519 1891 momenti
1545 1864 1674 1895 decreto,

884 1916 911 1939 et
928 1912 1001 1946 quod
1017 1911 1049 1938 ad
1064 1901 1213 1937 secundum
1232 1909 1293 1936 ﬁdei
1312 1909 1457 1937 articulum
1482 1908 1599 1936 refertur
1621 1916 1628 1935 :
1645 1917 1677 1937 ac

886 1963 995 1993 propter
1021 1956 1192 1984 audientium
1216 1956 1389 1983 commodum
1412 1955 1479 1983 scita
1497 1954 1564 1982 falsa
1580 1961 1678 1990 propo-

886 2003 981 2032 neret?
993 2011 1026 2030 an
1043 2003 1124 2030 etiam
1139 2003 1354 2029 emolumentum
1370 2000 1439 2028 foret
1450 2001 1676 2033 auscultanliutn,

886 2055 916 2078 ut
936 2057 998 2077 cum
1008 2049 1113 2076 ratione
1130 2055 1233 2076 morum
1247 2048 1405 2083 ingeniique
1423 2047 1547 2075 meliores
1563 2047 1659 2074 tierent
1670 2068 1677 2080 ,

887 2096 956 2124 falsa
971 2096 1004 2124 de
1019 2097 1073 2123 Deo
1093 2103 1125 2122 ac
1156 2095 1237 2122 rebus
1257 2093 1357 2122 divinis
1373 2094 1569 2129 opinarentur?
1584 2099 1610 2121 ct
1629 2094 1679 2121 do-

887 2145 960 2174 ctor,
978 2141 1045 2168 alios
1059 2141 1086 2167 in
1101 2140 1208 2175 exiguis
1220 2139 1352 2173 iuvando,
1372 2140 1492 2174 seipsum
1510 2139 1538 2166 in
1554 2139 1680 2166 maximis

889 2188 962 2215 ultro
979 2186 1099 2217 Iaderet,
1115 2185 1148 2212 de
1161 2184 1264 2212 divinis
1287 2184 1467 2211 mentiendo?
1482 2191 1542 2211 cum
1567 2191 1681 2218 praescr-

890 2222 940 2260 tiin
966 2232 999 2258 ad
1028 2230 1157 2266 populum
1172 2231 1256 2258 verba
1286 2237 1341 2257 non
1365 2228 1475 2261 faceret,
1489 2229 1536 2256 sed
1554 2229 1681 2264 privatim

890 2277 962 2313 apud
973 2277 1096 2304 eruditos
1106 2276 1246 2312 quesdam,
1257 2280 1283 2303 et
1293 2283 1339 2303 eos
1351 2275 1396 2309 qui
1408 2275 1537 2309 subsequi
1552 2279 1681 2309 possent:

891 2331 923 2351 ac
940 2321 1064 2358 profecto
1080 2322 1154 2349 onmi
1170 2326 1392 2357 argumentorum
1411 2320 1563 2348 rationibus
1579 2320 1683 2352 ntenti,

892 2369 1019 2404 quamvis
1036 2375 1135 2402 scopus
1150 2367 1186 2394 sit
1199 2366 1350 2399 conclusio,
1366 2374 1420 2393 non
1437 2365 1540 2392 idcirco
1558 2364 1685 2399 proposi-

893 2415 981 2442 tiones
1001 2413 1189 2448 perfunctorie
1204 2416 1232 2439 ct
1248 2411 1389 2447 neglectim
1404 2414 1548 2438 suntuntur
1566 2420 1573 2438 :
1592 2410 1638 2438 sed
1651 2410 1686 2436 ad

893 2460 1027 2486 rationem
1055 2463 1082 2485 et
1099 2458 1239 2485 veritatem
1255 2465 1315 2493 qure
1337 2457 1486 2485 secundum
1511 2457 1596 2490 ipsam
1623 2459 1687 2491 est;

895 2505 1007 2532 omnino
1023 2504 1194 2539 sumptiones
1208 2504 1247 2531 hic
1263 2503 1369 2531 scilicet
1386 2503 1471 2538 magis
1491 2510 1505 2529 e
1525 2510 1553 2529 re
1576 2506 1642 2529 sunt
1659 2503 1688 2529 et

896 2550 1053 2582 conferunt,
1066 2550 1175 2584 quando
1193 2549 1252 2576 sine
1265 2549 1329 2583 ipsis
1345 2547 1513 2583 impossibile
1523 2552 1564 2575 est
1576 2547 1687 2574 conclu-

895 2597 971 2624 dere.
989 2597 1023 2622 At
1038 2595 1159 2622 veritatis
1175 2595 1288 2622 antistes
1303 2594 1439 2622 faceretne
1454 2594 1574 2629 segniter
1590 2600 1620 2619 ac
1641 2600 1687 2619 su.

897 2650 1065 2678 pervacance
1077 2649 1092 2669 e
1105 2641 1206 2668 divinis
1218 2641 1337 2668 oraculis
1350 2641 1501 2667 institutam
1519 2640 1688 2667 demonstra-

899 2689 1019 2716 tionem?
1038 2688 1110 2723 (ιιιοά
1140 2687 1164 2714 si
1190 2686 1272 2713 etiam
1300 2694 1331 2713 ex
1358 2691 1410 2712 no"
1437 2679 1521 2719 reris,
1548 2686 1574 2712 id
1598 2685 1685 2712 solum

900 2741 1039 2770 spectans,
1054 2739 1082 2761 ut
1097 2733 1269 2769 persuadeat,
1287 2733 1389 2759 Siccine
1403 2732 1492 2759 adhuc
1507 2732 1629 2759 veritatis
1641 2731 1689 2757 do-

899 2786 958 2808 ctor
969 2781 1030 2814 erit,
1046 2789 1079 2807 an
1098 2781 1185 2816 potius
1204 2780 1229 2806 in
1241 2779 1424 2813 sophistarum
1437 2778 1527 2805 album
1542 2776 1691 2805 referetur?

901 2827 1034 2860 Quocirca
1048 2827 1097 2854 sia
1115 2825 1221 2853 caelesti
1235 2823 1485 2860 prmconstitulione
1498 2822 1532 2849 de
1548 2823 1688 2849 hominum

903 2874 955 2902 vita
968 2878 994 2901 et
1011 2873 1097 2905 obit",
1115 2872 1192 2906 juxta
1204 2876 1311 2906 tempus
1326 2875 1351 2900 ct
1367 2870 1490 2903 modum,
1508 2876 1624 2904 magnus
1643 2871 1685 2897 vir
