1879 3060
197 128 246 158 517

723 122 913 154 GENNADII
933 122 987 153 (ΣΡ,
1007 121 1266 153 ΡΛἸἫΙΑΠΟΗ.Ε

1815 117 1868 149 Lis

197 187 271 214 illico
305 184 470 216 reducendo.
500 182 632 212 hortando
657 182 838 216 solandique,
868 181 939 209 itemt

1126 193 1138 213 ι,
1158 181 1202 208 ὅτε
1212 183 1299 217 χάριν
1315 181 1480 215 ἐπιπέμπων
1498 179 1595 215 ἐνίησι,
1621 179 1667 205 τὰ
1698 178 1734 205 δι
1748 177 1800 205 διὰ
1816 185 1868 203 των

197 231 332 267 urgendo,
347 239 409 259 cum
429 230 454 258 id
472 230 593 265 expedit,
611 229 708 263 partim
727 228 841 254 latenter
856 226 987 255 obscure-

197 286 262 313 que,
280 278 379 313 partim
405 282 497 312 aperte
521 277 553 303 iis
568 275 612 311 qui
631 276 663 302 ad
683 275 740 302 hate
765 274 886 301 animum
911 274 989 300 aditi-

198 324 264 352 bent
280 333 287 351 :
319 332 350 351 ac
367 324 464 359 partint
485 322 640 350 immediate
654 325 682 348 et
699 321 804 355 absque
824 319 991 347 adminiculo

199 379 249 406 per
272 371 394 405 seipsum
418 369 547 401 alliciens,
572 368 679 402 quoties
702 367 817 402 gratiam
833 365 992 393 immittens

200 418 336 448 infundit,
373 416 470 451 partim
497 423 545 450 per
567 413 677 449 angelos
703 413 849 444 custodes,
874 418 991 447 quorum

200 464 300 498 singuli
317 464 473 491 hominibus
490 461 605 496 singulis
623 460 754 494 assignati
770 467 802 486 ac
817 457 969 494 praescripti
984 477 992 490 ,

201 510 317 537 incitant
336 508 369 536 ad
383 509 495 540 bonum,
508 512 534 534 et
544 515 559 534 a
573 507 727 533 daemonum
742 505 849 533 insidiis
862 504 993 535 liberant,

198 563 268 588 quas
283 554 390 582 occulte
410 556 520 580 struunt
540 553 566 580 in
582 553 633 580 hoc
654 552 752 579 itinere
767 559 821 586 quo
836 551 876 587 (ut
895 550 933 578 ait
946 550 996 576 Da-

199 601 258 636 vid)
285 600 496 635 proﬁciscimur,
514 607 568 626 non
595 599 692 626 animae
713 600 722 608 ⁶
739 603 866 629 tantum.
900 603 994 623 verum

199 649 280 675 etiam
313 648 374 675 vita:
400 651 501 674 nostrae
526 651 658 681 quantum
686 645 788 673 conniti
814 648 995 680 possunt:et

199 694 396 728 cogitationum
412 693 594 720 humanarum
620 691 835 718 imbecillitatem
862 689 996 717 corrobo-

200 744 275 773 rant,
288 744 316 766 ut
333 740 374 767 sic
388 739 415 766 in
435 746 534 773 genere
551 738 658 772 loquar.
675 737 768 772 Neque
795 737 866 763 euint
883 736 924 763 fus
941 738 994 768 est,

201 794 252 813 nec
265 789 371 820 oportet
387 792 418 812 ea
435 784 564 811 audacter
578 783 701 818 aggredi,
722 789 783 817 quae
809 789 858 809 nec
884 780 998 808 investi-

202 832 269 868 gari.
288 839 339 858 nec
354 839 466 858 numero
478 829 673 865 comprehendi
691 833 823 864 possunt:
837 828 901 855 dum
913 827 996 853 vitam

201 884 310 905 omnem
329 877 366 904 ita
382 876 558 904 moderantur
574 875 600 902 in
619 875 652 903 iis
667 875 700 902 ad
724 874 750 902 id
774 873 846 909 quod
862 873 996 908 optimum

201 927 253 954 cst,
269 927 298 950 ut
312 922 383 949 nulla
399 922 426 948 in
452 929 480 948 re
498 921 590 949 divina
602 921 713 948 bonitas
728 921 837 948 recedat
850 927 864 946 a
879 924 994 954 paterna

202 967 373 1004 providentia
403 966 430 994 in
456 966 568 999 liberos,
590 965 746 1001 quicunque
770 965 844 992 illam
869 965 998 992 adamarit

202 1016 304 1048 vitam;
330 1021 426 1048 parum
450 1013 620 1044 admodum,
646 1017 674 1039 et
697 1019 729 1039 ex
752 1011 811 1047 lege
827 1016 944 1043 tantum,
966 1011 999 1038 de

203 1059 328 1096 praesenti
344 1059 462 1086 solliciti.
479 1058 563 1086 Porro
584 1058 645 1086 vitae
667 1057 747 1084 tinem
770 1058 836 1092 ipsis
852 1057 975 1084 immittit
991 1075 998 1088 ,

203 1111 250 1134 aut
265 1106 329 1133 sinit
346 1105 502 1141 praeparari,
517 1105 668 1133 secundum
685 1109 791 1139 tempus
813 1108 841 1131 et
865 1104 976 1131 modum
991 1123 999 1135 ,

203 1152 248 1187 qui
266 1152 327 1179 aliis
343 1151 429 1186 ipsius
453 1151 632 1186 providentiae
648 1150 793 1185 generibus
808 1153 952 1182 consonet,
969 1153 996 1176 et

204 1199 309 1226 ueteris
325 1205 419 1225 eorum
436 1197 482 1232 qui
496 1197 723 1229 determinantur,
742 1195 883 1230 obsequiis
897 1199 924 1222 et
936 1199 998 1222 stu-

203 1245 267 1279 diis,
294 1245 392 1273 decore
419 1245 668 1279 convenienterque
693 1243 773 1271 saluti
789 1242 918 1277 propriae.
935 1241 1001 1269 Pro-

205 1298 297 1326 ptcrea
313 1291 381 1318 Deus
397 1295 424 1318 et
435 1290 578 1325 providere
592 1289 722 1317 omnibus
736 1296 796 1323 qua:
810 1289 844 1315 ab
859 1288 918 1322 ipso
929 1287 1001 1314 facta

205 1342 280 1369 sunt,
303 1336 404 1364 dicitur
426 1341 480 1364 :et
501 1335 600 1363 divinae
629 1335 807 1370 providentiae
834 1334 935 1362 bonum
966 1333 1000 1361 ad

205 1383 296 1410 omnia
310 1382 437 1417 pertinet,
451 1389 513 1417 qum
532 1381 778 1416 quomodocunque
789 1380 941 1409 exsistendi
955 1387 1001 1407 ca-

206 1430 282 1464 pacia
300 1433 365 1456 sunt
386 1437 394 1455 :
417 1430 462 1456 sed
488 1428 683 1463 praedestinare
708 1427 868 1455 rationalem
893 1430 999 1453 tantum

207 1481 346 1507 naturam,
363 1475 501 1502 hominem
518 1474 659 1506 nimirum,
674 1473 860 1501 existimatur.
885 1472 960 1499 Adeo
974 1476 1003 1499 ut

207 1523 281 1550 ident
299 1522 334 1549 sit
358 1521 384 1548 in
412 1521 524 1548 homine
544 1520 694 1552 duntaxat,
723 1519 894 1555 providentia
913 1517 960 1545 Dei
975 1521 1002 1544 et

207 1566 410 1604 pt‘mdestinatio
427 1575 434 1594 :
453 1571 572 1602 utroque
587 1567 658 1594 enim
674 1566 830 1594 declaratur
842 1566 912 1593 ratio
926 1564 1003 1593 ordi-

208 1616 251 1642 nis
272 1617 305 1641 ad
331 1613 469 1648 proprium
495 1612 577 1640 tinem
599 1611 761 1644 accedendi;
781 1612 893 1639 omnino
911 1616 1002 1639 autem

208 1666 235 1688 et
251 1659 376 1686 absolute
394 1666 446 1686 non
463 1658 532 1685 idem
547 1662 598 1691 est,
616 1657 662 1685 sed
679 1664 743 1692 pars
760 1657 937 1692 providentia:
959 1664 1005 1685 ex-

209 1710 311 1741 empta.
328 1704 430 1732 Caetera
457 1704 557 1739 quippe
579 1704 671 1731 omnia
694 1704 726 1731 ad
745 1704 825 1731 tinem
842 1703 1005 1732 ordinantur

211 1756 315 1779 natur-re
339 1758 396 1778 suae
423 1755 630 1785 congruentem,
656 1757 689 1778 ac
714 1750 850 1778 ducuntur
868 1750 958 1777 solum
976 1758 1006 1783 ιιι

210 1800 342 1823 statutum
358 1795 424 1830 ipsis
440 1799 482 1822 est
495 1795 572 1827 duci,
587 1802 640 1822 nou
659 1795 763 1822 ducunt
776 1802 806 1822 se
820 1803 826 1826 ;
844 1795 925 1822 homo
941 1802 1006 1822 vero

211 1847 273 1867 cum
291 1839 324 1866 ad
344 1839 424 1866 tinem
448 1839 624 1867 excellentem
642 1839 839 1867 determinetur
856 1847 871 1866 a
890 1839 958 1872 Deo,
979 1844 1006 1867 et

211 1893 224 1912 e
238 1885 319 1913 domo
345 1885 460 1912 ducatur
485 1886 567 1912 simul
590 1889 616 1913 et
638 1886 780 1921 adjuvetur
795 1887 828 1914 ab
844 1887 940 1922 angelo
957 1894 1007 1913 cu-

212 1932 298 1959 stode.
312 1932 405 1967 Itaque
417 1932 487 1960 sicut
502 1933 558 1967 ipse
574 1933 648 1960 solus
663 1934 738 1961 novit
754 1933 1001 1968 prmdestinandos,

212 1979 248 2006 ita
267 1983 408 2013 postquam
429 1987 442 2005 a
464 1979 617 2015 semetipsis
640 1988 750 2015 qttoque
765 1979 908 2008 intulerint
923 1988 1006 2008 omne

213 2026 283 2060 quod
298 2025 331 2052 ah
347 2025 447 2052 eximia
459 2025 604 2060 divinaque
616 2025 643 2052 in
660 2026 732 2061 ipsus
748 2025 929 2054 beneﬁcentia
945 2034 1004 2053 ma«

214 2072 330 2102 narcrit,
351 2078 468 2106 cumque
486 2072 555 2099 sciat
583 2075 612 2099 ut
628 2072 825 2100 determinaudi
841 2073 905 2106 sint,
921 2073 1006 2101 etiam

215 2122 277 2144 ante
297 2125 378 2152 quam
403 2118 595 2153 destinentur;
629 2126 679 2145 nec
704 2119 779 2153 prius
802 2122 907 2146 tantum
925 2127 1009 2154 quam

216 2164 421 2198 praedestinati,
451 2169 478 2191 et
506 2166 587 2192 tinctu
619 2165 739 2192 assecuti
764 2164 884 2198 fuerunt,
914 2173 1009 2193 verum

1041 229 1232 263 φυλαττόντων
1245 228 1382 262 ἀγγέλων,
1397 224 1434 254 ὧν
1452 228 1568 259 ἕκαστος
1590 227 1726 259 ἑκάστῳ
1746 225 1805 252 τῶν
1823 226 1867 251 ἀν-

1042 275 1160 310 θρώπων
1188 275 1401 310 ἀφωρισμένος,
1427 275 1499 301 κινεῖ
1528 274 1577 308 μὲν
1605 274 1694 308 πρὶς
1728 272 1869 305 τάγαθὸν,

1042 321 1210 348 ἀπαλλάττει
1231 320 1261 347 δὶ
1284 321 1332 355 τῆς
1347 321 1401 347 τῶν
1417 319 1555 354 δαιμόνων
1574 319 1719 353 ἐνέδρας,
1746 318 1784 352 ἣν
1803 317 1870 343 ὕπο-

1043 367 1214 402 κρύπτουσιν
1227 367 1256 393 ἐν
1268 367 1300 402 τῇ
1316 366 1368 401 ὀδῷ
1381 366 1476 401 ταύτῃ,
1491 365 1564 392 κατὰ
1579 366 1626 393 τὸν
1650 364 1766 395 Δαεὶδ,
1822 373 1872 389 πο-

1045 413 1190 448 ρευόμεθα,
1217 414 1247 440 οὐ
1269 414 1328 442 ταῖς
1352 414 1485 447 ψυχικαῖς
1500 412 1589 447 μόνον,
1619 412 1707 439 ἀλλὰ
1738 412 1792 438 καὶ
1811 413 1871 441 ταῖς

1044 459 1128 492 ζωαῐς
1144 458 1223 494 ἡμῶν
1240 459 1302 486 ὅσον
1317 459 1465 486 δύνανται*
1485 461 1533 485 καὶ
1547 460 1597 492 τὴν
1621 457 1800 485 ἀσθένειαν
1816 457 1871 483 τῶν

1047 506 1225 542 ἀνθρωπίνων
1250 505 1389 540 λογισμῶν
1404 505 1534 539 ἐνισχύει,
1555 505 1658 536 ἁπλῶς
1689 504 1808 535 εἰπεῖν.
1838 504 1868 529 οὺ

1046 553 1101 588 γὰρ
1120 550 1175 579 οἷόν
1199 552 1229 579 τέ
1249 552 1334 584 ἐστιν,
1350 551 1412 578 οὒτε
1426 551 1468 578 δεῖ
1481 552 1535 577 τῶν
1558 550 1805 584 ἀνεξιχνιάστων
1821 549 1866 575 καί

1047 599 1244 635 ἀναριθμήτων
1259 599 1432 634 κατατολμᾷν
1444 607 1453 615 ο
1466 599 1516 634 τὴν
1530 599 1579 633 μὲν
1596 598 1683 633 ζωὴν
1699 597 1809 624 πᾶσαν
1824 597 1870 622 οὖ-

1047 655 1102 678 τως
1119 645 1272 681 οἰκονομῶν
1287 645 1379 676 αὐτοῖς
1396 645 1464 679 πρὸς
1481 644 1511 671 τὸ
1527 644 1691 679 βέλτιστον,
1713 643 1759 674 ὡς
1781 643 1870 677 μηδὲν

1047 693 1096 728 τὴν
1113 692 1191 719 θείαν
1206 692 1362 727 ἀγαθότητα
1378 692 1427 727 τῆς
1451 691 1589 727 πατρικῆς
1613 690 1769 725 προνοίας
1789 690 1870 715 ἐκλε-

1048 739 1172 766 λοιπέναι
1202 739 1260 770 τοῖς
1286 738 1404 770 τέκνοις,
1434 738 1529 764 ὀπόσοι
1554 738 1604 772 τῆς
1627 737 1720 772 ζωῆς
1754 735 1869 768 ἐκείνης

1049 786 1144 821 ἐρῶσι,
1162 786 1210 820 τῆς
1225 784 1367 820 παρούσης
1383 785 1462 819 ὀλίγα
1475 785 1524 811 καὶ
1539 783 1610 811 κατὰ
1635 784 1736 817 νόμον
1755 781 1870 816 φροντὶ-

1050 832 1153 864 ζοντες.
1168 831 1205 858 Τδ
1217 832 1246 859 δὲ
1259 832 1310 865 τῆς
1328 831 1401 866 ζωῆς
1421 831 1497 862 τέλος
1516 831 1607 862 αὐτοῖς
1631 829 1835 862 ἐπιπέμπων,
1849 827 1865 862 ἧ

1049 877 1312 913 παρασκευάζεσθαι
1340 877 1491 913 συγχωρῶν
1512 877 1582 903 κατὰ
1608 885 1639 902 τε
1675 875 1792 910 χρόνον
1821 874 1867 899 καὶ

1049 926 1160 960 τρόπον,
1180 922 1236 952 οἷον
1251 924 1284 951 ἂν
1297 924 1404 958 γένοιτο
1417 924 1477 954 ταῖς
1490 922 1586 954 ἄλλαις
1598 921 1692 948 αὐτοῦ
1715 920 1864 956 προνοίαις

1034 975 1039 980 ‘
1051 968 1175 1005 ἃυνᾷδον.
1192 969 1260 1004 πρὶς
1271 969 1301 996 τὸ
1313 968 1443 1000 καθάπαξ
1456 967 1598 1002 ὁρισθῆναι
1615 965 1723 997 καλῶς
1740 965 1793 991 καὶ
1806 966 1865 994 ταῖς

1050 1016 1104 1042 τῶν
1132 1016 1300 1051 ὁριζομένων
1329 1014 1588 1050 παρακολουθήσεσι
1615 1010 1668 1039 καὶ
1707 1012 1861 1042 σπουδαῖς,

1051 1061 1121 1096 ὑπὲρ
1135 1063 1184 1096 τῆς
1211 1062 1314 1092 οἰκείας
1331 1059 1470 1095 σωτηρίας
1495 1059 1677 1095 πρεπόντως.
1697 1058 1756 1084 Διὰ
1775 1056 1861 1083 ταῦτα

1050 1109 1098 1134 καὶ
1114 1108 1238 1142 προνοεῖν
1263 1107 1313 1140 μὲν
1334 1107 1463 1134 ἁπάντων
1480 1107 1494 1133 ὸ
1510 1106 1575 1137 Θεδς
1592 1106 1715 1139 λέγεται
1740 1103 1801 1129 τῶν
1818 1100 1862 1128 ὑπ’

1051 1155 1142 1182 αὐτῶν
1155 1156 1318 1189 γεγονότων,
1336 1155 1382 1180 καὶ
1397 1153 1426 1180 τὸ
1441 1153 1491 1188 τῆς
1504 1153 1578 1183 eam
1594 1152 1737 1187 προνοίας
1756 1149 1860 1183 ἀγαθὸν

1052 1201 1092 1233 είς
1107 1201 1196 1227 πάντα
1212 1201 1301 1236 διήκει
1319 1201 1353 1227 τὰ
1367 1200 1493 1227 ὁπωσοῦν
1506 1199 1554 1226 τοῦ
1578 1196 1649 1225 εἶναι
1678 1198 1842 1233 μετέχοντα
1852 1202 1858 1208 ·

1052 1247 1209 1283 προορίζειν
1225 1247 1254 1274 δὲ
1270 1247 1320 1282 τὴν
1340 1247 1454 1282 λογικὴν
1469 1246 1552 1280 φύσιν
1574 1246 1658 1281 μόνον
1677 1245 1731 1272 τὸν
1753 1243 1859 1277 ἄνθρω-

1053 1303 1114 1321 πον.
1133 1293 1178 1325 Ὠς
1193 1291 1264 1321 εἶναι
1288 1294 1388 1320 ταυτὸν
1408 1293 1457 1328 μὲν
1478 1291 1522 1318 ἐπ’
1538 1291 1691 1328 ἀνθρώπου
1722 1296 1859 1325 ,προνωαν

1053 1339 1122 1366 Θεοῦ
1139 1340 1187 1366 καὶ
1209 1339 1391 1374 προορισμὺν,
1411 1338 1534 1373 ἐκατέρῳ
1549 1338 1604 1373 γὰρ
1621 1338 1634 1364 ὁ
1656 1337 1748 1370 λόγος
1764 1333 1858 1370 δηλοῦ-

1053 1393 1097 1412 ται
1120 1385 1170 1420 τῆς
1183 1385 1222 1416 είς
1239 1385 1270 1411 τδ
1293 1385 1393 1412 οἰκεῖον
1409 1384 1513 1416 τάξεως
1526 1384 1601 1414 τέλος
1614 1391 1621 1398 ·
1639 1383 1744 1412 ἁπλῶς
1769 1381 1811 1410 δὲ.
1827 1380 1856 1406 οὔ

1053 1431 1162 1463 ταυτὸν,
1184 1431 1253 1458 ἀλλὰ
1274 1431 1357 1466 μέρος
1381 1430 1431 1466 τῆς
1453 1431 1582 1465 προνοίας
1595 1429 1790 1466 ἐξῃρημένον.
1816 1427 1853 1452 'l‘i

1056 1477 1105 1511 μὲν
1122 1477 1177 1512 γὰρ
1192 1476 1260 1503 ἄλλα
1278 1476 1420 1504 τάττονται
1433 1476 1500 1511 πρὸς
1517 1476 1592 1507 τέλος
1607 1477 1640 1510 τῇ
1656 1474 1758 1502 αὐτῶν
1777 1473 1855 1508 φύσει

1055 1522 1209 1556 σύστοιχον,
1234 1521 1282 1548 καὶ
1300 1521 1413 1555 ἄγονται
1440 1520 1522 1555 μόνον
1541 1520 1580 1552 ὡς
1604 1520 1770 1555 ἐτάχθησαν
1793 1519 1855 1552 ἄγε-

1057 1567 1130 1601 σθαι,
1148 1567 1199 1594 οὐκ
1214 1566 1328 1601 ἄγουσιν
1345 1566 1430 1593 ἑαυτά
1441 1574 1448 1581 ·
1467 1566 1610 1600 ἄνθρωπος
1628 1565 1655 1592 δὶ
1687 1565 1762 1600 πρὸς
1780 1564 1854 1593 τέλος

1057 1613 1205 1648 ὑπερφυὲς,
1221 1611 1379 1647 ᾲριζόμενος
1393 1611 1442 1647 μὲν
1458 1612 1510 1638 ὑπὸ
1523 1611 1591 1638 6εοῦ
1608 1611 1680 1646 πρὸς
1696 1611 1732 1638 αὑ
1740 1611 1795 1641 τὸν,
1811 1610 1854 1635 καὶ

1057 1658 1163 1686 οἴκοθεν
1185 1658 1214 1685 δὲ
1230 1657 1364 1693 ἀγόμενος
1379 1657 1448 1693 ἅμα,
1466 1659 1513 1685 καὶ
1537 1658 1647 1694 ἀγγέλῳ
1667 1658 1776 1694 φύλακι
1795 1657 1853 1692 ﬁori-

1058 1706 1206 1740 θούμενος·
1221 1706 1260 1738 ὼς
1280 1705 1327 1732 οὖν
1353 1706 1435 1737 αὐτὸς
1459 1706 1538 1741 μόνος
1556 1706 1635 1738 εἰδὼς
1658 1707 1729 1737 τοὺς
1744 1705 1852 1741 ὁρισθη-

1058 1753 1201 1788 σομένους,
1215 1752 1311 1785 οὕτως,
1327 1752 1437 1779 ἐπειδὰν
1461 1753 1508 1779 καὶ
1525 1753 1555 1779 τὸ
1577 1752 1642 1787 παρ’
1654 1753 1769 1779 ἑαυτῶν
1785 1752 1850 1778 εἰσε-

1058 1801 1194 1835 νέγκωσιν
1208 1800 1292 1834 ἅπαν,
1311 1801 1343 1835 τῇ
1361 1800 1421 1835 Θείᾳ
1444 1799 1508 1835 περὶ
1527 1800 1626 1832 αὐτοὺς
1649 1800 1702 1826 καὶ
1721 1797 1850 1834 ὑπερφυεί

1058 1847 1146 1882 δωρεᾷ
1159 1854 1166 1863 ·
1193 1847 1241 1874 καὶ
1258 1846 1347 1879 είδὼς,
1363 1847 1402 1879 ὡς
1422 1846 1626 1882 ὁρισθήσοντιι,
1643 1847 1694 1873 καὶ
1720 1846 1786 1880 πρὶν
1799 1845 1847 1878 ὁρι-

1060 1892 1166 1925 σθῆναι.
1193 1892 1260 1919 Οὐδὲ
1279 1893 1344 1927 πρὶν
1359 1892 1502 1927 ὁρισθῆναι
1518 1893 1608 1926 μόνον,
1624 1892 1673 1918 καὶ
1699 1891 1748 1918 τοῦ
1764 1889 1848 1918 τέλους

1060 1940 1150 1974 τυχεῖν
1162 1946 1170 1955 ο
1186 1939 1253 1965 ἀλλὰ
1276 1939 1324 1966 καὶ
1341 1939 1407 1973 πρὶν
1421 1939 1520 1969 αὐτοὺς
1537 1937 1683 1972 γεγονέναι
1709 1937 1758 1964 καὶ
1772 1934 1845 1966 εἶναι,

1060 1983 1217 2019 προορίζειν
1239 1984 1358 2018 λέγεται.
1374 1984 1429 2011 Καὶ
1452 1985 1657 2019 προωρισμένοι
1676 1985 1760 2013 πάλιν
1781 1979 1846 2010 οὗτοι

1061 2029 1218 2058 καλοῦνται.
1238 2030 1293 2057 Καὶ
1320 2029 1458 2064 προώρισε
1478 2030 1527 2064 μὲν
1542 2030 1664 2065 σωθῆναι
1688 2031 1753 2062 τοὺς
1767 2027 1845 2059 σωζο-

1062 2075 1170 2110 μένους,
1186 2075 1281 2110 ὥσπερ
1296 2073 1344 2101 καὶ
1365 2074 1462 2106 σώζει*
1488 2074 1570 2107 σώζει
1587 2076 1625 2108 δὲ,
1645 2076 1685 2108 ὡς
1703 2076 1751 2103 καὶ
1767 2073 1843 2106 σωθῆ-

1061 2130 1106 2147 ναι
1117 2120 1273 2155 προώρισεν
1286 2127 1293 2135 ·
1313 2119 1407 2154 ὥσπερ
1422 2119 1455 2147 αὖ
1470 2121 1494 2147 οἱ
1511 2121 1638 2155 καθάπαξ
1654 2121 1843 2158 ἀφηνιάζοντες

1060 2168 1110 2202 τῆς
1127 2165 1194 2202 πρὸς
1211 2165 1257 2192 τὸν
1281 2166 1344 2200 ὂρον
1356 2166 1428 2198 ὀδοῦ,
1446 2166 1462 2202 ἦ
1487 2167 1690 2202 πλαγιάζοντες
1714 2168 1788 2195 ἔνθεν
1801 2166 1843 2192 κᾶ-

215 2210 295 2236 cliam
312 2209 470 2244 priusquam
486 2210 537 2245 ipsi
555 2212 610 2238 nati
627 2214 691 2238 sunt
705 2211 892 2245 existuntque,
905 2219 957 2247 pne

1099 2212 1152 2239 ίοεν
1166 2211 1286 2246 ἑκόντες,
1302 2212 1349 2239 καὶ
1363 2211 1414 2248 τὴν
1431 2213 1478 2239 τοῦ
1495 2213 1563 2240 Θεοῦ
1584 2213 1649 2250 περὶ
1665 2214 1766 2246 αὐτοὺς
1782 2213 1841 2240 ἀκυ-

221 2257 324 2283 stinare
352 2257 462 2284 dicitur.
488 2257 526 2284 Ac
555 2257 739 2292 prmdcstiuati
771 2265 867 2285 rursus
901 2258 928 2285 hi
961 2265 1009 2285 vo-

218 2308 326 2330 cantur.
358 2304 391 2331 Et
409 2303 615 2338 pradeslinavit
630 2302 738 2337 quidem
761 2310 809 2331 eos
830 2303 875 2337 qui
899 2311 1012 2331 servan-

217 2353 260 2376 tur
292 2349 441 2376 servandos
468 2356 550 2381 esse,
583 2348 814 2384 quemadmodum
844 2349 925 2376 etiam
952 2355 1012 2376 ser-

218 2399 261 2422 vat
280 2403 286 2421 :
306 2402 386 2429 porro
398 2395 490 2422 salvos
508 2394 584 2425 facit.
605 2399 634 2420 ut
651 2398 678 2421 et
703 2395 855 2422 servandos
871 2395 1012 2429 prmdesti-

218 2445 300 2468 IlthL
317 2440 443 2474 Proinde,
476 2445 505 2467 ut
521 2439 566 2474 qui
585 2447 613 2466 se
637 2440 810 2472 exorbitant,
836 2440 984 2467 deﬂectunt
998 2449 1013 2467 a

219 2488 259 2513 \‘ia
274 2487 305 2513 ad
317 2487 463 2514 terminum
473 2486 599 2519 ducente,
612 2490 659 2512 aut
670 2486 835 2520 obliquando
844 2491 940 2521 sponte
951 2486 1015 2514 hinc

219 2533 292 2566 inde,
312 2541 343 2559 ac
362 2533 406 2560 Ilei
428 2540 489 2567 erga
507 2532 580 2566 ipsos
596 2531 716 2558 studium
737 2532 843 2559 irritum
864 2532 1013 2566 reddendo,

221 2580 305 2614 quod,
320 2583 349 2605 ut
363 2578 491 2606 destinari
506 2582 616 2612 possent
638 2585 669 2605 ac
687 2578 897 2612 praedestinandi
912 2584 1014 2612 essent,

222 2627 309 2653 tnodis
325 2624 454 2653 omnibus
471 2624 628 2652 ostendunt.
668 2624 763 2660 Itaque
788 2633 802 2651 a
820 2625 903 2652 limite
920 2626 1016 2654 merito

221 2673 391 2703 excidentes,
403 2671 587 2706 rrprobautur
598 2670 691 2705 utique
703 2676 813 2706 propter
825 2672 941 2707 seipsos,
955 2681 1017 2700 cum

222 2718 332 2747 occasio
348 2718 414 2753 ipsis
429 2726 459 2745 se
473 2718 604 2745 obtulerit
619 2718 785 2752 experientia
801 2719 862 2746 linis
878 2719 1018 2754 repulsam

223 2764 418 2798 cognoscendi.
430 2763 490 2791 Jam
506 2771 570 2790 vero
581 2772 595 2790 ιι
607 2763 662 2791 Deo
675 2764 822 2799 reprobati,
835 2765 916 2792 etiam
930 2766 1019 2800 prius-

225 2819 306 2845 quam
325 2810 434 2845 luerint,
447 2812 600 2845 exsistunt;
614 2820 666 2839 non
684 2811 756 2847 quod
772 2813 798 2839 in
819 2813 1018 2847 sempiternum

226 2857 372 2886 reurubare
398 2857 471 2890 velit,
488 2858 534 2886 sed
556 2858 626 2890 quod
653 2858 822 2892 prtcscicnlia
851 2859 974 2892 ιιι-περίτι
992 2859 1021 2888 in

1063 2257 1174 2293 ροῦντες
1200 2258 1330 2294 σπουδὴν,
1345 2259 1379 2294 ἣν
1395 2259 1433 2291 ὡς
1451 2260 1484 2286 ἂν
1512 2260 1646 2296 ὁρίζοιντό
1663 2270 1693 2287 τε
1721 2261 1766 2288 καὶ
1791 2260 1840 2293 ὀρι-

1063 2304 1162 2338 σθετεν,
1175 2305 1243 2331 πᾶσι
1269 2305 1382 2340 τρόποις
1410 2306 1606 2335 ἐνδείκνυνται.
1632 2308 1687 2334 Καὶ
1703 2307 1772 2334 οὕτω
1801 2303 1841 2330 τνιῦ

1063 2350 1127 2385 ὅρου
1146 2351 1261 2383 δικαίως
1276 2351 1467 2385 ἐκπίπτοντες,
1486 2354 1736 2389 ἁποδοκιμάζονται
1753 2354 1797 2388 μὲν
1811 2351 1839 2377 δι’

1065 2397 1189 2430 ἑαυτοὺς,
1205 2398 1317 2425 ἐπειδὰν
1339 2400 1353 2425 ὁ
1369 2400 1466 2435 καιρὸς
1480 2400 1571 2432 αὐτοῖς
1587 2401 1684 2436 ἐπιστῇ
1708 2401 1754 2428 τοῦ
1771 2399 1840 2432 πείρᾳ

1065 2443 1166 2477 γνῶναι
1182 2444 1232 2480 τὴν
1247 2446 1294 2472 τοῦ
1319 2446 1414 2477 τέλους
1432 2446 1588 2480 ἀπότευξιν.
1606 2448 1652 2481 Τῷ
1668 2448 1696 2474 δὲ
1709 2448 1766 2482 Θεῷ
1779 2454 1838 2480 προ*

1066 2491 1348 2526 αποδεδοκιμασμένοι
1366 2493 1412 2519 καὶ
1429 2493 1495 2527 πρὶν
1509 2494 1637 2527 γενέσθαι
1663 2495 1817 2529 τυγχάνουσι
1833 2511 1838 2522 ,

1067 2536 1115 2570 οὐχ
1142 2535 1179 2568 ὡς
1204 2537 1320 2569 altovid);
1345 2538 1561 2573 ἀποδοκιμάζειν
1585 2539 1714 2571 ἐθέλοντι,
1743 2537 1837 2567 ἀλλ’ὡς

1067 2582 1183 2614 αἰωνίω;
1212 2583 1556 2620 ἀποδοκιμασθησομένους
1582 2585 1675 2618 ειδότι,
1700 2586 1744 2612 καὶ
1762 2585 1837 2610 πᾶσαν

1068 2628 1117 2662 τὴν
1131 2629 1194 2663 περὶ
1209 2629 1309 2661 αὐτοὺς
1321 2630 1519 2665 ἀκυρώσαντας
1535 2631 1581 2658 τοῦ
1597 2631 1666 2658 θεοῦ
1688 2632 1732 2658 καὶ
1748 2629 1835 2663 Πατιίς

1071 2676 1209 2710 πρόνοιαν,
1227 2677 1275 2702 καὶ
1293 2676 1344 2712 τὴν
1359 2677 1427 2712 πρὸς
1444 2678 1474 2703 τὸ
1490 2679 1581 2712 τυχεῖν
1596 2678 1645 2705 τοῦ
1662 2679 1753 2709 τέλους
1769 2684 1834 2702 σπου-

1071 2721 1129 2757 δήν.
1156 2722 1237 2749 ama
1251 2722 1338 2749 ταῦτα
1353 2723 1403 2758 μὲν
1419 2723 1487 2755 ἰδίας
1505 2725 1552 2750 καὶ
1569 2725 1692 2760 μεγάλης
1711 2717 1786 2751 δεῖται
1798 2720 1834 2754 τῆς

1071 2767 1274 2802 πραγματείας.
1294 2769 1374 2795 Ὶτέον
1389 2769 1418 2795 δὲ
1441 2769 1489 2795 νῦν
1506 2769 1552 2796 ἐπὶ
1567 2770 1596 2796 τὸ
1614 2771 1791 2805 προκείμενον.
1803 2763 1833 2792 Οὔ

1071 2814 1125 2849 γὰρ
1144 2815 1206 2849 περὶ
1221 2814 1268 2841 τοῦ
1292 2815 1366 2842 Θείου
1381 2815 1552 2850 προορισμοῦ
1576 2816 1725 2848 διαλαϐεῖν,
1742 2813 1799 2842 ἀλλὰ
1812 2810 1832 2836 τί

1073 2859 1248 2903 xiv-hama?)
1267 2861 1355 2895 μέγαν
1372 2861 1505 2894 φωστῆρα
1525 2861 1609 2894 δεῖξαι
1624 2859 1778 2895 βουλόμεθα.
