1879 3060
27 165 77 195 519

509 154 689 185 EPISTULA
709 153 770 183 DE‘
785 151 1158 184 PRI’EDESTINA'l‘IUNE.

1603 148 1655 180 550

25 226 100 247 onme
125 224 216 245 aevum
241 213 437 251 rcprobandos,
462 219 625 246 omnemque
648 218 710 245 erga
735 209 809 243 ipsos
835 209 882 236 Dei
898 208 987 237 Patris
999 213 1026 236 et
1046 209 1200 236 ServatOris
1231 207 1427 243 providentiam
1457 207 1560 234 irritam
1589 206 1655 234 ειπε-

26 273 115 294 cturus
129 274 162 293 ac
181 265 302 293 studium
324 263 358 290 ad
383 263 462 290 ﬁnem
480 259 691 295 assequendum.
709 257 810 286 Verum
840 257 898 285 haec
921 257 1051 291 peculiari
1091 264 1245 292 magnoque
1268 257 1390 291 indigem
1421 259 1539 282 tractatu
1557 262 1563 280 ε
1583 261 1657 280 nunc

27 315 56 341 ad
72 313 244 348 propositum
266 310 449 338 accedendum
470 312 521 335 est.
538 306 643 335 Etenim
661 314 714 332 non
730 305 762 332 de
775 305 864 332 divina
881 305 1120 339 pratdestinatione
1134 304 1348 339 disputationem
1365 303 1520 334 instituere,
1533 301 1578 329 Sed
1591 301 1657 336 quid

28 352 153 392 magnum
174 358 266 385 lumen
285 354 406 382 incilarit
421 352 565 380 ostendere
585 351 721 379 volumus.

65 405 128 430 Ἐπὶ
144 402 252 432 τούτοις
265 401 316 435 ἢδη
332 399 432 430 καλῶς,
447 397 602 424 σκοπείσθω
620 395 674 431 γὰρ
697 396 756 431 ἅμα
768 393 816 421 καὶ
833 394 852 424 Λ

29 449 193 480 τούναντίον,
211 448 251 478 εἰς
273 446 359 480 μείζω
378 445 427 478 τῆς
452 443 581 478 ἀληθείας
602 442 760 477 βεϐαίωσιν,
779 440 818 471 ὡς

29 497 80 531 ἄρα
94 495 147 528 τῆς
171 493 345 528 ἀνθρωπίνης
360 492 431 524 ζωῆς
451 498 480 516 τε
496 490 543 516 καὶ
565 488 705 522 τελευτῆς,
721 495 818 522 προαι-

31 543 102 578 ρέσει
115 550 146 568 τε
166 540 257 567 αὐτῶν
269 538 317 566 καὶ
334 538 414 573 φύσει
430 537 477 563 καὶ
492 535 561 571 τύχῃ
574 534 817 568 καταλειπομένων

31 588 59 614 ἂν
76 585 216 618 καθάπαξ,
239 585 256 620 ἢ
276 585 322 610 καὶ
340 584 410 618 μόνῃ
436 583 469 617 τῇ
487 583 564 616 κοινῇ
591 581 638 608 καὶ
655 579 818 615 προτκαίρῳ

34 634 93 668 περὶ
107 633 142 660 τὰ
157 632 249 664 ζῶντα
267 631 356 657 πάντα
378 625 502 666 προνοίᾳ,
519 628 660 664 οἰχήσεται
677 627 726 661 μὲν
740 627 756 661 ἡ
772 625 820 652 τοῦ

33 680 85 710 τοῖς
102 675 260 712 ἀνθρώἑοις
275 676 404 711 κειμένου
417 675 509 706 τέλους
524 673 670 706 ὲπίτευξις.
684 671 721 698 Οὒ
736 671 820 698 καϐά-

34 725 86 757 παξ
99 725 178 755 ὄντος
194 724 363 760 ὑπερφυοῦς,
383 723 470 753 οὐδεὶς
485 720 557 755 αὐτῷ
576 719 761 754 προσαχθῆναι
777 717 820 744 δύ-

35 780 123 804 ναται,
138 771 176 806 μὴ
190 770 236 796 τοῦ
250 769 363 804 θεμένου
379 777 408 794 τε
422 769 469 794 καὶ
484 767 624 800 ὁρίσαντος
636 765 725 799 τούτῳ
739 772 822 798 προσ-

35 819 155 851 άγοντος,
177 817 218 852 τῷ
238 816 312 842 λύειν
326 815 375 849 τὰς
398 814 498 845 πολλὰς
514 813 632 839 ἐνταῦθα
649 811 820 846 δυσχερείας,

37 865 79 891 καὶ
95 862 244 892 τοσαύταις
259 862 317 892 ταῖς
334 860 494 896 εἰρημέναις
511 858 642 893 μεοόδοις.
664 857 718 884 Καὶ
733 857 822 891 μάτην

38 902 82 944 μὲν
98 909 232 941 Μωῡσῆς,
252 909 298 934 καὶ
312 909 325 934 ὁ
344 906 378 934 δι’
393 905 476 933 αὐτοῦ
502 903 706 938 παιδιγωγικὺς
729 900 821 937 νόμος,

38 955 100 990 πρὸς
121 953 208 987 μείζω
222 951 389 986 τεταγμένος
408 951 487 986 νόμον
505 951 552 977 καὶ
568 948 734 983 τελεώτερον
746 955 753 962 ο
774 946 824 981 μά-

37 1009 83 1035 την
113 1000 142 1026 δὲ
157 1000 233 1025 πᾶσα
249 999 266 1033 ὴ
283 998 346 1033 περὶ
372 997 421 1031 τῆς
438 996 492 1022 τῶν
515 995 669 1029 ἀνθρώπων
685 993 824 1028 σωτηρίας

39 1045 151 1080 σπουδὴ,
170 1044 321 1079 συλλήϐδην
345 1044 443 1071 είπεῖν.
459 1043 497 1070 Οὐ
519 1042 574 1077 γὰρ
588 1041 629 1067 δεῖ
648 1040 709 1067 καθ’
722 1040 825 1066 ἕκαστα

38 1093 137 1127 λέγειν.
161 1093 190 1119 ’0
214 1092 242 1118 δὲ
258 1092 328 1123 Gaio;
354 1090 522 1126 προορισμδς
545 1089 596 1115 οὐκ
619 1088 696 1114 ἔσται
719 1086 823 1118 λοιπὸν,

38 1139 72 1170 ὼς
87 1139 150 1165 οὔτε
169 1138 260 1169 αὐτοῖς
276 1136 460 1172 προσάγοντος
476 1134 547 1161 κατὰ
569 1132 664 1168 καιρὸν
678 1131 776 1162 αὐτοὺς
789 1130 826 1164 τῷ

40 1185 92 1219 ὅρῳ
109 1183 156 1210 καὶ
172 1183 211 1218 τῷ
229 1182 322 1217 σκοπῷ
335 1190 342 1196 ·
358 1181 415 1208 οὔθ’
431 1179 519 1213 ἐαυτῷ
535 1178 686 1214 πόρρωθεν,
703 1177 750 1203 καὶ
762 1176 826 1210 πρὶν

41 1229 166 1264 γενέσθαι
181 1229 280 1260 αὐτοὺς
303 1227 535 1263 προσαγηοχότος.
558 1225 588 1251 Ἦ
607 1224 634 1250 δὲ
645 1223 705 1250 θεία
728 1230 826 1249 συναν-

42 1275 215 1310 αιρεθήσεται
253 1274 367 1309 πρόνοια
405 1272 434 1298 οὐ
462 1270 516 1297 τῶν
542 1269 721 1304 ἀνθρωπίνων
743 1267 828 1302 ,μόνον

43 1319 224 1355 πραγμάτων,
239 1319 306 1345 ἀλλὰ
321 1320 368 1345 καὶ
384 1317 493 1345 πάντων
506 1315 609 1350 σχεδόν.
625 1314 681 1348 Τὴν
697 1313 752 1347 γὰρ
767 1320 829 1338 ποι-

44 1365 198 1400 κιλωτάτην
214 1365 260 1391 καὶ
275 1362 436 1398 σοφωτάτην
451 1361 505 1388 τῶν
530 1359 708 1395 ἀνθρωπίνων
725 1357 829 1392 διοίκη-

43 1421 83 1439 σιν
97 1412 174 1443 τέλος
186 1412 204 1446 ἡ
216 1410 338 1446 ἡμετέρα
353 1409 443 1439 πίστις
465 1409 511 1434 καὶ
525 1407 630 1442 καρπὸν
646 1406 765 1432 ποιεῖται
780 1404 829 1439 τῆς

43 1456 233 1492 ἁπλουστέρας
246 1454 295 1482 τοῦ
311 1455 411 1486 παντὸς
422 1454 594 1489 διοικήσεως.
615 1451 693 1478 Ἐπεὶ
706 1451 755 1477 καὶ
766 1449 831 1476 ὑπο-

43 1502 188 1538 τεταχέναι
205 1503 220 1528 ὁ
239 1501 304 1533 Θεὸς
330 1501 439 1534 λέγεται
461 1499 500 1534 τῷ
520 1497 659 1534 ἀνθρώπῳ
675 1497 766 1524 πάντα
779 1496 831 1522 ὑπὸ

44 1551 107 1581 τοὺς
129 1548 212 1579 πόδας
228 1547 320 1581 αὐτοῦ,
346 1547 384 1578 ὡς
399 1546 444 1573 ἐπὶ
467 1546 522 1577 τοῖς
549 1544 640 1580 ἔργοις
658 1543 712 1570 τῶν
731 1542 831 1578 χειρῶν

46 1594 126 1622 αὐτοῦ
137 1594 315 1626 καταστάντι,
330 1593 374 1620 καὶ
389 1592 475 1627 βραχύ
490 1600 515 1618 τι
525 1590 592 1626 παρ’
605 1590 737 1624 ἀγγέλους
751 1589 832 1624 ἠλατ-

45 1641 172 1676 τωμένῳ.
189 1639 236 1666 Διὸ
251 1638 358 1673 καὶτῆς
374 1638 428 1664 τῶν
445 1637 596 1673 ἀνθρώπων
613 1636 746 1670 γενέσεως
762 1642 835 1661 παυ-

50 1687 178 1722 σομένης,
195 1686 242 1712 καὶ
254 1686 271 1721 ἡ
284 1685 338 1712 τῶν
359 1684 494 1719 οὐρανίων
526 1682 764 1710 συναναπαύσεται
791 1681 833 1708 κί-

51 1741 137 1768 νησις,
162 1731 197 1758 τὰ
227 1731 286 1758 θεῖὰ
308 1738 375 1766 φασι
404 1730 497 1764 Γόγια,
513 1729 550 1760 ὡς
578 1728 669 1764 ἐκείνῃ
695 1727 834 1763 προῦργου

50 1777 207 1813 τεταγμένη
234 1776 364 1803 δουλεύιν.
395 1775 478 1802 Ἀλλὰ
498 1775 532 1801 τὰ
560 1774 610 1808 μὲν
641 1773 709 1801 ἄλλα
733 1774 832 1808 ἐῶμεν.

51 1826 117 1862 Περὶ
132 1826 161 1852 δὲ
174 1825 229 1852 τῶν
251 1824 403 1860 ἀνθρώπων
421 1823 462 1854 τίς
486 1823 562 1850 ἔσται
577 1822 671 1848 λοιπὸν
686 1823 709 1857 li;
724 1821 771 1848 τοῦ
788 1821 835 1847 οὒ-

52 1873 144 1908 ρανίου
163 1871 271 1905 [ἰατρὸς
287 1871 401 1905 πρόνοια
416 1879 423 1904 ;
439 1870 462 1896 εἰ
477 1869 553 1901 τέλος
568 1870 617 1904 μὲν
637 1869 727 1894 αὐτῶν
745 1868 776 1894 τὸ
790 1876 836 1894 τυ-

51 1920 106 1954 χεῖν
119 1919 168 1953 τῆς
189 1917 325 1953 μακαρίας
342 1917 424 1952 ζωῆς.
438 1917 496 1948 ὁδὸς
513 1916 540 1942 δὲ
556 1916 572 1951 ὴ
588 1915 705 1942 ἐνταῦθα
719 1915 786 1949 ζωὴ,
803 1915 837 1949 ἦν

50 1965 139 1997 καλῶς
164 1964 302 1995 ὁδεύοντες
328 1961 502 1998 ἐφικνοῦνται
519 1962 565 1989 τοῦ
588 1962 694 1993 τέλους.
718 1960 787 1988 υΰτε
809 1960 837 1987 δὲ

51 2012 140 2043 WG);
148 2010 265 2042 ὁδεύειν,
276 2009 337 2036 οὔτε
347 2009 394 2035 τοῦ
404 2009 498 2040 τέλους
505 2009 649 2044 τυγχάνειν
659 2007 765 2042 ἔχουσιν
773 2006 838 2033 ἄνευ

51 2057 130 2084 Θεοῦ.
153 2056 182 2083 '0
195 2056 223 2082 δὲ
233 2056 283 2090 τῆς
300 2054 453 2089 ὁδοιπορίας
464 2054 564 2086 αὐτῶν,
580 2052 714 2085 τουτέστι,
732 2052 781 2086 τῆς
794 2052 840 2077 ὲν-

52 2103 137 2131 ταῦθα
145 2103 218 2137 ζωῆς
227 2101 263 2137 μὴ
272 2101 420 2135 φροντίζει,
431 2099 584 2135 ἀρχομένης
591 2107 619 2125 τε
628 2100 674 2125 καὶ
682 2097 841 2133 προδαινού·

54 2158 101 2185 σης
114 2150 162 2176 καὶ
182 2148 384 2182 τελειουμένης,
403 2147 476 2178 ὅπως
497 2146 530 2173 ἂν
553 2146 587 2173 δι’
601 2145 689 2180 αὐτῆς
706 2144 841 2171 εὐοδοῖντο

54 2196 120 2231 πρὸς
133 2195 163 2222 τὸ
172 2194 247 2226 τέλος
257 2194 346 2225 καλῶς
356 2193 570 2228 ὑπερπηδῶντες
580 2193 670 2219 πᾶσαν
681 2192 842 2227 δυσχέρειαν

55 2243 82 2276 ἐξ
94 2242 218 2276 ἀπείρων
232 2240 404 2267 συναντῶσαν
417 2239 471 2265 τῶν
481 2238 601 2274 τρόπων,
618 2238 685 2273 μηδὲ
702 2239 844 2273 πατρικῶς

55 2290 210 2322 οἰκονομοίη
225 2287 259 2314 τὰ
281 2287 373 2319 τέκνα,
390 2285 447 2312 ἀλλ’
540 2285 620 2320 μόνον
640 2284 710 2311 αὐτὰ
735 2283 844 2319 φύσεώς

55 2342 82 2360 τε.
98 2332 228 2368 ἀσθενείᾳ
252 2332 298 2358 καὶ
323 2330 511 2366 προαιρέσεως
535 2329 665 2364 ἁστασίᾳ,
692 2331 740 2356 καὶ
758 2329 844 2364 τύχης

57 2379 152 2415 ἀλογίᾳ
175 2377 316 2414 φέρεσθαι,
332 2377 366 2404 δι’
383 2373 420 2403 ὧν
445 2376 575 2402 ἀδύνατόν
602 2377 676 2402 ἐστιν
691 2375 748 2411 τοὶ
758 2375 844 2410 ὑπερ-

58 2425 140 2458 φυοῦς
156 2423 261 2450 ἐκείνου
276 2422 368 2453 τέλους
379 2423 481 2456 τυχεῖν,
499 2420 547 2446 καὶ
557 2419 683 2446 τοσοῦτον
700 2420 843 2453 πρυνοοῖτο

58 2471 111 2496 τῶν
128 2470 243 2500 τέκνων,
268 2468 330 2495 ὅσον
346 2467 394 2494 καὶ
420 2467 473 2493 τῶν
497 2466 577 2501 βοῶν,
595 2467 646 2492 οὐκ
670 2464 844 2491 είδικώτατόν

61 2526 120 2544 τινα
138 2517 248 2548 τρόπον.
274 2514 344 2541 Ἀλλ’
358 2515 372 2540 ὁ
394 2513 529 2548 μακάριος
554 2511 659 2542 Παῦλος
679 2512 708 2537 ἐν
725 2512 757 2546 τῇ
777 2510 845 2545 πρὸς

63 2564 219 2600 Κορινθίους
236 2562 266 2590 οὐ
285 2561 378 2596 μέλειν
393 2560 431 2595 τῷ
448 2559 507 2594 Θεῷ
522 2567 587 2594 φησι
610 2559 674 2593 περὶ
687 2559 741 2584 τῶν
758 2557 844 2592 βοῶν·

61 2612 108 2646 οὐχ
133 2610 168 2641 ὡς
194 2608 257 2644 μηδ’
284 2608 351 2638 ὅλως
380 2607 461 2642 μέλον
477 2605 551 2641 αὐτῷ
577 2605 645 2640 βοῶν
670 2612 698 2630 τε
725 2604 772 2630 καὶ
793 2603 847 2629 τῶν

61 2658 170 2693 ὁμοίων,
195 2656 254 2683 ἀλλ’
269 2655 306 2686 ὡς
322 2654 372 2689 τῆς
395 2653 459 2688 περὶ
480 2653 584 2679 τούτων
608 2652 738 2687 προνοίας
763 2651 847 2686 μηδε-

65 2706 129 2740 μίαν
145 2704 236 2739 σχεδὸν
256 2702 324 2737 πρὸς
339 2702 388 2736 τὴν
403 2700 467 2735 περὶ
480 2699 534 2725 τῶν
550 2697 703 2733 ἀνθρώπων
717 2697 847 2732 πρόεοιαν

63 2750 174 2786 ἐχούσης
189 2749 352 2785 παράθεσιν.
373 2747 416 2778 Ὠς
432 2746 535 2780 ταύτην
553 2745 634 2780 μόνον
654 2743 785 2770 δύνασθαι
800 2743 847 2769 καὶ

65 2798 161 2833 χρῆναι
173 2795 315 2824 καλεῖσθαι
331 2795 460 2830 πρόνοιαν
474 2791 581 2827 ἀληθῶς
595 2792 641 2818 καὶ
655 2790 785 2826 φροντίδα
800 2788 848 2816 τοῦ

65 2846 137 2871 θείου
159 2844 257 2874 παντὸς
276 2843 370 2869 ἕνεκεν
388 2841 490 2867 δικαίου
511 2840 557 2866 καὶ
581 2839 672 2873 λόγου.
694 2837 803 2865 Τοᾷτων
820 2836 850 2863 δὲ

66 2891 280 2928 ἀναιρουμένων,
296 2889 332 2921 ὡς
358 2888 475 2924 εἴρηται,
495 2886 554 2921 εἰκῆ
573 2886 622 2921 μὲν
643 2884 703 2911 Ἰὼϐ
729 2884 849 2911 ἐπαινεῖ-

901 392 960 421 Jam
980 401 1062 428 super
1078 393 1119 421 his
1147 393 1259 428 pulchre
1279 399 1308 420 se
1331 399 1372 419 res
1389 391 1478 418 habet.
1497 389 1582 417 Simul
1609 389 1660 416 nti-

868 447 920 475 que
946 444 1087 474 specletur
1100 439 1181 466 etiam
1199 438 1381 470 contrarium,
1403 441 1432 463 ut
1455 436 1558 463 veritas
1574 436 1659 469 magis

869 486 1022 513 stabiliatur
1042 495 1049 512 :
1068 491 1195 519 tanquam
1214 485 1236 511 si
1254 485 1373 511 humana
1391 484 1444 509 vita
1461 487 1542 516 atque
1566 482 1659 508 obitus

869 531 985 559 consilio
1001 535 1027 558 et
1045 536 1149 558 natura:
1163 534 1191 557 et
1209 529 1324 556 fortuna:
1341 528 1425 556 semel
1438 527 1661 561 derelinqueret;-

871 582 923 610 tur,
942 577 983 604 vel
1014 577 1064 604 soli
1089 576 1227 603 communi
1250 579 1276 602 et
1300 578 1460 609 opportunae
1483 572 1662 608 providenda:

870 631 931 658 quae
948 623 1076 649 ommbus
1094 621 1248 648 viventibus
1275 619 1412 651 consulit;
1432 619 1467 645 ita
1488 621 1661 645 evanesceret

871 669 1000 704 propositi
1027 668 1088 695 linis
1114 667 1269 694 hominibus
1284 666 1429 693 assecutiu.
1444 665 1494 697 Qui
1511 672 1572 691 eum
1588 670 1665 697 pror~

872 723 919 742 sus
932 719 1057 741 naturam
1072 712 1292 747 superct,nnllus
1305 711 1337 737 ad
1351 711 1438 745 ipsum
1452 714 1540 741 potest
1554 707 1663 740 adduci,

872 761 926 789 nisi
947 762 970 788 is
984 761 1029 794 qui
1044 760 1139 786 statuit
1155 764 1182 785 et
1197 758 1302 790 definit,
1320 758 1352 783 ad
1373 764 1434 783 eum
1450 756 1578 786 adducat,
1596 754 1666 780 mnl-

874 811 914 835 tas
935 807 979 834 hic
995 806 1125 834 solvendo
1150 805 1334 836 diﬁicullates,
1350 807 1377 830 et
1401 806 1442 829 tot
1459 807 1567 835 tamque
1585 799 1666 827 variis

873 855 925 881 viis
942 859 970 881 et
991 853 1143 880 rationibus
1159 858 1220 886 qua:
1243 851 1323 878 diem:
1337 853 1410 876 sunt.
1428 849 1461 874 At
1484 847 1583 873 frustra
1600 853 1667 872 sane

874 900 963 927 Moses
976 904 1002 926 et
1015 907 1062 933 per
1074 907 1136 926 eum
1163 897 1272 925 condita
1292 897 1335 923 lex
1361 894 1522 922 instituendi
1539 893 1592 919 vim
1620 893 1667 919 ha-

875 946 955 978 bens,
969 949 975 956 ‘
993 946 1025 972 ad
1045 945 1197 980 graviorem
1216 948 1243 970 et
1255 942 1444 976 perfectiorem
1462 940 1548 973 legem
1563 937 1668 966 consli-

877 996 934 1019 tuta
951 999 957 1017 :
976 992 1113 1019 incassum
1137 991 1218 1016 ctiam
1243 989 1333 1016 omnis
1353 989 1386 1014 de
1413 987 1500 1014 salute
1525 985 1668 1012 hominum

877 1045 941 1066 cura
958 1042 984 1065 et
1001 1036 1165 1069 so'licitndo,
1179 1041 1209 1062 ut
1224 1035 1303 1062 simul
1318 1033 1408 1061 omnia
1424 1032 1539 1060 dicendo
1551 1031 1670 1064 comple-

878 1091 936 1112 ctar
954 1094 960 1112 :
979 1091 1028 1111 nec
1041 1083 1112 1111 enim
1129 1083 1266 1118 sigillatim
1283 1088 1397 1116 qua‘que
1407 1079 1580 1107 enuntianda
1595 1081 1670 1105 sunt.

879 1130 978 1164 Utique
998 1129 1097 1156 divinae
1118 1127 1351 1163 prmtltéstinationi
1369 1126 1445 1153 locus
1463 1132 1518 1151 non
1532 1121 1672 1157 relinque-

878 1184 932 1210 tur,
943 1185 1003 1204 cum
1018 1184 1068 1203 nec
1081 1176 1196 1202 exsistat
1213 1174 1258 1208 qui
1278 1173 1401 1201 homines
1415 1171 1557 1199 commode
1573 1177 1673 1206 oppor-

878 1228 996 1257 tuneque
1011 1222 1153 1249 admoveat
1167 1220 1285 1247 termino
1297 1223 1323 1245 et
1339 1223 1427 1250 metre,
1441 1225 1527 1252 neque
1545 1224 1608 1244 vero
1624 1216 1672 1250 qui

879 1269 932 1298 sibi
959 1269 1066 1296 eminus
1083 1267 1243 1302 priusquam
1268 1265 1323 1293 nali
1341 1265 1395 1292 sint
1417 1263 1571 1291 adduxerit.
1590 1263 1675 1290 Pet-ro

880 1315 972 1343 divina
985 1314 1066 1341 simul
1081 1313 1191 1340 tolletur
1205 1311 1389 1347 providentia,
1411 1317 1465 1337 non
1490 1310 1674 1337 humanarum

881 1362 962 1389 modo
984 1368 1087 1392 rerum,
1101 1360 1148 1387 sed
1163 1364 1186 1386 et
1205 1355 1328 1386 ninnium
1346 1357 1552 1392 propemodm".
1568 1356 1675 1383 Etenim

881 1406 1096 1436 diversissimam
1111 1412 1143 1432 ac
1170 1404 1413 1439 prudentiSsimam
1432 1402 1614 1429 lmmanarnm
1633 1409 1676 1429 re-

882 1460 943 1480 rum
957 1451 1232 1481 administrationem,
1258 1449 1323 1476 ﬁdes
1343 1452 1435 1476 nostra
1450 1449 1529 1475 ﬁnem
1547 1448 1678 1475 fructum-

882 1507 935 1535 que
954 1498 1018 1525 facit
1043 1497 1218 1532 simplicioris
1244 1496 1434 1523 universorum
1460 1495 1679 1530 gubernationis.

883 1545 1108 1580 Quandoquidem
1127 1543 1198 1570 Deus
1212 1542 1304 1570 omnia
1320 1542 1422 1570 homini
1436 1541 1592 1570 subdidisse
1612 1541 1679 1570 dici-

885 1597 939 1625 tur,
953 1596 980 1619 et
993 1590 1071 1627 quasi
1086 1589 1202 1624 pedibus
1221 1588 1418 1621 substravisse,
1434 1592 1464 1615 ut
1477 1588 1500 1615 ei
1517 1587 1562 1622 qui
1582 1594 1681 1622 propo-

885 1638 955 1665 situs
969 1641 1012 1664 est
1030 1637 1163 1672 operibus
1183 1641 1314 1662 manuum
1334 1641 1457 1665 suarum,
1473 1642 1482 1659 ε
1497 1638 1524 1660 et
1541 1633 1681 1668 paululum

886 1683 966 1710 distat
993 1682 1029 1709 ab
1051 1681 1164 1717 angelis,
1187 1691 1196 1707 ι
1215 1685 1240 1709 et
1269 1680 1406 1708 tuentibus
1423 1679 1581 1708 caelestibus
1598 1685 1682 1713 prope

848 1738 870 1768 ο
887 1734 1057 1764 cxmquatur.
1075 1728 1177 1755 Idcirco
1192 1735 1252 1755 cum
1270 1726 1390 1753 hominis
1406 1725 1549 1760 progenies
1564 1724 1681 1758 desinet,

887 1783 942 1802 una
968 1775 1049 1802 etiam
1076 1774 1230 1801 caelestium
1256 1772 1364 1800 orbium
1390 1772 1473 1799 motio
1496 1771 1639 1805 consistet,
1655 1775 1684 1799 ut

886 1821 977 1850 divina
991 1821 1068 1848 aiunt
1091 1821 1213 1852 oracula,
1241 1824 1370 1854 tanquam
1389 1818 1423 1845 ad
1449 1818 1523 1846 hunc
1546 1819 1626 1846 ﬁnem
1655 1821 1684 1846 ut

887 1869 987 1896 serviat
1014 1868 1050 1895 illi
1081 1868 1238 1894 constituta.
1261 1866 1359 1893 Verum
1381 1866 1437 1893 haec
1465 1870 1492 1892 et
1520 1866 1572 1892 alia
1599 1866 1684 1893 missa

889 1915 1034 1942 faciamus.
1069 1913 1122 1940 Pro
1151 1912 1308 1940 hominibus
1344 1916 1434 1939 autem
1475 1918 1602 1946 quamam
1632 1911 1686 1938 erit

891 1961 1020 1994 deinceps
1040 1958 1129 1987 Patris
1159 1957 1268 1985 aetherei
1289 1956 1478 1993 providentia?
1501 1956 1634 1991 siquidem
1652 1955 1685 1982 ﬁ-

893 2006 937 2034 nis
959 2006 1155 2040 prmmiumqne
1172 2005 1295 2039 ipsorum
1312 2009 1356 2032 est
1378 2003 1461 2030 vitam
1482 2003 1588 2030 beatam
1609 2010 1686 2030 asse-

891 2053 949 2088 qui.
971 2051 1030 2079 Vita
1054 2059 1118 2079 vero
1144 2059 1204 2086 qua:
1218 2051 1262 2078 hic
1277 2050 1396 2085 degitur,
1413 2049 1455 2077 via
1473 2053 1524 2080 est,
1542 2056 1623 2083 quam
1641 2049 1686 2083 qni

892 2097 1006 2133 pulchre
1037 2097 1203 2128 conﬁciunt.
1231 2095 1264 2123 ad
1298 2099 1398 2122 metam
1434 2094 1605 2129 perveniunt.
1634 2092 1687 2121 Sed

893 2151 981 2179 neque
997 2144 1044 2171 ulli
1071 2143 1183 2178 pulchre
1203 2143 1254 2169 iter
1279 2142 1343 2168 illud
1360 2141 1479 2175 ingredi,
1499 2148 1585 2175 neque
1607 2141 1687 2168 ﬁnem

895 2191 1021 2219 obtinere
1039 2190 1160 2225 unqua'm
1183 2189 1285 2224 absque
1313 2187 1366 2215 Deo
1383 2191 1507 2222 possunt.
1531 2186 1579 2214 llic
1595 2186 1687 2214 autem

895 2238 947 2265 viae
983 2237 1017 2264 ab
1049 2237 1103 2264 illis
1134 2241 1249 2270 cceptaz,
1279 2233 1451 2269 procedentis
1485 2238 1512 2261 et
1541 2234 1678 2269 perfectae,

903 2285 953 2311 hoc
987 2287 1027 2310 est
1059 2283 1121 2309 vitae
1144 2289 1224 2317 quam
1251 2281 1295 2308 hic
1323 2280 1444 2315 exigunt,
1475 2287 1566 2306 curam
1603 2282 1690 2307 ratio-

897 2336 1015 2363 nemque
1049 2327 1163 2355 haberet
1191 2327 1313 2360 nullam,
1344 2331 1370 2353 ut
1401 2334 1448 2362 per
1470 2334 1530 2353 eam
1560 2333 1690 2361 prospere

897 2375 1058 2404 accederent
1071 2374 1104 2401 ad
1119 2374 1244 2401 ultimum
1261 2373 1371 2404 bonum,
1385 2380 1493 2400 omnem
1504 2371 1689 2399 difﬁcultatem

860 2410 883 2438 D
897 2431 929 2451 ex
943 2421 1093 2450 innumeris
1107 2420 1195 2448 modis
1211 2423 1399 2447 occurrentem
1417 2419 1494 2447 facile
1521 2419 1690 2454 pulchreque

898 2472 1061 2503 superantes
1075 2475 1082 2494 :
1099 2473 1187 2501 neque
1203 2465 1302 2492 liberos
1318 2464 1417 2492 alfectu
1435 2471 1547 2499 paterno
1566 2465 1692 2492 modera-

901 2520 986 2547 retur,
1004 2513 1051 2541 sed
1066 2521 1115 2552 eos
1130 2516 1233 2540 tantmn
1249 2516 1277 2539 et
1291 2511 1469 2539 imbecillitati
1487 2516 1590 2539 natura:
1605 2516 1631 2539 et
1646 2519 1693 2539 vo-

900 2560 1012 2588 luntatis
1028 2560 1216 2587 inconstantiae
1235 2562 1415 2593 pernnttcrct,
1433 2565 1464 2585 ac
1477 2558 1593 2585 fortuna:
1607 2562 1693 2585 teme-

902 2607 973 2635 ritati
995 2607 1036 2642 agi
1066 2606 1129 2634 ferri
1148 2607 1250 2634 sineret
1271 2614 1277 2633 :
1294 2606 1395 2640 quibus
1416 2609 1489 2632 certe
1506 2604 1594 2632 modis
1617 2603 1694 2632 nefas

901 2659 943 2682 est
959 2655 1039 2681 linem
1059 2652 1134 2680 illtnn
1150 2653 1195 2687 qui
1218 2658 1343 2679 naturam
1367 2651 1474 2679 excedit
1488 2650 1631 2686 consequi,
1648 2657 1694 2677 eo~

902 2699 1018 2732 demque
1039 2702 1119 2732 pacto
1134 2697 1301 2731 prospiceret
1324 2697 1430 2729 liberis,
1448 2703 1503 2731 quo
1520 2695 1606 2723 bobus
1626 2703 1694 2722 con-

902 2745 975 2775 sulit,
995 2751 1049 2770 non
1061 2743 1190 2777 peculiari
1208 2745 1328 2771 maxime
1340 2743 1426 2771 cura?
1439 2741 1613 2770 Verumenim
1629 2748 1694 2768 vero

903 2791 997 2819 beatus
1016 2790 1128 2822 Paulus,
1143 2791 1168 2816 in
1182 2789 1301 2824 Epistola
1316 2791 1349 2817 ad
1361 2789 1528 2821 Corinthios,
1541 2789 1595 2816 Deo
1611 2786 1694 2814 haud-

905 2845 1042 2873 quaquam
1055 2844 1129 2864 cura:
1143 2836 1226 2864 boves
1237 2843 1297 2863 esse
1309 2835 1441 2863 afﬁrmat:
1453 2844 1505 2864 non
1520 2834 1592 2869 quod
1612 2833 1694 2861 boum

904 2892 935 2913 ac
952 2883 1082 2913 simtlium
1101 2891 1192 2913 curam
1207 2890 1319 2918 prorsus
1339 2882 1479 2917 abiecerit,
1496 2883 1540 2912 sed
1553 2881 1616 2918 quia
1633 2887 1694 2915 pro-
