1879 3060
38 180 88 213 553

518 183 702 214 EPISTOLA
725 183 772 212 DE
796 182 990 212 PILEDEST!
998 182 1072 212 NAT
1079 183 1178 212 iONE.

1609 180 1659 213 554

36 239 181 275 specialem
210 241 340 268 nimirum
359 241 430 270 circa
457 242 580 269 homines
604 241 812 276 providentiam.
829 244 856 267 et
876 247 1045 274 qn‘ccunque
1063 240 1125 267 huic
1147 241 1172 267 in
1190 240 1328 268 hominum
1349 241 1461 276 negotiis
1474 243 1658 268 consentanea

35 292 96 316 sunt
118 297 124 314 :
142 295 177 314 an
197 287 336 316 incassum
364 290 419 316 hace
437 289 512 320 dicit,
533 289 574 315 vel
593 289 681 322 potius
694 286 808 315 dicunt?
822 285 892 312 absit
907 287 957 313 hoc
976 287 1064 321 plane.

73 334 159 369 Ὁρᾷς
176 333 226 368 τῆς
243 334 366 366 ἐναντίας
379 335 457 369 δζξης
473 334 599 368 τεθείσης
614 334 642 366 ὲξ
660 333 823 365 ὑποθέσεως,

924 331 1007 364 liden,
1030 336 1058 359 nt
1083 331 1210 366 opinione
1225 333 1361 359 contraria
1378 333 1525 360 consutnta
1544 341 1576 360 ex
1596 340 1662 360 con-

35 380 83 406 ὃσα
99 379 154 405 τῶν
174 378 284 414 ἀληθῶν
300 380 451 414 ἀναιρεῖται
464 388 470 413 ;
488 379 588 414 μᾶλλον
598 379 625 405 δὲ
641 378 717 405 οὐδὲν
733 377 824 412 σχεδὺν

36 425 223 452 ὺππλείπεται.
250 425 290 452 Τὰ
318 426 372 460 γὰρ
392 426 424 452 ὲκ
450 425 498 460 τῆς
516 426 591 461 ἱερᾶς
615 424 727 461 Γραφῆς
750 432 824 459 παρ’

34 473 142 507 ηγμένα
169 473 218 500 νῦν
245 473 309 500 ἄλλο
344 473 393 508 μὲν
425 473 506 500 ἄλλου
538 472 688 508 μυστηρίου
722 471 824 506 πλῆρες

35 520 92 545 ἔστί
103 529 110 535 ·
127 519 219 546 πάντα
231 519 259 546 δὲ
278 520 348 546 αὐτὰ
366 519 414 546 σὺν
429 520 554 551 ἐκείνοις,
572 519 636 553 μιᾶς
652 520 698 553 τῆς
713 525 823 552 προκει-

36 566 118 600 μένης
135 566 202 600 ἡμῖν
217 565 283 602 ὕλης
299 566 451 601 εὐρυτάτης
473 565 565 600 οὔσης,
580 565 654 593 ἔνδον
671 564 754 591 ἐστίν,
769 560 823 595 Ἦς

36 611 223 647 σαλευομένης
240 611 283 644 ἂν,
300 612 376 638 οὐδὲν
401 611 512 638 ἐκείνων
530 612 606 646 μένει
627 610 730 637 λοιπόν.
748 610 778 636 Ei
793 609 822 636 δὲ

37 659 136 687 πάσαις
154 658 290 691 ἀνάγκαις
305 659 318 684 ὁ
333 658 404 689 θεῖος
426 658 524 692 κρατεῖ
544 656 721 692 προορισμδς,
740 655 822 690 μέρος

36 702 70 727 ὢν
87 699 134 736 τῆς
150 702 227 733 Θείας
251 702 392 737 Προνοίας,
406 702 436 728 τὸ
460 703 588 736 μέγιστον
604 701 650 727 καὶ
669 701 756 735 δόγμα
772 701 822 735 τῆς

37 750 155 780 πίστεως
175 749 384 784 ἀναντίρρητον.
398 750 444 775 καὶ
467 748 592 783 καθάπερ
609 748 757 782 σύνδεσμος
773 747 823 781 τῆς

37 795 153 827 πίστεως
185 795 260 829 ὅλης.
289 795 343 822 Καὶ
366 795 390 821 οῐ
420 795 469 830 μὲν
496 794 550 821 τῶν
574 794 726 829 ἀνθρώπων
755 792 822 828 πρὸς

37 841 84 876 τὴν
96 841 207 867 αἰώνιόν
220 842 274 867 stat
298 841 498 875 προωρισμένοι
513 840 597 875 ζωὴν,
610 837 650 870 οἷς
661 839 707 866 καὶ
723 839 748 865 οἰ
767 839 824 865 ἑλε-

38 887 145 920 ούμενοι
173 887 445 923 συναριθμείςθωσαν
470 886 537 914 νῦνν
566 887 590 913 οἱ
615 886 643 913 δὲ
668 885 715 913 ἀπ’
738 885 823 920 αὐτῆς

38 933 318 968 ἁποδεδοκιμασμένοι
346 933 464 967 εὐλόγως
486 933 532 959 καὶ
548 932 582 959 τὰ
596 932 667 959 κατὰ
684 932 734 966 τὴν
751 931 824 965 ζωὴν

38 981 151 1007 ἑκάστου
177 980 226 1007 καὶ
251 979 380 1015 τελευτὴν
398 980 431 1014 τῇ
457 978 593 1011 ἑπιτεύξει
619 978 666 1005 τοῦ
687 977 822 1011 τέλους,ἥ

38 1024 192 1057 ἀποτεύξει,
216 1024 324 1055 οἰκείως
342 1024 572 1050 συνδιατίοενται·
592 1023 629 1054 ὡς
644 1023 747 1050 ἐπίπαν
764 1023 824 1058 μὲν,

39 1072 145 1105 καὶτῆς
159 1072 275 1098 ἑκάστου
292 1071 426 1105 πονηρίας
441 1070 457 1105 ἢ
480 1070 594 1105 ἀρετῆς,
617 1070 664 1096 καὶ
683 1069 826 1100 εὐϐουλίας

38 1119 52 1154 ἥ
67 1118 204 1150 ἀϐουλίας,
220 1118 253 1152 τῇ
270 1117 383 1153 τοιαύτῃ
399 1116 583 1151 συνεργούσης
596 1115 693 1150 ἐφεξῆς
706 1114 826 1147 διατάξει

38 1165 82 1191 τοῦ
98 1165 185 1197 θείου,
198 1163 256 1190 ἐστι
276 1164 303 1190 δὲ
317 1164 362 1190 ὅτε
387 1163 433 1189 καὶ
448 1163 524 1196 παρὰ
535 1164 583 1197 τὴν
595 1162 731 1197 ἑκατέρων
745 1162 772 1188 ὲν
787 1161 826 1197 τῷ

40 1208 196 1244 παραυτίκα
213 1207 328 1243 μελέτην
343 1216 373 1234 τε
389 1207 436 1234 καὶ
449 1208 578 1242 σπουδὴν,
595 1207 625 1233 τὸ
639 1208 744 1241 πρέπον
761 1208 823 1238 ταῖς

40 1255 128 1281 αὐτῶν
143 1254 219 1287 ἕξεσι
237 1253 284 1280 καὶ
301 1252 401 1286 ἀξίαις,
416 1253 463 1279 καὶ
477 1252 545 1285 ζῶσι
558 1253 604 1280 καὶ
616 1252 777 1279 τελευτῶσιν
789 1254 828 1279 οἱ-

40 1300 229 1334 κονομοὶντος,
247 1300 284 1331 ὡς
308 1299 342 1326 ἂν
369 1299 505 1330 ποικίλαις
529 1307 558 1325 τε
582 1299 628 1326 καὶ
645 1299 826 1334 πολυτρόποις

42 1346 174 1378 μεοᾶδοις,
198 1346 244 1372 καὶ
261 1345 355 1376 ἄλλαις
382 1345 426 1372 ἐπ’
449 1345 538 1371 ἄλλων
555 1345 739 1380 κρινομέναις,
756 1345 826 1371 κατὰ

40 1394 86 1426 τὴν
102 1392 256 1426 εὐρυτάτην
269 1392 316 1418 καὶ
328 1391 466 1426 πάνσοφον
477 1391 559 1418 αὐτοῦ
571 1391 714 1426 διοίκησιν,
729 1392 743 1417 ὁ
756 1390 826 1422 θεῖος

40 1439 105 1473 περὶ
129 1438 229 1470 αὐτοὺς
245 1438 412 1473 προορισμδς
433 1437 582 1471 ἐξανύοιτο,
602 1438 618 1472 ἡ
640 1436 688 1464 τοῦ
704 1438 766 1472 ὅρου
781 1437 826 1471 δη-

41 1484 128 1511 λονότι
145 1486 194 1510 καὶ
215 1484 308 1518 τέλους
329 1483 465 1515 ὲπιτευξις
488 1483 504 1517 ἢ
529 1482 682 1515 ἀπότευξις.
701 1482 826 1517 Εἰλήφθω

42 1531 95 1563 γὰρ
118 1528 166 1555 νῦν
181 1529 278 1560 κοινῶς
304 1529 482 1564 προορισμὸς,
497 1528 533 1560 ὡς
559 1528 729 1563 προορισμοῦ
750 1528 827 1562 γένος

43 1576 87 1601 καὶ
103 1575 330 1609 ἀποδοκιμασίας.
344 1575 398 1609 Τῆς
413 1575 442 1601 δὲ
462 1575 515 1601 τῶν
528 1574 679 1610 ἀνθρώπων
695 1574 778 1609 ζωῆς,
792 1573 827 1609 ἡν

43 1621 73 1648 ἂν
88 1621 194 1647 οἴκοθεν
211 1622 393 1656 προαιροίντο,
404 1621 421 1656 ἢ
440 1620 689 1655 συμπροσαγούσης
703 1619 742 1654 τῷ
754 1619 826 1645 τέλει

45 1668 112 1699 μετά
129 1667 177 1701 τῆς
195 1666 298 1693 ἄνωθεν
323 1667 493 1702 συνεργείας,
510 1666 526 1702 ἥ
541 1665 698 1701 ἀφιστώσης
717 1665 762 1691 τοῦ
782 1666 825 1692 τέ·
840 1677 862 1706 c

44 1713 105 1744 λους
134 1713 204 1747 μετὰ
231 1714 280 1747 τῆς
306 1712 409 1739 ἐκεῖθεν
442 1711 683 1746 ὲγκαταλείψεως-
708 1711 828 1744 εὐλόγως

46 1759 90 1784 καὶ
105 1759 122 1793 ἡ
140 1758 286 1792 μετάθεσις
306 1758 356 1793 μὲν
371 1758 424 1784 ἀπὸ
435 1759 483 1793 τῆς
500 1756 629 1792 τοιαύτης
647 1757 730 1791 ζωῆς,
746 1753 780 1791 τῇ
797 1765 827 1783 τε

46 1805 112 1839 πρὸς
127 1806 157 1831 τὸ
170 1804 247 1835 τέλος
261 1803 323 1839 ὁδῷ,
338 1803 411 1830 τοῦτ’
432 1803 490 1830 ἐστι
506 1804 539 1838 τῇ
555 1802 682 1838 παρούσῃ
697 1802 765 1838 ζωῇ,
782 1802 829 1829 καὶ

46 1853 76 1886 τῇ
97 1850 156 1885 μετ’
175 1850 261 1885 αὐτὴν
277 1849 366 1885 οἰκείᾳ
388 1849 435 1876 τοῦ
458 1849 551 1880 τέλους
569 1848 704 1882 ἑπιτεύξει
725 1849 741 1883 ἦ
761 1848 829 1875 ἁπο-

46 1897 142 1929 τεὺξει,
168 1896 330 1931 σύμμορφός
348 1898 405 1922 ἐστι
419 1895 466 1922 καὶ
480 1895 639 1930 συνᾴδουσα,
656 1895 750 1929 ὥσπερ
767 1894 831 1929 μεθ-

46 1944 118 1978 όριον
131 1941 198 1970 οὖσίι⁸
212 1942 268 1969 τῶν
283 1941 361 1973 ζωῶν
381 1942 555 1977 ἀμφοτέρων,
569 1942 617 1968 καὶ
630 1941 679 1976 τῆς
693 1940 763 1974 ὁδοῦ,
782 1941 829 1968 καὶ

48 1989 91 2015 τοῦ
108 1990 201 2021 τέλους
217 1989 310 2023 ὥσπερ
334 1989 466 2022 συνάφεια
478 1996 485 2004 ·
506 1988 562 2014 ἐστι
588 1988 637 2023 μὶν
655 1987 699 2014 ὅτε
717 1988 764 2013 καὶ
778 1995 830 2021 φα-

47 2036 128 2070 νερᾶς
143 2035 226 2069 οὒσης
240 2035 307 2062 πᾶσι
323 2034 372 2070 τῆς
384 2034 524 2069 τελευτῆς,
539 2034 612 2066 ὅπως
627 2033 684 2069 ἔχει
699 2033 767 2068 πρὸς
781 2033 831 2068 τὴν

47 2083 126 2115 εὐθὺς
152 2081 343 2116 διαδεξομένην
363 2081 435 2116 ζωὴν
459 2081 565 2113 ἀθλίαν,
591 2081 607 2115 ἥ
627 2080 775 2115 μακαρίαν,
794 2079 831 2110 ὡς

49 2127 161 2154 ἐπὶτῶν
183 2126 356 2160 δικαιοσύνης
381 2125 504 2160 ἕνεκα,ἢ
528 2126 682 2158 εὐσεϐείας,
699 2125 832 2160 αἱρουμέ-

49 2182 98 2200 νων
112 2174 240 2208 Θνήσκειν
255 2171 404 2207 προδήλως,
419 2172 467 2198 οὐκ
481 2171 544 2199 ἄνευ
559 2171 625 2198 Θεοῦ
640 2171 687 2198 καὶ
700 2172 748 2206 τῆς
763 2171 832 2198 ἄνω-

50 2219 92 2245 θεν
117 2218 271 2250 ἐπιπνοίας,
288 2219 302 2245 ὃ
326 2218 462 2253 προσήκει
483 2219 539 2249 τοῖς
558 2217 686 2252 μάρτυσι,
702 2217 749 2244 καὶ
765 2218 832 2244 πᾶσι

49 2267 101 2295 τοῖς
119 2266 176 2301 μετ’
195 2266 298 2301 ἀρετῆς
321 2266 368 2292 καὶ
384 2265 418 2291 δι’
436 2263 519 2299 αὐτὴν
543 2263 700 2295 τελευτῶσι,
725 2263 777 2291 κᾶν
795 2264 832 2298 μὴ

51 2312 170 2347 φανερῶς
188 2311 227 2347 τῷ
252 2311 394 2347 μαρτυρίῳ
418 2311 623 2346 προσάγωνται,
646 2310 704 2336 ἀλλ’
720 2311 833 2337 ἐπιϐου-

50 2346 186 2392 λευόμενοι
202 2346 296 2393 βιαίως
317 2357 468 2391 ὲξάγωνται
484 2357 532 2391 τῆς
548 2356 620 2391 ζωῆς
635 2357 682 2383 καὶ
696 2365 832 2392 συκοφαν-
847 2346 870 2376 ι)

51 2403 184 2437 τούμενοι,
208 2405 225 2440 ἦ
256 2404 301 2431 ἐπὶ
328 2404 382 2430 τῶν
409 2403 549 2438 φυγόντων
574 2404 620 2430 τὸν
646 2404 758 2437 κόσμον,
784 2404 832 2430 καὶ

53 2449 159 2484 σταυρῷ
183 2450 341 2484 πρέπουσαν
365 2448 506 2483 ζησάντων
521 2447 604 2482 ζωὴν,
628 2448 674 2475 καὶ
689 2447 784 2482 ὁμοίαν
797 2448 830 2483 τῇ

53 2492 107 2528 ζωῇ
132 2493 260 2527 τελευτὴν
285 2493 494 2527 ὰπαράκλητον,
519 2491 597 2519 ἐνίων
621 2491 649 2518 δὲ
666 2491 712 2518 καὶ
739 2492 831 2518 ἄδικον

54 2540 249 2574 ὑφισταμένων,
270 2538 286 2574 ἢ
303 2539 456 2565 τούναντίον
471 2538 518 2564 ἐπὶ
537 2538 592 2564 τῶν
606 2537 648 2564 ἐπ’
666 2537 768 2569 ἀδίκοις
785 2534 832 2564 καὶ

55 2587 177 2621 πονηροῖς
191 2586 359 2621 τολμήμασι,
379 2586 426 2612 καὶ
440 2586 472 2620 τῇ
488 2585 536 2619 ὅλῃ
556 2583 729 2619 συμμόρφοις
743 2583 832 2611 αὐτῶν

55 2632 109 2667 ζωῇ
123 2633 169 2667 τὴν
183 2633 339 2668 πρέπουσαν
352 2631 540 2666 ὑφισταμένων
553 2630 647 2666 βιαίως
662 2629 761 2662 ἔξοδον.

876 377 993 410 ditione,
1009 383 1074 412 quot
1089 387 1151 405 vera
1167 379 1273 406 decreta
1288 379 1320 405 de
1338 379 1426 406 medio
1441 380 1579 407 tollantur?
1594 381 1659 415 qniri

875 422 929 450 imo
945 423 1012 450 nihil
1036 425 1232 458 propemodum
1258 425 1354 459 reliqui
1378 430 1428 452 est.
1450 425 1553 452 Etenim
1571 433 1603 453 ex
1618 426 1662 453 his

875 473 934 500 qua:
950 474 980 493 ex
998 474 1076 494 sacra
1103 468 1244 503 Scriptura
1262 469 1341 496 modo
1358 474 1422 497 sunt
1440 471 1568 502 abducta.
1587 471 1660 498 aliud

873 512 983 546 quidem
1000 513 1053 540 alio
1076 515 1206 549 mysterio
1222 514 1329 549 plenum
1353 520 1404 542 est.
1431 515 1482 542 Sed
1500 517 1557 543 haec
1569 517 1661 544 omnia

874 565 935 586 cum
954 559 1007 587 illis
1022 560 1091 587 intra
1106 568 1187 587 unam
1203 569 1217 588 e
1233 561 1369 596 proposita
1384 562 1461 588 nobis
1476 563 1587 589 materia
1602 570 1662 597 qua:

874 603 1007 632 latissime
1021 611 1104 640 patet,
1121 607 1296 634 continentur
1317 615 1325 634 :
1341 615 1393 642 qna
1415 613 1537 640 nutante,
1555 609 1662 636 illorum

874 650 942 677 nihil
960 651 986 677 in
1004 657 1140 685 posterum
1156 658 1288 680 remanet.
1303 653 1379 686 Quod
1395 654 1416 681 si
1432 662 1509 682 sacra
1526 655 1664 689 praedesti.

875 697 947 723 natio
960 697 1087 724 omnibus
1099 698 1236 733 praepollet
1252 700 1471 731 necessitatibus,
1485 708 1548 728 cum
1565 703 1663 730 divinae

875 741 1051 770 Providentia:
1067 751 1129 778 pars
1141 744 1177 771 sit
1195 746 1324 778 maxima,
1340 751 1367 773 et
1380 746 1440 773 ﬁdei
1458 747 1596 775 decretum
1616 749 1661 776 cui

874 790 1013 816 adversari
1028 797 1080 817 non
1094 790 1169 822 licet,
1183 798 1216 819 ac
1227 792 1308 819 veluti
1325 792 1387 820 fidei
1400 794 1483 821 totius
1495 795 1661 822 eouvinctio:

874 838 899 860 et
918 834 1041 863 homines
1056 836 1154 870 partim
1171 837 1205 864 ad
1229 842 1357 865 aeternam
1377 840 1457 866 vitam
1475 844 1537 866 sunt
1560 840 1664 874 praede-

874 880 979 912 stinati.
1004 889 1120 916 qnorurn
1144 891 1257 912 numero
1276 885 1357 911 etiam
1382 892 1454 912 nunc
1479 886 1662 919 ascrihantur,

875 925 973 960 quibus
991 927 1177 956 misericordia
1194 930 1224 957 tit
1251 938 1257 956 :
1274 930 1372 964 partim
1398 930 1432 957 ab
1453 930 1511 964 ipsa
1528 932 1664 965 reprobati

876 975 940 998 sunt
960 979 967 998 :
982 971 1043 1006 jure
1055 973 1152 1000 merito
1163 973 1245 1001 etiam
1263 982 1323 1009 quae
1337 975 1370 1002 ad
1386 975 1467 1002 vitam
1491 977 1623 1010 cujusque
1637 981 1664 1003 et

839 1002 980 1044 Bobitum
1005 1023 1131 1052 spectant
1147 1038 1154 1050 .
1192 1020 1255 1047 linis
1281 1021 1476 1049 consecutione
1495 1023 1536 1049 vel
1559 1023 1664 1056 repulsa

880 1063 1052 1095 peculiariter
1065 1072 1118 1092 una
1131 1064 1315 1099 disponuntur
1334 1074 1342 1093 :
1357 1068 1436 1102 quasi
1451 1068 1563 1096 omnino
1582 1070 1662 1096 unius

876 1109 1009 1144 etijusque
1025 1110 1203 1145 improbitate
1220 1117 1246 1140 et
1261 1114 1371 1146 virtute,
1385 1118 1411 1141 et
1433 1114 1505 1142 bono
1525 1116 1567 1142 vel
1589 1116 1661 1143 malo

876 1155 990 1183 consilio
1007 1156 1071 1184 huic
1083 1157 1129 1184 Dei
1144 1158 1333 1186 constitutioni
1346 1160 1474 1195 deinceps
1488 1167 1663 1195 cooperante.

877 1201 1015 1229 Interdum
1043 1203 1125 1229 etiam
1146 1204 1223 1238 juxta
1248 1209 1428 1240 utrorumque
1451 1214 1543 1234 curam
1563 1213 1590 1235 et
1606 1213 1665 1235 stu-

877 1247 964 1276 dium.
982 1253 1091 1282 repente
1111 1249 1235 1284 vestigio.
1253 1251 1324 1285 quod
1340 1252 1460 1286 ipsorum
1483 1253 1619 1281 habilibus
1637 1260 1667 1282 et

878 1292 984 1320 meritis
1009 1294 1138 1321 decorum
1162 1299 1216 1327 est,
1232 1299 1260 1323 et
1276 1296 1431 1325 viventibus
1445 1302 1471 1325 et
1486 1299 1666 1327 morientibus

877 1345 978 1367 numen
998 1340 1068 1374 regit
1085 1347 1117 1368 ac
1132 1341 1309 1369 moderatur:
1327 1345 1397 1371 sicut
1410 1345 1492 1373 variis
1507 1353 1538 1373 ac
1549 1346 1666 1374 diversis

877 1384 1023 1411 admodum
1038 1385 1127 1413 modis
1144 1390 1171 1413 et
1186 1387 1340 1416 rationibus
1354 1397 1414 1424 quae
1426 1390 1486 1417 alias
1503 1390 1530 1417 in
1546 1391 1605 1419 aliis
1618 1393 1664 1426 jn-

878 1429 1014 1464 dicantur,
1036 1431 1185 1459 secundum
1213 1432 1373 1461 latissimam
1391 1440 1417 1462 et
1434 1437 1664 1470 sapientissimam

877 1476 964 1512 ipsius
986 1477 1250 1506 administrationem
1263 1498 1270 1511 ,
1289 1479 1382 1508 divina
1398 1482 1470 1509 circa
1485 1490 1532 1510 eos
1560 1485 1665 1518 pra-de.

878 1523 988 1559 stinatio
1002 1523 1132 1558 perlicere
1143 1528 1246 1559 posset,
1266 1525 1395 1553 nimirum
1409 1527 1501 1554 limitis
1512 1536 1542 1555 ac
1556 1530 1665 1558 termini

878 1558 1035 1596 consecutio
1059 1569 1099 1596 vel
1119 1571 1237 1605 repulsa.
1252 1571 1381 1599 Sumatur
1392 1573 1465 1600 enim
1494 1581 1566 1602 nunc
1591 1583 1670 1603 com-

877 1613 996 1641 muniter
1010 1615 1211 1649 przedestinatio
1221 1625 1229 1650 ;
1239 1617 1313 1645 velut
1324 1626 1409 1653 genus
1422 1620 1668 1654 praedestinationis

877 1663 905 1686 ct
935 1661 1132 1694 reprobationis
1157 1670 1164 1688 :
1188 1663 1297 1697 quando
1321 1664 1461 1693 hominum
1490 1667 1555 1700 vita,
1585 1676 1666 1701 quam

879 1706 950 1740 apud
962 1713 991 1733 se
1004 1707 1119 1742 quisque
1134 1707 1208 1736 domi
1224 1709 1352 1744 elegerit,
1369 1715 1416 1738 aut
1430 1711 1512 1739 simul
1532 1713 1565 1740 ad
1584 1713 1665 1741 ﬁnem

880 1751 989 1779 adducit
1005 1760 1066 1780 cum
1089 1754 1246 1789 adjumento
1263 1757 1464 1791 cooperationis
1479 1759 1513 1785 ah
1529 1759 1582 1786 alto
1595 1768 1603 1793 ;
1618 1765 1667 1787 aut:

879 1805 895 1825 a
911 1798 964 1824 fine
980 1798 1089 1825 abducit
1105 1805 1166 1826 cum
1186 1799 1373 1833 derelictione,
1394 1810 1453 1836 qua3
1476 1803 1594 1831 indidem
1615 1807 1664 1839 tit;

881 1849 1063 1872 consentanea
1078 1846 1158 1872 etiam
1172 1846 1321 1874 demutatio
1339 1848 1373 1875 ah
1386 1848 1518 1882 ejusmodi
1535 1851 1588 1878 vita
1603 1859 1668 1879 con-

881 1897 981 1925 gruens
995 1890 1044 1917 viae
1057 1898 1115 1925 qua:
1129 1891 1162 1918 ad
1179 1891 1259 1920 linem
1275 1893 1414 1928 perducit;
1429 1895 1478 1921 hoc
1489 1901 1531 1922 est
1541 1899 1669 1931 pra‘sent't

881 1937 952 1968 vitae.
970 1942 996 1964 et
1011 1937 1140 1971 peculiari
1156 1942 1216 1973 post
1233 1946 1292 1967 eam
1316 1940 1377 1967 finis
1399 1941 1535 1976 adeptionl
1562 1947 1609 1970 aut
1625 1951 1668 1971 re-

882 1983 966 2018 pulsae
981 1983 1130 2011 conformis
1143 1989 1184 2012 est
1201 1989 1282 2019 atque
1298 1993 1463 2021 consonans;
1478 1988 1590 2022 perinde
1601 1997 1634 2018 ac
1644 1991 1668 2018 si

883 2031 909 2057 in
927 2031 1045 2058 contlnio
1066 2039 1139 2059 esset
1164 2033 1307 2069 utriusque
1322 2035 1395 2067 vitae.
1421 2040 1447 2063 et
1466 2041 1595 2072 tanquam
1617 2040 1668 2067 viae

883 2082 964 2111 atque
979 2077 1040 2105 tinis
1055 2078 1162 2113 copula.
1184 2079 1338 2114 Aliquando
1363 2081 1434 2109 enim
1458 2091 1519 2110 cum
1544 2085 1669 2112 interitus

883 2121 1012 2149 omnibus
1020 2122 1055 2149 sit
1066 2123 1240 2158 conspicuus,
1254 2129 1282 2151 ut
1296 2126 1376 2154 habet
1387 2135 1415 2155 se
1425 2127 1458 2155 ad
1473 2129 1555 2156 vitam
1569 2138 1670 2157 terum-

884 2175 976 2195 nosam
1001 2172 1049 2195 aut
1073 2169 1177 2196 beatam
1206 2179 1266 2204 quze
1295 2172 1386 2199 statim
1417 2178 1562 2209 exceptura
1590 2180 1632 2202 est
1659 2185 1666 2204 :

884 2214 1110 2250 quemadmodum
1132 2216 1157 2243 in
1172 2216 1205 2245 iis
1222 2218 1268 2252 qui
1279 2218 1392 2252 jus-tilia:
1407 2226 1491 2247 causa
1508 2226 1556 2248 aut
1564 2222 1669 2256 pictatis

883 2262 971 2297 palam
993 2263 1061 2290 mori
1078 2263 1197 2295 voluere,
1213 2271 1266 2291 non
1290 2264 1393 2298 absque
1417 2265 1482 2299 Deo,
1499 2273 1526 2294 et
1548 2268 1668 2303 inspira-

885 2308 959 2335 tione
974 2315 1033 2342 ηυδε
1054 2308 1197 2336 desursum
1218 2310 1308 2343 venit;
1325 2311 1397 2345 quod
1421 2313 1585 2347 martyribus
1601 2321 1668 2342 cort-

885 2355 969 2387 venit,
992 2358 1074 2388 atque
1098 2355 1227 2382 omnibus
1253 2356 1299 2390 qui
1320 2364 1381 2383 cum
1403 2357 1500 2385 virtute.
1515 2363 1541 2386 et
1557 2365 1668 2395 propter

886 2401 973 2435 ipsam
996 2400 1165 2434 moriuntur;
1184 2401 1290 2428 tametsi
1308 2401 1449 2429 manifeste
1467 2404 1595 2438 martyrio
1613 2413 1668 2433 non

885 2447 1098 2479 admoveantur;
1118 2446 1166 2473 sed
1183 2446 1291 2474 insidiis
1315 2452 1341 2475 et
1365 2448 1510 2476 calumniis
1536 2450 1669 2484 appetiti,

885 2493 940 2520 vita
958 2492 1108 2527 spolientur
1124 2500 1131 2519 :
1146 2498 1193 2519 aut
1217 2492 1252 2519 iis
1272 2493 1318 2527 qui
1345 2493 1436 2528 frigere
1462 2495 1604 2529 mundum,
1629 2497 1672 2524 vel

886 2538 959 2566 cruci
975 2542 1167 2573 congruentem
1178 2538 1314 2573 agitarunt
1327 2540 1419 2573 vitam,
1433 2547 1464 2567 ac
1479 2540 1592 2569 similem
1610 2542 1672 2570 vita:

886 2584 988 2611 obitum
1006 2583 1203 2611 consolationis
1224 2589 1362 2619 expertem
1379 2594 1386 2612 ς
1404 2593 1465 2613 cum
1482 2587 1604 2614 nonnulli
1621 2588 1672 2614 ini-

887 2637 968 2665 quam
984 2630 1045 2656 vitae
1060 2629 1188 2664 degendae
1203 2631 1350 2666 mortisque
1371 2632 1518 2660 subeundae
1538 2633 1671 2660 rationem

55 2679 180 2706 insistunt
198 2687 206 2705 :
223 2684 269 2706 aut
285 2682 389 2710 contra,
407 2677 442 2705 iis
457 2677 663 2705 convenientem
679 2677 725 2712 qui
745 2676 781 2705 ob
794 2676 895 2712 injusta
912 2682 940 2705 et
963 2677 1097 2704 scelerata
1119 2676 1242 2705 facinora
1277 2678 1325 2705 toti
1362 2678 1484 2713 ipsorum
1516 2678 1577 2706 vitae
1603 2687 1671 2707 con-

55 2734 187 2760 sentanea,
209 2731 404 2762 tongruentem
434 2727 572 2754 interitum
600 2726 732 2754 violenter
756 2725 902 2754 sufferunt.

90 2776 127 2801 Οὐ
141 2776 217 2809 μόνον
231 2776 258 2802 ϋὲ
272 2777 304 2810 τῇ
320 2775 410 2810 κρίσει
426 2775 480 2801 τῶν
492 2773 643 2808 ἀνθρώπων
657 2774 745 2808 σαφής
760 2774 834 2799 ἐστιν

58 2822 74 2856 ἡ
88 2821 195 2856 τοιαύτη
209 2822 318 2857 τελευτὴ
332 2821 383 2848 ποῦ
393 2821 481 2855 φέρει,
495 2820 563 2847 ἀλλὰ
577 2820 632 2850 τοῖς
649 2819 719 2854 ὑπὲρ
733 2819 834 2854 ἀρετῆς

59 2876 86 2893 τε
104 2867 150 2893 καὶ
165 2868 302 2900 εὐσεὸῖίας
324 2868 452 2902 Θνήσκειν
469 2866 697 2902 προαιρουμένοις
721 2865 836 2900 λαμπρὰ

61 2913 106 2940 καὶ
123 2913 226 2948 ποικίλη
243 2915 260 2948 ἡ
280 2915 403 2949 οὐράνιος
427 2913 601 2947 ἐπιφαίνεται
627 2911 774 2948 μαρτυρία,
790 2914 836 2938 καὶ

229 2963 268 2993 ΓΑ
291 2971 362 2993 ιιοιη
385 2963 442 2992 Gn.
469 2961 559 2992 CLX.

924 2772 1024 2800 Verum
1041 2780 1095 2800 non
1111 2771 1216 2806 judicio
1235 2778 1337 2801 tantum
1359 2773 1498 2801 hominum
1523 2772 1673 2800 dilucidum

888 2824 937 2850 est.
952 2827 1006 2854 quo
1020 2819 1113 2846 tendat
1130 2827 1203 2847 mors
1218 2820 1351 2854 ejusmodi
1374 2828 1381 2846 :
1403 2822 1449 2848 sed
1466 2827 1513 2855 pro
1528 2819 1626 2847 virtute
1645 2823 1673 2846 et

891 2866 988 2900 pietate
1003 2865 1071 2892 mori
1091 2864 1274 2899 cupientibus.
1288 2867 1392 2894 clarum
1405 2872 1430 2894 et
1442 2867 1545 2894 varium
1561 2869 1673 2901 apparet

890 2910 999 2939 cwleztc
1032 2910 1231 2946 testiinonium,
1262 2917 1289 2939 et
1320 2912 1496 2940 farniliarinm
1520 2913 1614 2940 oculos
1639 2917 1674 2940 ac

1435 2959 1473 2990 18
