1879 3060
50 145 109 179 559

584 141 633 172 DE
651 141 725 173 DEO
753 141 794 172 IN
811 139 1026 171 TRINITATE
1044 141 1131 172 ΗΝΘ.

1620 141 1673 173 570

52 206 198 234 στεύοντας
215 202 329 237 πλάνην,
345 200 392 233 οὒς
407 201 441 228 ἂν
461 201 596 228 αἴσθοιντο
616 202 683 236 πρὸς
696 201 742 228 τὸν
757 201 838 228 αὐτὸν
853 221 856 229 ι

905 207 919 226 ιι
944 199 1014 227 idem
1042 200 1107 227 ferri
1127 199 1322 235 prtecipitium.
1339 200 1410 236 apud
1428 207 1528 229 omnes
1544 199 1673 235 pietatem

49 252 142 282 αὐτοῖς
166 249 290 284 κρημνὸν
313 248 458 283 φέρεσθαι,
484 247 553 283 πρὸς
572 247 694 278 ἅπαντας
712 247 835 274 εὐσεϐεῖν

48 295 285 331 προσποιοῦνται,
312 294 360 320 καὶ
387 293 495 328 γλώττῃ
522 294 572 327 μὲν
593 293 755 329 ὁμολογοῦσι
779 293 835 324 τοϊς

47 343 141 373 ἄλλοις
162 342 232 367 πᾶσι
244 339 311 366 Θεὸν
327 337 416 370 εἶναι,
442 340 474 374 τῇ
497 339 525 366 δὲ
551 339 650 374 καρδίᾳ
670 339 716 366 τὸν
731 338 768 365 ίὺν
785 339 834 373 τῆς

47 387 208 423 ἀφροσύνης
224 386 421 421 ἐγκρύπτουσι,
436 385 477 412 διὸ
492 385 539 412 καὶ
553 386 678 420 μένουσιν
694 386 837 421 ἀνιάτρευ-

47 442 108 460 τοι·
128 433 183 459 οὐδ’
200 433 229 459 ὲν
247 433 279 467 τῇ
299 431 404 466 διανοίᾳ.
427 431 472 457 τὸν
493 431 619 458 τοιοῦτον
642 431 692 466 τῆς
707 431 835 463 ἀσεϐείας

46 478 208 514 ἀθροίζουσι
224 477 364 511 λογισμὸν,
390 477 483 512 πὸρῤω
501 477 555 511 γὰρ
572 476 691 507 διανοίας
715 475 803 508 οὕτως
821 477 835 504 ό

48 527 140 557 τόκος,
157 524 215 551 ἀλλ’
231 524 261 550 ὲν
284 524 316 558 τῇ
332 523 428 558 καρδίᾳ
447 523 496 557 τὴν
518 522 614 549 ἁθεῒαν
630 521 766 553 ὠδίνουσι,
789 523 836 558 τῆς

51 572 120 606 πρὸς
137 571 188 605 τὴν
205 570 333 604 αἴσθησιν
351 569 397 595 καὶ
411 569 461 603 τὴν
477 568 543 603 ὓλην
559 569 733 604 ἀλογωτάτης
751 568 837 604 ῥοπῆς

50 616 136 648 αὐτὴν
153 614 362 650 ὲνσπειρούσης.
384 614 416 641 Εἰ
428 614 483 648 γὰρ
494 614 601 649 διανοίᾳ
616 614 663 640 καὶ
676 614 747 648 λόγῳ
762 614 838 649 χρῆ-

52 662 114 688 σθαι
126 660 270 696 ἠδύναντο,
287 659 445 694 δυνηθέντες
459 659 492 686 ἂν
515 659 606 691 εὐθὺς,
624 659 683 694 εῐγε
709 660 756 686 καὶ
773 660 837 694 βου-

50 708 177 742 λομένοις
191 704 226 742 ἦν
240 706 334 741 ἁπάσῃ
349 705 449 740 σπουδῇ
465 705 496 732 τὸ
511 704 579 732 Θεδν
591 702 673 738 εἶναι,
687 706 733 732 καὶ
749 706 839 740 φωτὸς

51 751 85 789 ἦν
97 753 132 780 ἂν
145 753 237 784 αὐτοῖς
250 751 459 786 ἐναργέστερον,
482 750 530 777 καὶ
552 751 602 777 ὅσα
626 750 675 786 τῆς
695 751 838 783 εὐσεϐείας

51 798 180 826 ἐντεῦθεν
196 797 303 832 ἀνίσχει
317 797 459 832 δᾴγματα·
485 797 533 824 καὶ
546 795 564 823 ἃ
591 797 640 831 μὲν
655 797 703 828 τὰς
722 797 776 824 τῶν
792 805 838 824 σο-

53 846 112 879 ςῶν
140 831 264 874 διανοίας
286 831 494 877 κατᾚλάμπουσι
517 841 565 869 τοῦ
587 842 656 869 Θεοῦ
677 842 758 877 ἔργα,
782 844 840 875 τοῖς

53 891 162 922 πολλοῖς
188 889 324 923 ἀνέφικτα
348 887 528 923 καθορᾶσθαι,
553 888 694 923 παρείσθω
715 888 773 922 νῦν,
795 889 840 923 ὲγ-

52 938 170 971 κείμενα
185 935 214 962 δὲ
229 936 285 967 τοῖς
298 934 386 961 αὐτῶν
399 934 523 969 βιϐλίοις,
539 933 629 966 ἔξεστι
648 933 687 970 τῷ
698 934 840 970 δυναμένῳ

53 990 81 1007 τε
96 981 147 1007 καὶ
161 979 317 1014 βουλομένῳ
332 978 434 1014 ζητεῖν,
450 977 479 1010 ἐξ
493 975 531 1005 ὦν
546 979 586 1006 ὅτι
601 988 630 1005 τε
644 979 750 1015 ἀνάγκη
767 981 842 1007 πᾶσα

53 1027 99 1053 τὸν
118 1026 185 1053 Θεὸν
201 1023 284 1056 εἶναι,
308 1025 356 1051 καὶ
381 1024 420 1056 ὠς
444 1024 576 1051 ἀδύνατον
595 1025 629 1052 ἂν
652 1025 689 1060 μὴ
704 1023 774 1053 εἶναι
794 1026 841 1053 καὶ

55 1073 128 1108 πέρα
139 1071 242 1102 παντὸς
253 1071 386 1098 ἀδυνάτου
402 1090 410 1104 ,
427 1070 575 1097 δείκνυται.
596 1070 733 1106 Παρίεμεν
749 1071 776 1098 δὲ
795 1072 842 1100 καὶ

55 1119 104 1154 τὴν
121 1118 216 1154 κοινὴν
232 1117 360 1149 ἁπάντων
379 1117 532 1153 ἀνθρώπων
547 1117 637 1151 δόξαν,
653 1117 725 1153 μέγα
737 1126 763 1145 τι
775 1119 843 1154 πρὸς

54 1166 104 1200 τὴν
122 1165 256 1200 ἀλήθειαν
270 1164 435 1200 δυναμένην,
456 1165 535 1200 είτιερ
554 1164 631 1191 οὐδέν
651 1164 844 1199 ἐστιν-ἀληθέ-

56 1220 153 1246 στερον
167 1211 223 1238 τῶν
248 1210 328 1245 φύσει
350 1211 435 1237 πᾶσιν
450 1210 630 1245 ἐγνωσμένων
645 1209 735 1246 ἀρχῶν
745 1219 752 1226 ·
773 1210 844 1245 πλὴν

56 1259 111 1292 γὰρ
129 1257 279 1292 ἐλαχίστων
306 1256 378 1282 πάνυ
403 1256 457 1282 τῶν
484 1256 544 1282 λίαν
567 1256 787 1290 ἀφρονεστάτων,
806 1257 844 1288 ὡς

57 1304 181 1338 εἴρηται,
199 1302 267 1328 Θεὸν
283 1302 383 1333 πάντες
395 1301 514 1328 ἐτίθεντο
525 1309 554 1328 τε
565 1302 613 1328 καὶ
629 1301 758 1334 τίθενται,
774 1301 844 1327 ὥστε

56 1350 106 1376 καὶ
122 1349 153 1375 τὸ
167 1348 195 1374 τί
211 1345 246 1383 ἦν
262 1345 330 1374 εἶναι
350 1347 398 1374 καὶ
410 1347 468 1378 πῶς
484 1344 554 1374 εἶναι
569 1346 662 1373 τοῦτον
680 1346 845 1382 ἐπιζητῆσαι

58 1394 226 1429 θελήσαντες
239 1392 285 1419 διὰ
303 1393 353 1426 τὴν
368 1393 397 1419 ὲν
415 1393 519 1424 τούτοις
532 1392 704 1428 δυσχέρειαν,
720 1392 757 1423 ὡς
770 1392 842 1424 εἰκός

57 1441 119 1467 ιστι
130 1440 197 1475 περὶ
211 1439 278 1466 Θεοῦ
294 1439 501 1472 σκοπουμένοις,
517 1439 556 1471 είς
571 1439 716 1472 διαφόρους
728 1447 846 1473 κατεμε-

59 1485 196 1521 ρίσθησαν
211 1485 350 1520 ἄνθρωποι
373 1484 453 1516 δόξας
476 1485 523 1511 καὶ
547 1484 597 1518 τῆς
614 1484 751 1519 προτέρας
770 1484 844 1518 ὅμως

892 244 1021 272 simulant
1040 249 1068 273 et
1080 245 1170 280 lingua
1187 246 1366 280 quidem'nna
1380 253 1442 274 cum
1463 246 1569 274 caeteris
1584 245 1674 273 omni-

892 291 944 319 bus
956 291 1039 318 Deum
1052 299 1114 319 esse
1130 290 1305 325 conﬁtentur,
1334 292 1361 319 in
1381 292 1464 319 corde
1480 299 1545 320 vero
1559 291 1675 319 insaniae

892 344 1026 365 venenum
1044 338 1198 366 abstrusum
1218 338 1354 371 retinent;
1378 342 1459 373 atque
1476 339 1538 366 ideo
1563 341 1675 366 manent
1707 373 1710 376 .

896 383 1074 411 insanabiles.
1098 383 1132 411 At
1148 391 1234 418 neque
1248 376 1338 412 mente
1353 389 1431 412 tentis
1445 385 1510 412 illud
1527 384 1675 419 impietatis

893 429 1038 464 cogitatum
1067 430 1118 457 sibi
1147 430 1302 463 conferunt,
1332 431 1430 465 quippe
1459 431 1503 465 qui
1527 431 1632 459 alienus
1658 439 1672 457 a

898 480 989 503 mente
1007 475 1090 504 fcetus
1107 476 1177 510 iste;
1198 476 1244 504 sed
1269 477 1295 503 in
1318 476 1399 504 corde
1413 477 1576 505 atbeismum
1592 484 1675 511 gene-

893 525 966 552 rant.
985 516 1148 557 conceptum
1174 522 1278 550 scilicet
1300 531 1330 549 ex
1357 522 1546 550 amentissime
1569 523 1615 549 illo
1640 522 1674 549 ad

893 567 1037 594 sensibiles
1052 572 1226 603 terrenasque
1248 575 1292 595 res
1311 569 1425 603 impetu.
1443 567 1510 594 Nam
1543 567 1566 595 si
1584 572 1675 595 mente

893 612 1000 648 possint
1020 620 1052 640 ac
1071 614 1178 641 ratione
1208 614 1257 646 uti,
1285 615 1357 649 quod
1374 618 1448 642 certe
1465 614 1545 641 facile
1565 617 1677 649 possent

893 657 957 685 dttm
978 657 1052 685 omni
1077 658 1167 686 studio
1182 658 1266 685 Deum
1281 666 1341 686 esse
1355 659 1450 690 velint,
1468 659 1526 694 ipsa
1540 659 1602 686 luce
1615 658 1673 685 cla-

893 704 951 732 rius
976 708 1003 732 et
1026 704 1117 732 divina
1135 704 1235 732 veritas
1257 710 1284 732 et
1300 709 1477 739 quotcunque
1497 705 1530 731 ad
1547 705 1675 739 pietatem

899 751 963 778 inde
984 750 1119 786 prodeunt
1133 751 1258 786 dogmata
1276 751 1331 779 illis
1353 751 1525 786 ell'ulgerent.
1543 751 1629 777 Porro
1643 757 1676 777 ea

895 796 1004 832 quidem
1029 796 1075 824 Dei
1092 803 1174 831 opera
1194 804 1254 831 quae
1270 797 1424 824 doctiorum
1454 800 1561 824 mentes
1576 796 1678 822 illumi-

894 848 972 876 nant.
985 843 1057 878 vulgi
1074 851 1138 870 vero
1158 843 1246 871 oculis
1261 847 1325 870 sunt
1342 843 1497 875 inaccessa,
1510 842 1582 876 quod
1605 848 1677 868 nune

893 893 946 921 est,
972 893 1182 923 praetereamus;
1216 889 1318 916 atenim
1345 896 1407 923 quae
1433 889 1460 915 in
1487 895 1580 916 eorum
1602 887 1677 914 libris

894 938 1080 961 memorantur
1091 933 1179 961 cuivis
1190 934 1286 962 idoneo
1299 941 1330 962 ac
1341 934 1442 962 volenti
1454 934 1518 961 licet
1528 933 1677 967 inquirere,

895 980 967 1007 unde
986 979 1190 1009 demonstratur
1213 984 1240 1007 et
1256 988 1369 1008 necesse
1385 980 1498 1007 omnino
1511 987 1572 1007 esse
1594 979 1678 1006 Deum

896 1026 1029 1054 exsistere
1038 1031 1065 1055 et
1073 1035 1155 1061 supra
1170 1035 1249 1062 quam
1263 1026 1317 1054 diei
1331 1030 1421 1061 potest
1433 1025 1602 1061 impossiblle
1617 1028 1679 1052 eum

898 1079 952 1098 non
968 1079 1041 1099 esse.
1068 1071 1120 1099 Sed
1138 1077 1166 1099 et
1190 1072 1263 1099 illam
1304 1073 1482 1105 praetermitto
1506 1078 1678 1098 communem

895 1116 1021 1144 omnibus
1060 1117 1215 1144 hominibus
1240 1117 1502 1151 sententiam,q_uaa
1535 1124 1589 1143 non
1621 1123 1680 1143 mo-

897 1162 986 1190 dicum
1005 1170 1053 1197 pro
1068 1164 1183 1190 veritate
1198 1163 1281 1196 valet;
1294 1162 1428 1197 siquidem
1447 1162 1589 1198 principiis
1600 1166 1681 1190 natu-

897 1209 991 1236 raliter
1006 1208 1077 1243 apud
1095 1215 1191 1235 omnes
1207 1208 1328 1242 acceptis
1355 1208 1423 1235 nihil
1442 1207 1591 1243 quidquam
1618 1215 1681 1234 cer-

896 1254 961 1281 tius.
985 1252 1064 1286 Natu,
1089 1258 1119 1280 ut
1135 1252 1266 1286 diximus,
1286 1258 1382 1287 praeter
1399 1261 1479 1286 quam
1502 1254 1681 1288 paucissimos

896 1299 1042 1328 admodum
1058 1299 1226 1327 insanientes
1236 1321 1243 1332 ,
1264 1299 1347 1327 Deum
1362 1307 1458 1328 omnes
1473 1304 1640 1335 agnoverunt
1655 1304 1682 1327 et

895 1353 1042 1382 agnoscunt
1053 1353 1060 1378 ;
1070 1345 1107 1373 ita
1119 1352 1215 1380 nempe
1226 1349 1253 1373 ut
1264 1353 1323 1372 cum
1334 1346 1392 1380 ejus
1398 1346 1542 1374 essentiam
1550 1352 1576 1373 et
1588 1345 1682 1372 modos

896 1392 1037 1426 explorare
1048 1391 1221 1424 tentaverint,
1230 1398 1320 1419 rerum
1329 1391 1484 1420 dilIicultate
1492 1391 1589 1427 pressi,
1598 1396 1626 1419 ut
1634 1399 1682 1426 par

894 1442 937 1465 est
949 1437 983 1463 de
995 1435 1049 1463 Deo
1065 1436 1283 1471 speculantibus,
1300 1437 1328 1464 in
1340 1445 1427 1465 vanas
1442 1437 1511 1464 varii
1530 1437 1683 1464 dirisisunt

898 1483 1052 1516 opiniones;
1069 1489 1118 1510 nec
1130 1486 1219 1510 tamen
1232 1490 1247 1510 a
1258 1483 1341 1517 priori
1353 1483 1587 1517 eommuniorique
1598 1489 1681 1510 sensu

57 1532 108 1558 καὶ
135 1531 295 1565 κοινοτέρας
320 1530 370 1557 οὐκ
393 1531 557 1564 ἀφίστανται
584 1530 696 1561 θέσεως.
720 1529 844 1564 Θαύματι

907 1535 1038 1563 lucusque
1056 1528 1195 1556 deliciunt.
1212 1529 1294 1563 Atqui
1312 1529 1484 1555 admirationi
1497 1528 1639 1562 indulgent
1654 1532 1682 1555 et

60 1577 112 1612 μὲν
134 1575 183 1604 οὖν
211 1577 389 1611 ἀσμενίζουσι
418 1576 465 1602 καὶ
497 1577 661 1612 κατέχουσι·
686 1576 716 1602 τὸ
733 1576 787 1610 γὰρ
809 1575 846 1610 μὴ

58 1623 192 1651 δύνασθαι
218 1623 257 1658 τῷ
280 1623 396 1658 ἐμφύτῳ
420 1622 492 1657 λόγῳ
517 1623 662 1649 κατανοεῖν
679 1622 765 1649 ταῦτα
782 1622 847 1657 περὶ

60 1669 140 1702 Geo-3,
168 1669 239 1704 μηδὲ
267 1669 324 1701 τοῖς
345 1668 426 1702 φύσει
454 1669 664 1703 γινωσκομένοις
690 1668 736 1695 καὶ
762 1667 847 1695 ταῦτα

61 1716 196 1751 σύστοιχα
210 1713 291 1748 εἶναι,
306 1714 354 1742 τοῦ
373 1715 440 1742 Θεὸν
456 1713 526 1742 εἶναι
542 1715 680 1742 ποιοῦνται
699 1715 770 1750 μέγα
783 1723 848 1741 τεκ-

62 1764 183 1798 μήριον,
212 1762 291 1798 ειπερ
314 1764 346 1797 τῇ
372 1762 419 1788 τοῦ
442 1762 509 1788 Θεὸν
533 1760 603 1788 εῖναι
628 1761 718 1796 ἐννοίᾳ
743 1761 774 1788 τὸ
797 1760 848 1796 τὴν

60 1810 158 1837 οὐσίαν
177 1809 263 1836 αὑτοῦ
287 1809 324 1844 νῷ
346 1817 376 1835 τε
391 1808 510 1844 ἄληπτον
525 1807 594 1835 εἶναι
614 1808 662 1834 καὶ
676 1807 783 1842 γλώττῃ
799 1807 849 1842 ἄῤ-

62 1858 156 1893 ῥητον,
173 1856 264 1891 σοφῶς
284 1855 352 1882 πάνυ
368 1856 415 1882 καλ⁵
428 1855 535 1886 οίκείως
552 1855 711 1882 ἀκολουθεῖ-
727 1854 787 1881 οὺδὲ
799 1854 849 1885 τὰς

62 1903 156 1930 θεόθεν
172 1901 361 1937 ἀποκαλύψεις
383 1902 433 1936 τῆς
457 1904 521 1936 περὶ
536 1901 618 1938 αὑτὸν
634 1901 762 1935 ἀληθείας
778 1900 851 1926 τίθε-

62 1957 115 1984 μεν
133 1948 195 1981 νῦν,
213 1956 282 1983 προς
297 1956 328 1982 γε
343 1947 393 1983 τὴν
414 1948 509 1982 χρείαν
525 1947 572 1973 τοῦ
584 1947 647 1974 ’τῶν
663 1945 850 1981 ἀφρονευομέ-

61 2004 116 2022 νων
129 1995 256 2029 ἐλέγχου,
269 1994 328 2020 λίαν
341 1994 448 2025 οἰκείως
463 1993 604 2028 προϊόντος
618 1992 664 2019 τοῦ
678 1993 768 2026 λόγου,
782 1992 849 2026 πρὸς

64 2041 162 2076 ἑτέραν
188 2040 283 2075 χρείαν
308 2039 540 2074 παραληψόμενοι.
563 2038 634 2065 Ἀλλ’
654 2039 716 2065 ἐπεὶ
737 2037 802 2064 Θεὸν
819 2037 848 2064 οὐ

64 2086 224 2121 νομίζοντες
242 2083 310 2112 εἶναι
327 2087 376 2120 τήν
401 2093 432 2112 τε
448 2084 502 2112 τῶν
527 2085 613 2111 ὅντων
637 2083 779 2119 ἀναιροῦσι
805 2083 852 2119 δη-

66 2132 215 2167 μιουργίαν
234 2133 280 2159 καὶ
304 2132 353 2166 τὴν
377 2132 417 2163 είς
432 2131 521 2161 πάντα
545 2130 631 2158 ταῦτα
655 2130 849 2166 διατρέχουσαν

62 2178 111 2205 τοῦ
132 2170 310 2214 Δημιουργοῦ
324 2179 462 2213 πρίνοιαν,
479 2177 631 2208 ἀκολούθως
647 2178 679 2212 τῇ
695 2177 850 2211 ἑνταθείσῃ,

65 2226 160 2255 αὐτοῖς
178 2224 206 2250 ἐν
220 2223 258 2258 τῷ
273 2224 356 2250 παντὶ
369 2223 437 2258 τῷδε
451 2223 528 2256 τάξει
541 2223 588 2249 καὶ
598 2222 760 2257 αὐτομάτως
775 2222 809 2249 τά
823 2230 854 2248 τε

64 2275 131 2301 ὂντα
151 2269 223 2298 εἶναι
248 2270 283 2297 τά
307 2278 336 2295 τε
363 2269 495 2304 γινόμενα
518 2268 643 2303 γίνεσθαι
667 2268 779 2300 οίονται,
806 2269 854 2295 καὶ

67 2319 142 2350 ἅπας
158 2316 238 2347 ἄλλος
258 2315 344 2349 ἑσμὸς
363 2314 409 2341 τοῦ
425 2314 540 2349 ψεύδους
562 2313 687 2340 ἐντεῦθεν
700 2313 852 2346 ἀκολουθεῖ,

66 2366 149 2401 ἀρκεῖ
174 2362 243 2398 πρὸς
265 2363 315 2396 τὴν
342 2361 483 2397 παροῦσαν
509 2360 605 2395 χρείαν
632 2360 766 2387 πυθέσθαι
781 2360 852 2392 τινὸς

66 2411 158 2439 αὐτῶν
172 2409 246 2436 ἁπλᾶ
257 2417 317 2435 τινα
328 2410 375 2435 καὶ
390 2407 459 2434 πάνυ
475 2407 578 2442 βραχέα
593 2407 659 2441 περὶ
673 2406 757 2434 αὐτοῦ
774 2406 853 2441 μόνου

68 2458 114 2484 καὶ
146 2456 227 2491 μόνον
254 2454 334 2481 αὑτὸν
359 2454 471 2488 ἔλεγχον
494 2453 543 2487 τῆς
571 2453 673 2484 οίκείας
697 2452 854 2487 ἀφροσύνης

68 2502 276 2539 προστήσασθαι
301 2501 456 2534 ἐξ·ὸ).ίγων
471 2508 499 2526 τε
520 2501 566 2527 καὶ
582 2499 781 2535 φανερωτάτων
800 2499 855 2525 τῶν

69 2550 135 2585 περὶ
149 2548 234 2576 αὐτὸν
252 2546 435 2582 φαινομένων.

107 2637 253 2672 Ἄνθρωπε
263 2656 271 2668 ,
287 2636 318 2663 σὺ
334 2636 388 2662 τῶν
401 2636 488 2663 ἄλλων
501 2636 531 2662 ὲι
552 2637 587 2670 γῇ
605 2634 774 2670 πραγμάτων
790 2643 856 2668 προ-

75 2685 146 2720 έχεις
164 2685 198 2718 τῇ
219 2682 299 2716 φύσει
315 2682 456 2717 προδήλως
474 2683 519 2708 καὶ
535 2683 584 2717 τῆς
603 2681 654 2715 γῆς
678 2681 777 2716 αἰτῇς·
804 2680 856 2715 γῆς

75 2731 124 2765 μὶν
140 2729 303 2765 ὕπέρκεισαι
321 2728 368 2755 καὶ
392 2727 465 2754 λίθου
480 2729 536 2759 τοῖς
558 2729 588 2754 ὲν
612 2727 655 2754 σοὶ
677 2720 856 2759 πᾶσιλκαλοῖς

72 2774 123 2809 τῆς
141 2773 261 2808 φύσεως,
279 2772 452 2808 σωματότητι
471 2772 539 2808 μόνῃ
563 2772 668 2804 τούτοις
691 2773 834 2807 ὲνούμενος
846 2779 854 2787 “

72 2820 119 2846 καὶ
139 2819 172 2845 σὺ
191 2818 245 2853 γὰρ
263 2817 343 2852 σῶμα
361 2816 528 2852 περίκεισαι,
551 2817 575 2843 εί
589 2817 616 2842 δὲ
632 2816 733 2850 βούλει,
755 2815 801 2842 καὶ
817 2815 856 2849 τῷ

74 2863 143 2892 ιῖναι
158 2865 172 2890 ὂ
189 2863 279 2891 κοινόν
298 2864 354 2890 ἔστι
370 2864 425 2895 τοῖς
441 2862 499 2890 vim
516 2865 597 2890 πίςιν
615 2862 717 2894 ἁπλῶς.
735 2861 812 2896 Φυτῷ
827 2862 854 2888 δὲ

898 1573 1031 1601 inhaerent
1053 1583 1060 1601 :
1093 1582 1154 1602 cum
1179 1575 1252 1603 enim
1276 1575 1333 1603 haec
1359 1575 1393 1602 de
1415 1574 1470 1602 Deo
1498 1573 1608 1609 praefata
1632 1581 1682 1601 nec

897 1622 982 1649 indita
999 1621 1104 1649 ratione
1118 1622 1223 1657 possint
1239 1622 1352 1657 intelligi
1363 1629 1452 1657 neque
1468 1622 1551 1649 rebus
1565 1624 1681 1648 natura-

899 1667 960 1695 liter
976 1668 1049 1695 notis
1065 1668 1301 1703 sintcongenerte,
1329 1668 1392 1695 biuc
1416 1668 1500 1695 Deum
1523 1675 1585 1695 esse
1601 1674 1684 1701 arguc

899 1717 1020 1740 mentuut
1037 1721 1089 1740 non
1105 1714 1162 1741 leve
1178 1714 1228 1741 sibi
1248 1717 1407 1749 comparant
1424 1721 1431 1741 :
1447 1713 1580 1748 siquidem
1596 1713 1683 1748 posito

900 1760 976 1794 prius
1003 1759 1076 1787 illum
1095 1760 1237 1790 exsistere.
1263 1765 1318 1787 tum
1336 1760 1396 1795 ejus
1421 1759 1568 1787 essentiam
1595 1766 1684 1794 neque

901 1804 1038 1832 intellectu
1054 1805 1249 1838 comprehendi
1267 1812 1317 1832 nec
1331 1811 1456 1832 sermone
1472 1804 1606 1832 declarari
1624 1811 1685 1838 pos-

901 1857 940 1882 se,
959 1857 1088 1885 perquam
1107 1850 1232 1885 apposite
1246 1858 1278 1877 ac
1302 1851 1419 1886 genuine
1440 1858 1610 1885 consequens
1632 1854 1684 1877 est.

900 1896 994 1932 Neque
1014 1897 1120 1924 divinas
1137 1896 1170 1923 de
1185 1896 1306 1930 ejusdem
1334 1896 1380 1924 Dei
1397 1899 1509 1923 veritate
1535 1895 1682 1923 revelatio.

901 1950 949 1971 nes
963 1944 990 1970 in
1006 1943 1210 1978 praesentiarum
1232 1943 1364 1971 adducam
1378 1951 1385 1976 ;
1401 1950 1462 1970 cum
1476 1943 1508 1970 ad
1524 1950 1572 1970 eos
1588 1942 1686 1969 conlu-

902 1989 1008 2022 tandos,
1024 1990 1070 2025 qui
1084 1990 1121 2016 ita
1138 1989 1308 2017 dementiunt
1333 1989 1475 2024 aptissime
1503 1989 1574 2016 ratio
1590 1996 1636 2023 per
1656 1996 1686 2015 se

902 2036 1036 2071 proﬁciat.
1050 2041 1176 2064 ceterum
1194 2036 1254 2064 illas
1276 2035 1358 2063 alium
1379 2035 1412 2062 ad
1442 2035 1520 2063 linem
1541 2035 1684 2062 allaturus.

904 2081 959 2109 Sed
978 2082 1108 2117 quoniam
1124 2082 1208 2109 semel
1224 2082 1330 2116 abjeeto
1349 2081 1404 2108 Deo
1415 2081 1517 2109 entium
1534 2085 1685 2108 creatorem

903 2128 984 2156 simul
1011 2128 1140 2156 auferunt
1159 2133 1186 2155 et
1205 2128 1344 2156 Creatoris
1364 2136 1412 2163 per
1437 2129 1494 2156 haec
1516 2129 1606 2156 omnia
1623 2135 1686 2162 per-

905 2177 1040 2200 mcanlem
1060 2173 1271 2206 Providentiam,
1293 2180 1507 2201 consentaneum
1527 2179 1579 2206 est.
1597 2182 1628 2201 ex
1647 2174 1687 2208 ip-

905 2226 997 2246 sorum
1011 2219 1044 2246 de
1061 2219 1103 2246 bis
1120 2219 1256 2246 universis
1274 2219 1388 2246 inducto
1403 2224 1560 2254 systemnte,
1577 2223 1605 2246 ιιι
1620 2227 1686 2246 casu

905 2272 965 2292 esse
988 2272 1050 2299 quae
1075 2269 1141 2292 sunt
1165 2269 1192 2292 et
1214 2265 1272 2292 fieri
1299 2273 1358 2299 quae
1386 2265 1454 2292 ﬁunt
1495 2266 1686 2297 arbitrentur,

905 2318 938 2337 ac
954 2308 1073 2337 indidem
1090 2310 1266 2345 omnigenum
1286 2310 1358 2337 aliud
1378 2310 1480 2338 erroris
1495 2318 1590 2345 agmen
1608 2318 1688 2338 exse-

906 2355 1008 2390 quitur.
1025 2355 1131 2383 Idcirco
1145 2360 1188 2383 sat
1206 2355 1303 2389 eritiad
1319 2361 1481 2390 praesentem
1497 2364 1609 2392 scopum
1628 2358 1689 2385 cui-

905 2402 977 2436 pium
993 2408 1089 2428 eorum
1119 2401 1299 2429 brevissimus
1313 2401 1449 2436 quasdam
1468 2406 1495 2429 et
1515 2407 1623 2436 apertas
1648 2402 1688 2429 in-

907 2448 1106 2483 terrogationes
1120 2447 1191 2475 circa
1209 2447 1297 2482 ipsum
1312 2448 1398 2475 solum
1413 2455 1565 2482 proponere
1588 2456 1687 2474 unum-

906 2502 960 2529 que
989 2494 1074 2529 ipsum
1113 2493 1166 2521 sibi
1194 2493 1220 2520 in
1248 2494 1374 2521 amentiae
1410 2502 1466 2522 suae
1499 2499 1689 2529 argumentum

907 2539 1041 2575 proferre,
1056 2538 1163 2565 scilicet
1175 2545 1207 2565 ex
1228 2538 1403 2571 paucissimis
1420 2539 1690 2575 erideutissimisquc

907 2593 967 2621 quae
983 2585 1016 2612 ad
1030 2586 1121 2620 ipsum
1140 2583 1257 2611 attinent
1272 2584 1468 2619 plttenomenis.

942 2631 976 2658 Mi
998 2632 1090 2662 homo,
1113 2635 1140 2658 tu
1163 2630 1307 2658 manifeste
1332 2631 1437 2659 caeteris
1462 2632 1578 2659 terrenis
1608 2631 1691 2661 rebus

906 2679 1013 2715 ipsique
1052 2683 1129 2706 terra:
1157 2684 1252 2705 natura
1281 2683 1423 2712 prmstas:
1459 2683 1559 2706 terram
1596 2686 1693 2713 nempe

907 2728 934 2752 et
948 2724 1061 2758 lapilem
1081 2723 1195 2751 internis
1209 2723 1336 2750 omnibus
1354 2727 1456 2749 natura:
1479 2723 1591 2749 dotibus
1608 2730 1690 2757 supc-

909 2776 964 2801 ras,
984 2776 1098 2804 corpore
1110 2773 1214 2796 tantum
1231 2776 1293 2796 cum
1309 2769 1362 2796 illis
1377 2768 1512 2795 adnuatus
1529 2768 1601 2802 (nam
1618 2773 1645 2795 et
1661 2774 1693 2796 tu

909 2823 1024 2850 corpore
1037 2815 1278 2850 circumvestiris);
1294 2821 1340 2842 aut
1355 2815 1446 2847 etiam,
1466 2815 1488 2842 si
1504 2815 1603 2849 placet,
1617 2815 1697 2849 ipso:

909 2866 962 2889 met
977 2868 1037 2890 esse
1053 2861 1125 2896 quod
1144 2862 1278 2890 universis
1296 2861 1406 2890 otnuiuo
1429 2861 1536 2890 cutibus
1550 2862 1694 2889 convenit,
