1879 3060
34 125 121 157 577
617 126 667 156 DE
686 125 760 155 ΒΕο
779 125 820 155 1N
841 124 1051 155 TRIMTATE
1068 125 1156 157 UNO.
1637 128 1687 159 578

30 185 83 211 Θε
94 185 195 220 μένου,
211 185 247 220 ῆν
262 185 343 216 αὐτὸς
361 185 441 220 μόνος
457 185 490 213 ἂν
508 185 622 221 ἠδύνατο
635 185 681 212 καὶ
698 185 781 217 λύειν,
799 184 841 217 εἵγ

943 192 1012 227 cere,
1027 184 1096 211 idem
1114 189 1140 211 ct
1155 184 1303 212 dissolvere
1332 190 1413 220 atque
1434 186 1534 214 delere.
1562 187 1602 214 Τιι
1633 196 1697 216 vero

32 232 203 260 ἐϐούλετο,
220 231 258 258 Τὸ
274 232 302 258 δὲ
319 233 486 266 συμπλέκειν
502 231 586 259 ταῦτα
602 233 742 262 εὐτάκτως
758 232 844 257 ταυτό·

948 240 971 258 m
991 231 1118 263 a-dilicas,
1137 232 1189 258 etsi
1205 234 1294 259 varias
1311 233 1390 260 etiam
1412 234 1561 269 compingis
1573 239 1694 268 naturas,

31 278 126 304 ἐστι
143 277 182 312 τῷ
199 278 298 310 ποιεῖν,
320 279 368 304 καὶ
391 278 429 313 τῷ
444 278 567 313 φθείρειν
582 278 612 304 τὸ
631 277 751 304 διαλύειν
763 284 770 292 ·
789 278 812 303 εἰ
827 276 844 303 δι

952 284 1005 304 non
1019 284 1067 311 pro
1083 281 1150 303 nutu
1167 277 1287 311 quidem,
1303 279 1349 305 sed
1365 284 1394 306 ut
1411 279 1480 307 forte
1504 280 1649 315 contigerit
1669 287 1697 309 et

36 323 237 357 συμπλέκεις
266 324 314 350 καὶ
340 324 372 350 σὺ
401 325 547 359 διαφόρους
572 324 666 357 φύσεις
693 323 853 356 οἰκοδομῶν,

36 368 124 394 ἁλϊ
136 369 186 403 οὐχ
202 369 240 400 ὠς
254 369 287 396 ἂν
307 369 477 405 βουληθείης,
492 370 530 401 ὡς
546 369 580 396 ἂν
596 369 623 395 δὲ
646 369 854 403 συμπλέκοιντο,

908 324 975 349 artis
993 327 1044 349 tuae
1057 322 1199 356 dispositio
1220 325 1326 350 naturis
1352 324 1489 353 subditur.
1513 325 1589 353 Unde
1614 333 1696 361 coag-

911 373 1016 396 mentas
1032 368 1123 400 modo,
1141 376 1195 395 non
1211 376 1274 396 vero
1285 376 1372 397 creas.
1396 370 1451 408 Qui
1471 376 1559 398 autem
1586 377 1695 400 cutibus

37 414 112 439 καὶ
135 414 151 448 ἡ
176 414 226 448 τῆς
242 415 291 449 σῆς
305 415 402 450 τέχνης
418 414 564 451 ὲφαρμογὴ
588 416 621 450 τῇ
640 414 783 449 συμπλοκῇ
803 413 844 440 τῶπ

947 414 1047 441 turales
1062 419 1135 448 aptat
1154 416 1340 448 proprietates.
1353 415 1397 443 ille
1407 417 1500 450 procul
1520 417 1602 443 dubio
1615 422 1657 444 est
1668 422 1695 445 et

40 459 176 492 φύσεων
189 460 287 488 ἕπεται
297 469 305 477 ·
316 461 378 488 ὅθεν
392 461 561 496 συμπλέκεις
578 461 658 496 μόνον
667 460 714 487 καὶ
724 459 755 486 οὐ
769 459 856 490 ποιεῖς

41 505 163 536 αὑτάς.
192 505 222 532 '0
238 507 329 537 δὲτὰς
351 508 468 541 φυσικὰς
482 507 648 542 συμπλέκων
673 506 808 539 ἰδιότητας
826 505 855 531 ὲν

43 553 121 582 τοῖς
137 551 200 578 οὖσι
217 554 266 579 καὶ
282 554 395 588 ποιητὴς
415 554 504 580 αὐτῶν
524 554 582 580 ἐστι
597 553 683 588 δήπου
695 560 702 567 ·
717 552 790 578 ποιεῖ
802 550 856 584 γὰρ

47 598 111 623 καὶ
127 598 279 633 ὑφίστησιν
298 598 394 632 οὓτως,
410 599 449 630 ὡς
472 600 506 626 ἂν
519 599 565 626 καὶ
588 597 796 633 συμπλέκεσθαι
810 596 857 622 δυ-

908 467 1004 487 eorum
1028 459 1125 487 iactor.
1154 460 1195 487 Ita
1234 468 1350 495 namque
1390 463 1476 496 ipsam
1514 463 1694 491 subStantiam

909 505 989 532 eilicit
1003 511 1032 531 ut
1045 505 1151 540 possint
1166 505 1199 532 ad
1214 505 1328 539 hujusce
1352 507 1432 534 totius
1447 507 1539 534 mundi
1558 509 1696 542 composi-

910 551 1010 577 tionem
1027 551 1161 585 adaptari,
1172 556 1252 586 prout
1267 552 1302 578 illi
1315 553 1463 586 profuerit;
1478 561 1558 587 quem
1575 554 1607 580 ad
1616 554 1697 581 linem

911 602 1006 622 omnes
1021 595 1140 622 universi
1155 600 1246 629 partes
1258 597 1580 626 confecitetconciliavit.

46 644 174 678 νηθεῖεν
190 645 259 679 πρὸς
278 645 337 676 ὲνδς
354 645 400 672 τοῦ
416 645 515 676 παντὸς
537 644 615 672 τοῦδε
631 644 770 677 σύστασιν,
788 643 848 678 ἥτις
861 638 895 677 ἦν
913 640 988 676 αὐτῷ
1007 640 1145 677 προῦργου
1160 649 1167 657 ·
1188 643 1235 669 καὶ
1261 643 1356 669 τούτου
1381 644 1462 678 χάριν
1497 644 1531 670 τὰ
1548 644 1595 671 τοῦ
1627 654 1697 672 παν-

46 691 108 721 ςὴ
124 691 217 717 ἐποίει
232 699 262 717 τε
276 692 324 718 καὶ
345 691 493 718 συνέπλεκε
509 691 588 727 μέρη.

98 737 132 764 Εἰ
150 737 174 763 δ’
189 737 222 764 ἐκ
236 737 351 772 μηδενὸς
365 737 420 764 τῶν
439 738 578 769 τοιούτων,
599 737 652 764 ἀπο
672 736 772 764 σαυτοῦ
788 735 853 771 γοῦν

54 782 151 816 μόνου
165 783 213 808 καὶ
229 784 278 817 τῆς
295 783 345 818 σῆς
361 784 468 817 φύσεως
491 784 538 810 καὶ
549 783 605 810 τῶν
627 783 682 810 σῶν
695 783 783 817 ἔργων
800 782 853 809 ἔδει

52 837 93 854 σε
108 830 160 855 τὸν
176 829 329 864 ἐπιγνῶναι
345 830 519 865 δημιουργὸν,
541 830 571 861 ὃς
588 839 628 856 σοι
643 830 711 864 μετὰ
723 829 769 857 τοῦ
783 827 854 856 εῖναι

943 730 992 758 Sin
1005 737 1069 758 vero
1081 729 1214 757 nihildum
1233 731 1367 759 movearis
1379 731 1531 765 hujusmodi
1548 733 1694 768 exemplis.

907 785 939 805 ex
953 777 1097 811 temetipso
1108 781 1179 804 certe
1191 777 1298 811 quidem
1312 782 1411 812 tuaque
1421 783 1516 806 natura
1527 784 1554 807 et
1566 780 1696 814 operibus

913 824 959 852 tibi
973 827 1078 851 creator
1096 827 1154 849 erat
1170 823 1370 858 agnoscendus,
1386 831 1401 850 a
1418 832 1471 858 quo
1493 829 1547 852 tum
1562 832 1622 853 esse
1640 831 1695 853 tum

52 876 109 901 καὶ
125 876 178 910 τὴν
196 877 264 911 πρὸς
281 876 366 903 τᾶλλα
388 877 489 904 δέδωκε
504 877 580 909 τάξιν
592 885 598 893 ·
623 877 670 904 καὶ
689 876 792 911 ταύτην
810 884 844 902 σοι

949 870 1053 904 reliqua
1063 869 1184 897 ordinari
1197 874 1293 897 nactus
1311 877 1351 897 es.
1364 870 1439 897 llanc
1449 871 1529 905 igitur
1538 878 1598 906 ego,
1607 872 1697 905 negle-

51 921 111 953 τὴν
126 922 190 948 ὁδον
216 922 265 949 νῦν
280 923 360 957 ἡμεῖς
377 923 408 950 ἐκ
435 923 593 958 περιουσίας
619 924 678 950 ἀντὶ
695 922 801 950 πολλῶν
823 931 853 949 τε

55 967 157 994 ἄλλων
171 969 220 995 καὶ
245 970 405 1003 σοφωτέρων
429 970 496 996 ὁδῶν
510 969 715 1005 προὺθήκαμεν,
737 969 788 996 οὐκ
809 968 853 996 ἐπ’

55 1013 172 1048 ἐλέγχῳ
189 1014 271 1049 μόνον
287 1015 336 1049 τῆς
352 1016 400 1049 σῆς
416 1015 583 1051 ἀφροσύνης,
600 1016 667 1042 ἀλλὰ
683 1016 731 1043 καὶ
757 1024 855 1050 συνερ-

56 1060 113 1094 γοῦ
122 1069 193 1092 nu,
215 1061 309 1088 εἴποτε
325 1061 486 1097 βουληθείης
499 1062 624 1090 ἐντεῦθεν
638 1063 703 1097 γοῦν
718 1062 854 1097 ἠργμένος

53 1106 107 1133 τοῦ
127 1116 156 1133 σε
173 1108 221 1133 καὶ
237 1108 326 1134 πάντα
342 1110 505 1143 ποιήσαντος
521 1109 709 1136 συναισθέσθαι
723 1109 803 1136 Θεοῦ.
817 1109 853 1135 Σὺ

55 1151 88 1176 δὲ
103 1152 157 1186 τῆς
173 1152 225 1185 μὲν
240 1152 328 1184 οἰκίας
343 1153 510 1188 δημιουργὸν
525 1154 623 1181 σαυτδν
641 1151 710 1181 εἶναι
724 1154 788 1189 φῂς,
806 1153 854 1180 καὶ

56 1195 135 1222 πάνυ
151 1196 253 1230 καλῶς,
277 1197 325 1224 καὶ
348 1199 398 1230 τῆς
414 1200 442 1225 ὲν
459 1199 499 1225 σοὶ
525 1199 572 1225 τοῦ
589 1199 767 1234 δημιουργεῖν
782 1197 853 1224 οὕτω

57 1241 166 1275 τέχνης
183 1242 270 1269 αἴτιον
294 1243 340 1270 τὸν
358 1243 502 1277 διδάξαντά
520 1253 548 1271 σε
563 1246 664 1280 ταύτην
689 1245 831 1280 ὁμολογεῖς
844 1254 852 1262 ·

59 1287 138 1322 ειπερ
154 1288 212 1315 οὐδ¹
227 1289 309 1321 εὐθὺς
333 1290 501 1325 γεννηθέντι,
520 1291 588 1326 μετὰ
603 1291 632 1318 δὲ
656 1291 705 1327 τὴν
722 1292 853 1326 δευτέραν

57 1332 174 1366 ἠλικίαν
187 1334 289 1369 παρῆν,
313 1335 415 1367 πάσαις
433 1338 620 1371 παρασκευαῖς
636 1338 667 1364 ὲκ
681 1338 731 1372 τῆς
745 1338 853 1373 φύσεως

59 1379 247 1414 ἑξηρτυμένῳ
271 1381 360 1413 καλῶς
375 1382 442 1415 πρὸς
458 1383 488 1408 τὸ
511 1383 641 1410 δύνασθαι
659 1385 806 1418 μανθάνειν
821 1394 852 1412 τε

61 1426 112 1450 καὶ
127 1425 306 1460 ἐργάζεσθαι.
322 1427 377 1454 Καὶ
388 1427 450 1453 οὔτε
465 1428 552 1462 λέγεις
569 1429 618 1461 τὴν
631 1430 721 1456 οὶκίαν
735 1430 853 1465 αὐτόμα-

59 1478 111 1495 τον
125 1470 318 1507 ὑποστῆναι,ἦ
334 1473 388 1507 γὰρ
401 1472 435 1500 ἂν
449 1474 531 1509 αὐτῆς
546 1474 595 1500 οὐκ
610 1474 725 1510 ἀπῄτεις
744 1476 851 1510 μισθὸν,

60 1517 122 1543 οὔτ’
147 1518 310 1552 αὐτομάτως
326 1527 367 1545 σοι
382 1519 432 1554 τὴν
457 1520 555 1555 τέχνην
570 1519 660 1547 ἐλθεῖν
674 1529 681 1536 -
699 1522 729 1547 οὐ
752 1521 804 1558 γὰρ
818 1522 852 1549 ἂν

62 1563 119 1589 ἔδει
137 1572 167 1589 σε
197 1564 388 1599 προσεδρεύειν
410 1565 544 1598 φοιτῶντα
559 1566 618 1592 οὐδὲ
638 1567 751 1601 μισθοὺς
769 1568 850 1594 ὑπισ-

62 1608 189 1642 χνεῖσθαί
213 1603 242 1635 τέ
268 1610 316 1636 καὶ
344 1611 476 1646 παρέχειν
496 1612 534 1646 τῷ
555 1612 692 1640 δεικνύναι
714 1621 755 1639 σοι
770 1613 852 1640 δυνα-

64 1654 141 1688 μένῳ
155 1663 162 1670 ’
177 1654 224 1681 τοῦ
238 1655 260 1681 δ’
274 1656 306 1681 ἐκ
325 1655 413 1690 ψυχῆς
432 1664 462 1682 σε
479 1657 640 1684 συνεστάναι
658 1659 704 1685 καὶ
724 1658 852 1692 σώματος

62 1701 113 1726 καὶ
127 1700 177 1734 τὴν
192 1701 240 1735 μὶν
252 1701 339 1735 ψυχὴν
355 1702 499 1733 τοσαύταις
516 1703 634 1730 συνεῖναι
648 1705 695 1730 καὶ
709 1704 850 1736 τοιαύταις

61 1746 211 1780 δυνάμισι,
228 1746 258 1773 τὸ
281 1747 309 1773 δὲ
325 1747 405 1782 σῶμα
421 1748 557 1779 τοσούτοις
577 1750 760 1777 συντεθεῖσθαι
780 1759 850 1777 στοι-

62 1791 160 1825 χείοις,
176 1791 194 1818 ἃ
211 1793 267 1824 τοῖς
280 1793 326 1819 τοῦ
345 1794 448 1823 κόσμου
473 1794 612 1829 στοιχείοις
635 1795 770 1831 ᾠκείωταί
792 1805 850 1828 πως

61 1837 142 1863 τοῦδε
166 1837 213 1864 τοῦ
239 1838 308 1872 πρὸς
324 1839 400 1873 ἡμῖν,
426 1836 485 1866 εἶτα
501 1840 639 1871 τοσούτοις
666 1841 731 1867 αὐτὸ
753 1842 848 1875 μέρεσι

61 1884 111 1909 καὶ
142 1883 248 1918 μορίοις
276 1883 465 1919 διακεκρίσθαι
491 1893 521 1911 τε
544 1885 612 1919 ὁμοῦ
635 1886 681 1912 καὶ
713 1887 846 1921 ἡνῶσθαι.

61 1928 229 1963 ὁμοιομερές
243 1937 274 1955 τε
291 1929 336 1955 καὶ
353 1930 560 1966 ἀνομοιομερὲς,
577 1932 623 1958 καὶ
639 1932 787 1967 ὲνδοτέροις
801 1934 848 1960 καὶ

62 1976 204 2009 φανεροῖς,
230 1975 275 2002 καὶ
297 1975 373 2009 τάξιν
400 1977 489 2003 αἰτίου
515 1986 544 2004 τε
571 1978 617 2004 καὶ
639 1979 761 2005 αἰτιατοῦ
779 1980 847 2015 πρὸς

63 2022 169 2056 ἄλληλα
183 2021 286 2056 ἔχουσι,
309 2021 417 2049 καὶτοῦ
433 2023 481 2057 τὴν
501 2023 589 2058 ψυχὴν
605 2024 776 2051 τελειοῦσθαι
798 2025 848 2059 μὲν

64 2068 103 2098 εἰς
117 2068 218 2102 ἀρετὴν
233 2067 363 2094 δύνασθαι
378 2069 425 2095 καὶ
441 2070 535 2104 σοφίαν
550 2071 694 2106 χρωμένην
705 2071 793 2105 ὀρθῶς
809 2071 848 2106 τῷ

63 2112 184 2146 σώματι,
201 2108 310 2146 φαύλως
325 2112 353 2138 δὲ
370 2115 544 2148 κεχρημένην
556 2115 718 2149 ἀμφοτέρων
731 2117 848 2151 διαμαρ-

63 2158 153 2183 τὰιειν
169 2160 216 2184 καὶ
242 2158 309 2193 πρὸς
329 2159 378 2194 τὴν
400 2160 525 2186 ἐναντίαν
548 2160 627 2194 ἥκειν
651 2161 784 2195 διάθεσιν,
801 2163 847 2190 καὶ

904 916 955 944 clis
974 916 1036 944 aliis
1059 915 1184 950 pluribus
1207 916 1294 950 iisque
1307 916 1548 951 optimis,alteram
1565 925 1597 944 ex
1611 917 1695 944 abun-

904 963 979 991 danti
991 963 1061 991 viam
1076 970 1207 998 propone,
1219 971 1272 990 non
1288 967 1316 990 ut
1327 969 1398 990 tuam
1415 963 1493 991 modo
1503 964 1639 992 confutem
1653 964 1693 991 in-

905 1009 1020 1040 saniam.
1034 1009 1080 1036 sed
1093 1009 1174 1036 etiam
1191 1009 1325 1043 adjuvem,
1342 1009 1363 1036 si
1377 1017 1428 1044 qua
1442 1010 1549 1037 tandem
1566 1010 1628 1037 hinc
1641 1018 1695 1038 caa-

905 1057 975 1090 pisse
993 1055 1058 1083 velis
1079 1055 1117 1081 tui
1142 1054 1315 1089 omniumque
1348 1055 1514 1082 conditorem
1531 1055 1693 1090 intelligere

905 1100 1000 1129 Deum.
1011 1100 1050 1128 Tu
1062 1108 1126 1135 ergo
1142 1100 1238 1127 domus
1255 1100 1447 1128 aeiiiicatorem
1465 1100 1579 1135 teipsum
1595 1101 1647 1133 ais,
1667 1106 1694 1128 et

905 1147 984 1182 plane
992 1146 1087 1174 merito
1097 1155 1104 1179 ;
1113 1151 1193 1181 atque
1205 1146 1285 1181 hujus
1297 1147 1364 1174 artis
1375 1153 1437 1173 eum
1451 1147 1498 1174 tibi
1510 1154 1620 1174 causam
1632 1155 1693 1175 esse

905 1192 998 1220 fateris
1011 1201 1025 1220 a
1038 1200 1092 1228 quo
1107 1192 1226 1220 didicisti
1239 1201 1246 1225 ;
1259 1193 1412 1228 quippequi
1425 1200 1473 1220 nec
1484 1193 1584 1220 dudum
1599 1199 1690 1226 natus,

906 1238 1016 1266 nonnisi
1033 1238 1138 1266 lirmata
1153 1239 1208 1274 jam
1224 1243 1311 1269 aelate,
1328 1238 1360 1266 ad
1381 1238 1431 1266 hoc
1443 1246 1491 1274 par
1510 1239 1641 1272 evaseris,
1655 1240 1692 1266 in-

910 1289 1033 1312 structus
1052 1285 1157 1312 scilicet
1171 1285 1297 1313 omnibus
1310 1288 1414 1312 natura
1425 1285 1533 1312 dotibus
1544 1290 1571 1312 ut
1586 1286 1692 1314 discere

905 1338 999 1366 posses
1017 1335 1043 1358 et
1055 1331 1189 1359 exerceri.
1211 1331 1337 1359 Attamen
1359 1339 1445 1366 neque
1461 1331 1571 1359 domum
1588 1333 1690 1360 asset-is

905 1386 969 1406 casu
986 1379 1129 1412 exsistere,
1145 1387 1207 1406 nam
1223 1379 1374 1406 mercedem
1394 1379 1516 1413 profecto
1534 1387 1566 1406 cx
1581 1387 1613 1407 ea
1636 1387 1690 1407 non

904 1428 1062 1459 expeteres;
1075 1432 1162 1459 neque
1182 1424 1293 1451 fortuito
1308 1424 1355 1452 tibi
1374 1424 1495 1452 innatam
1507 1431 1605 1456 artem,
1633 1429 1690 1452 tttm

904 1469 976 1497 enim
993 1477 1046 1496 non
1061 1469 1204 1505 oportebat
1229 1470 1387 1506 magistrum
1408 1470 1475 1498 adeo
1503 1471 1689 1505 frequentare,

905 1523 1085 1550 nummosque
1097 1516 1231 1551 spondere
1243 1521 1270 1543 et
1296 1517 1413 1544 solvere.
1429 1516 1507 1544 Nunc
1514 1521 1602 1545 autem
1617 1518 1688 1551 quod

903 1559 992 1587 anima
1011 1565 1119 1587 constes
1134 1565 1161 1587 et
1172 1566 1385 1596 corpore,atque
1400 1566 1437 1588 tot
1451 1562 1588 1597 tantisque
1598 1563 1689 1589 anima

903 1607 938 1635 sit
956 1608 1089 1635 instructa
1118 1608 1229 1640 viribus,
1246 1615 1344 1644 corpus
1366 1613 1457 1636 autem
1481 1613 1520 1636 tot
1548 1609 1689 1637 elementis

902 1654 1166 1688 canstitutnm,qua2
1181 1662 1242 1681 cum
1269 1654 1382 1690 hujusce
1413 1655 1486 1682 circa
1514 1663 1563 1683 nos
1594 1655 1687 1683 mundi

901 1698 1042 1732 principiis
1057 1699 1114 1727 fere
1134 1701 1299 1734 conlestrunt,
1313 1701 1385 1736 quod
1414 1706 1468 1729 tam
1490 1702 1583 1729 multis
1614 1703 1686 1730 istud

901 1744 1024 1777 partibus
1048 1749 1073 1771 et
1094 1744 1233 1779 particulis
1249 1749 1284 1772 sit
1306 1747 1465 1774 distinctum
1481 1749 1561 1775 simul
1577 1752 1604 1776 et
1621 1749 1689 1777 adu-

900 1794 1005 1821 natum,
1022 1790 1159 1819 similibus
1188 1799 1219 1819 ac
1242 1791 1433 1826 dissimilibus,
1459 1793 1630 1829 internisque
1658 1800 1687 1824 et

900 1836 1094 1869 apparentibus
1119 1837 1310 1872 compositum,
1328 1846 1388 1872 quas
1416 1839 1487 1866 inter
1513 1847 1543 1867 se
1571 1840 1686 1868 invicem

900 1881 1005 1907 ratione
1022 1888 1110 1909 causa:
1125 1887 1152 1909 et
1163 1882 1275 1910 elfcctus
1298 1884 1470 1916 ordinantur,
1484 1886 1556 1920 qttod
1575 1886 1686 1922 insuper

900 1926 991 1952 anima
1004 1926 1103 1955 virtute
1118 1929 1202 1962 possit
1219 1932 1245 1956 et
1255 1929 1386 1964 sapientia
1400 1930 1504 1965 perfici,
1518 1933 1599 1959 modo
1612 1938 1686 1960 recte

899 1979 1014 2007 corpore
1029 1978 1130 2008 utatur,
1145 1974 1186 2002 sin
1206 1975 1296 2002 minus
1312 1977 1346 2003 ab
1368 1981 1486 2012 utroque
1508 1978 1613 2006 decidet
1629 1979 1684 2014 jam

899 2016 926 2044 in
939 2019 1105 2046 contrarium
1128 2020 1295 2055 decessura;
1312 2027 1339 2049 et
1359 2029 1392 2050 ne
1408 2023 1496 2058 plura,
1509 2024 1580 2059 quod
1605 2025 1632 2052 in
1661 2031 1687 2053 te

899 2063 935 2090 sit
947 2071 1075 2101 perquam
1092 2066 1183 2093 varius
1193 2067 1237 2094 ille
1247 2075 1278 2094 ac
1293 2069 1521 2103 stupendissimus
1536 2071 1684 2099 thesaurus

899 2117 986 2144 neque
1011 2111 1037 2137 in
1054 2116 1079 2138 te
1095 2119 1161 2145 uno,
1180 2112 1226 2140 sed
1251 2117 1278 2140 ct
1306 2113 1376 2148 apud
1413 2115 1570 2143 innumeros
1587 2118 1687 2151 pariter

898 2155 1018 2190 ejusdem
1035 2160 1140 2184 natura:
1154 2157 1200 2184 tibi
1217 2159 1435 2193 comparticipes,
1450 2165 1514 2187 tttne
1531 2161 1570 2188 vis
1590 2166 1684 2189 aucto-

64 2203 156 2234 ἁπλῶς
171 2204 257 2230 εἰπεῖν
276 2203 323 2231 τοῦ
341 2205 369 2231 ὲν
385 2205 426 2231 σοὶ
451 2205 649 2232 ποικιλωτάτου
667 2208 713 2232 καὶ
729 2208 844 2242 1:19:80-

943 2209 956 2228 n
968 2209 1029 2229 csse
1041 2203 1156 2235 nullum,
1176 2208 1258 2237 atque
1276 2211 1345 2238 opus
1358 2209 1461 2231 tantum
1479 2207 1532 2233 tuis
1544 2206 1623 2235 factis
1637 2208 1682 2235 de-

66 2248 175 2280 ξοτάτου
198 2249 348 2283 χρήματος,
372 2249 425 2276 οὐδ’
446 2251 476 2276 ὲν
492 2250 532 2276 σοὶ
552 2251 646 2285 μόνον,
663 2252 730 2278 ἀλλὰ
747 2254 794 2279 καὶΙ
817 2254 848 2280 ἐν

65 2294 261 2329 ἀναριθμήτοις
284 2295 384 2330 ὁμοίως
410 2296 465 2327 τοῖς
489 2296 536 2331 τῆς
551 2296 637 2331 αὐτῆς
665 2299 847 2333 μετεσχηκόσι

67 2349 106 2367 σοι
121 2340 238 2375 φύσεως,
256 2341 286 2367 οὑ
311 2342 397 2373 θέλεις
420 2340 490 2369 εῐναι
505 2343 671 2378 δημιουργὸν
697 2345 744 2370 καὶ
763 2345 847 2381 χείρω

66 2387 134 2414 εἶναι
148 2387 275 2414 τοσοῦτον
297 2387 383 2420 θέλεις
398 2388 452 2414 τῶν
468 2389 522 2414 σῶν
539 2389 718 2423 ποιημάτωνῐ
737 2391 791 2417 Καὶ
813 2392 846 2418 σὺ

69 2433 116 2468 μὲν
128 2432 160 2458 ἂν
174 2433 313 2467 οἰκοδόμος
328 2431 361 2468 ἧς
381 2434 428 2460 καὶ
444 2433 576 2468 δεσπότης
601 2433 667 2469 ὁμοῦ
683 2435 732 2469 τῆς
745 2435 845 2469 οίκίατ,

65 2481 113 2514 οὐχ
127 2480 198 2510 ὅπως
220 2479 300 2514 μόνον
315 2480 419 2513 γένοιτο
440 2480 489 2514 τὴν
503 2480 601 2514 ἀρχὴν,
627 2479 694 2506 ἀλλά
709 2481 756 2507 καὶ
771 2481 846 2513 ὅπως

66 2526 99 2552 ἂν
118 2525 271 2552 σννίσταιτο
298 2527 432 2560 προνοεῖς,
453 2526 508 2552 τῶν
523 2526 591 2560 πρὸς
606 2525 685 2552 τοῦτο
706 2526 845 2561 φερόντων

68 2572 171 2597 πάντων
188 2571 398 2605 ἐπιμελόμενος·
414 2571 461 2598 σοῦ
475 2572 503 2597 δὲ
517 2572 564 2597 καὶ
579 2573 628 2606 τῆς
644 2571 693 2606 σῆς
711 2570 783 2607 ζωῆς
797 2572 844 2598 οὐ-

67 2618 125 2644 δένυ.
142 2617 230 2651 βούλει
245 2616 406 2653 φροντιστὴν
421 2616 490 2643 εἶναι
506 2618 552 2643 καὶ
566 2618 702 2652 κηδεμόνα
716 2625 723 2631 ”
740 2619 785 2645 καί
798 2620 845 2644 άν-

67 2663 172 2698 θρώπου
191 2663 240 2697 μὲν
270 2663 316 2699 δέῃ
335 2664 401 2698 πρὸς
419 2663 506 2690 ταῦτά
532 2671 608 2697 ποτε,
629 2663 658 2695 ὃς
684 2662 745 2690 οὐδὲ
769 2663 844 2699 αὐτῷ

71 2708 171 2735 δύναται
186 2709 293 2743 βοηθεῖν
305 2717 311 2723 ”
328 2709 374 2735 τοῦ
393 2709 420 2735 δὲ
441 2709 523 2744 μόνον
547 2708 656 2744 βοηθεῖν
673 2709 782 2744 ἔχοντος
798 2711 844 2736 καὶ

68 2754 220 2790 βοηθοῦντος
234 2755 284 2781 οὐκ
305 2755 411 2787 ἐπαϊεις
424 2756 469 2781 καὶ
487 2755 629 2789 βοηθοῦντι
654 2756 799 2790 προσέχειν
812 2756 842 2782 οὐ

68 2801 149 2836 βούλει
166 2800 230 2835 μηδὲ
244 2801 324 2836 χάριν
343 2802 484 2836 ὁμολογεῖν
498 2801 503 2828 !
524 2801 578 2828 Καὶ
591 2802 681 2828 οἰκῖαν
697 2802 745 2836 μὲν
763 2803 844 2829 ἐπαι-

69 2847 117 2878 νεῖς
130 2845 166 2877 ὡς
179 2844 207 2874 εὖ
224 2847 410 2882 εἰργασμένην
425 2846 558 2878 συντόνως
574 2847 692 2875 ἐπαινῶν
707 2848 753 2874 τὸν
766 2847 842 2884 δεδη-

903 2246 986 2274 terius
1003 2248 1010 2274 l
1029 2247 1059 2273 Et
1085 2252 1112 2274 tu
1138 2248 1246 2282 quidem
1283 2248 1306 2275 si
1329 2249 1428 2276 domus
1455 2255 1574 2278 structor
1603 2253 1685 2281 simul

900 2292 1018 2320 exsistas
1033 2297 1059 2320 et
1075 2293 1214 2326 dominus,
1237 2301 1290 2321 non
1304 2294 1390 2322 solum
1406 2296 1541 2330 quomodo
1557 2298 1590 2324 sit
1605 2306 1686 2327 exse-

900 2339 1007 2375 quenda
1022 2339 1147 2374 provides
1164 2342 1197 2366 ab
1214 2341 1303 2373 initio,
1315 2341 1363 2368 sed
1380 2342 1462 2368 etiam
1480 2345 1617 2376 quomodo
1630 2346 1686 2373 dis-

900 2386 1034 2420 ponenda,
1049 2389 1076 2412 et
1090 2386 1222 2420 quidquid
1231 2387 1306 2421 operi
1320 2387 1442 2414 conferat
1457 2389 1579 2416 nonnihil
1591 2396 1685 2417 curas.

900 2429 938 2458 De
951 2436 976 2457 te
988 2439 1051 2458 vero
1062 2438 1093 2458 ac
1105 2431 1157 2458 vita
1169 2437 1217 2457 tua
1231 2432 1367 2459 neminem
1385 2440 1444 2459 esse
1459 2433 1537 2461 ducis
1552 2435 1596 2469 qui
1608 2439 1682 2462 curet

900 2483 946 2504 aut
964 2477 1063 2512 cogitet
1078 2477 1084 2504 l
1117 2477 1171 2504 into
1192 2478 1242 2504 hoc
1256 2478 1403 2512 aliquando
1420 2479 1555 2506 hominem
1575 2481 1683 2514 rogabis

899 2523 945 2559 qui
954 2530 987 2550 ne
994 2523 1163 2559 sesequidem
1173 2524 1238 2552 valet
1249 2524 1472 2559 adjuvare,atque
1479 2525 1565 2554 solum
1576 2527 1686 2563 Vercju-

898 2576 1006 2598 vantem
1017 2570 1181 2606 jnvandique
1190 2578 1313 2605 capacem
1323 2578 1376 2598 non
1393 2571 1497 2604 laudas,
1506 2581 1592 2609 neque
1601 2575 1682 2602 etiam

896 2617 1001 2652 juvanti
1017 2618 1056 2644 vis
1070 2618 1208 2645 attendere
1221 2622 1265 2644 aut
1280 2617 1378 2651 gratias
1389 2616 1488 2645 referre
1500 2619 1506 2644 !
1520 2620 1558 2647 Ac
1573 2621 1681 2647 domum

898 2664 1006 2698 quidem
1022 2664 1126 2691 ‘lautlas
1158 2669 1188 2692 ut
1213 2664 1313 2691 alfabre
1339 2664 1435 2691 factum
1462 2669 1682 2701 structoremque

898 2708 1064 2735 incessanter
1088 2709 1220 2743 praedicas
1236 2717 1243 2742 ;
1261 2716 1320 2744 qua:
1332 2714 1421 2737 autem
1436 2709 1462 2736 in
1479 2715 1503 2736 te
1517 2715 1559 2737 est
1571 2715 1682 2745 stupen-

897 2754 959 2781 dam
976 2753 1046 2781 hanc
1071 2758 1096 2780 ct
1118 2755 1244 2781 eximiam
1277 2755 1487 2782 architecturam
1515 2756 1681 2784 dehonestas

896 2800 975 2835 cujus
993 2805 1046 2826 tam
1062 2805 1186 2834 proterve
1210 2804 1371 2828 structorem
1397 2802 1535 2836 abnegas!
1565 2809 1682 2835 cutnque

898 2851 1062 2876 asserentcm
1081 2846 1229 2881 quamlibet
1242 2854 1306 2875 casu
1323 2853 1449 2877 constare
1469 2849 1581 2877 domum
1608 2852 1681 2875 tuam
