  <div class='ocr_page' id='page_1' title='image "/cluster/home/n/w/nwhite01/storage/ocr_20150623/160/njp.32101010941936/357.png"; bbox 0 0 1879 3060; ppageno 0'>
   <div class='ocr_carea' id='block_1_1' title="bbox 177 133 230 166">
    <p class='ocr_par' dir='ltr' id='par_1_1' title="bbox 177 133 230 166">
     <span class='ocr_line' id='line_1_1' title="bbox 177 133 230 166; baseline 0 0"><span class='ocrx_word' id='word_1_1' title='bbox 177 133 230 166; x_wconf 83' lang='grc'><strong>583</strong></span> 
     </span>
    </p>
   </div>
   <div class='ocr_carea' id='block_1_2' title="bbox 723 121 1263 156">
    <p class='ocr_par' dir='ltr' id='par_1_2' title="bbox 723 121 1263 156">
     <span class='ocr_line' id='line_1_2' title="bbox 723 121 1263 156; baseline -0.006 -1"><span class='ocrx_word' id='word_1_2' title='bbox 723 123 912 156; x_wconf 87' lang='lat' dir='ltr'><strong>GENNADII</strong></span> <span class='ocrx_word' id='word_1_3' title='bbox 928 123 983 155; x_wconf 90' lang='lat' dir='ltr'><strong>CP.</strong></span> <span class='ocrx_word' id='word_1_4' title='bbox 1004 121 1263 154; x_wconf 73' lang='grc' dir='ltr'><strong>ΡΛΤΒΙΛΒΟΗιΕ</strong></span> 
     </span>
    </p>
   </div>
   <div class='ocr_carea' id='block_1_3' title="bbox 1754 114 1830 147">
    <p class='ocr_par' dir='ltr' id='par_1_3' title="bbox 1754 114 1830 147">
     <span class='ocr_line' id='line_1_3' title="bbox 1754 114 1830 147; baseline -0.013 0"><span class='ocrx_word' id='word_1_5' title='bbox 1754 114 1830 147; x_wconf 69' lang='grc'><strong>584</strong></span> 
     </span>
    </p>
   </div>
   <div class='ocr_carea' id='block_1_4' title="bbox 171 172 957 228">
    <p class='ocr_par' dir='ltr' id='par_1_4' title="bbox 171 179 957 228">
     <span class='ocr_line' id='line_1_4' title="bbox 171 179 957 228; baseline -0.018 -7"><span class='ocrx_word' id='word_1_6' title='bbox 171 191 254 228; x_wconf 70' lang='lat' dir='ltr'><strong>judtci</strong></span> <span class='ocrx_word' id='word_1_7' title='bbox 268 191 362 225; x_wconf 90' lang='lat' dir='ltr'><strong>utpote</strong></span> <span class='ocrx_word' id='word_1_8' title='bbox 375 185 505 216; x_wconf 80' lang='lat' dir='ltr'><strong>divinitus</strong></span> <span class='ocrx_word' id='word_1_9' title='bbox 529 183 658 212; x_wconf 83' lang='lat' dir='ltr'><strong>traditam</strong></span> <span class='ocrx_word' id='word_1_10' title='bbox 692 181 818 209; x_wconf 85' lang='lat' dir='ltr'><strong>absolute</strong></span> <span class='ocrx_word' id='word_1_11' title='bbox 848 179 957 215; x_wconf 19' lang='lat' dir='ltr'><strong>complet</strong></span> 
     </span>
    </p>
   </div>
   <div class='ocr_carea' id='block_1_5' title="bbox 1060 172 1824 228">
    <p class='ocr_par' dir='ltr' id='par_1_5' title="bbox 1060 172 1824 216">
     <span class='ocr_line' id='line_1_5' title="bbox 1060 172 1824 216; baseline -0.012 -8"><span class='ocrx_word' id='word_1_12' title='bbox 1060 182 1086 208; x_wconf 72' lang='lat' dir='ltr'><strong>‘ot</strong></span> <span class='ocrx_word' id='word_1_13' title='bbox 1104 181 1158 216; x_wconf 79' lang='grc' dir='ltr'><strong>γὰρ</strong></span> <span class='ocrx_word' id='word_1_14' title='bbox 1183 179 1311 212; x_wconf 75' lang='grc' dir='ltr'><strong>καθάπαξ</strong></span> <span class='ocrx_word' id='word_1_15' title='bbox 1331 178 1415 212; x_wconf 78' lang='grc' dir='ltr'>αὐτῆς</span> <span class='ocrx_word' id='word_1_16' title='bbox 1439 175 1613 212; x_wconf 68' lang='grc' dir='ltr'><strong>περιέχονται</strong></span> <span class='ocrx_word' id='word_1_17' title='bbox 1629 173 1667 205; x_wconf 79' lang='grc' dir='ltr'><strong>ὡς</strong></span> <span class='ocrx_word' id='word_1_18' title='bbox 1683 173 1716 200; x_wconf 79' lang='grc' dir='ltr'><strong>ὲκ</strong></span> <span class='ocrx_word' id='word_1_19' title='bbox 1737 172 1824 200; x_wconf 69' lang='grc' dir='ltr'>Θεοῦ</span> 
     </span>
    </p>
   </div>
   <div class='ocr_carea' id='block_1_6' title="bbox 174 226 962 269">
    <p class='ocr_par' dir='ltr' id='par_1_6' title="bbox 174 226 962 269">
     <span class='ocr_line' id='line_1_6' title="bbox 174 226 962 269; baseline -0.018 -4"><span class='ocrx_word' id='word_1_20' title='bbox 174 226 296 269; x_wconf 73' lang='lat' dir='ltr'><strong>etuutur,</strong></span> <span class='ocrx_word' id='word_1_21' title='bbox 307 235 438 262; x_wconf 88' lang='lat' dir='ltr'><strong>liccteam</strong></span> <span class='ocrx_word' id='word_1_22' title='bbox 453 227 590 260; x_wconf 53' lang='lat' dir='ltr'><strong>de&#39;divina</strong></span> <span class='ocrx_word' id='word_1_23' title='bbox 602 227 806 264; x_wconf 89' lang='lat' dir='ltr'><strong>dispensatione</strong></span> <span class='ocrx_word' id='word_1_24' title='bbox 815 230 862 253; x_wconf 86' lang='lat' dir='ltr'><strong>aut</strong></span> <span class='ocrx_word' id='word_1_25' title='bbox 876 226 962 253; x_wconf 87' lang='lat' dir='ltr'><strong>simu-</strong></span> 
     </span>
    </p>
   </div>
   <div class='ocr_carea' id='block_1_7' title="bbox 175 271 958 314">
    <p class='ocr_par' dir='ltr' id='par_1_7' title="bbox 175 271 958 314">
     <span class='ocr_line' id='line_1_7' title="bbox 175 271 958 314; baseline -0.018 -3"><span class='ocrx_word' id='word_1_26' title='bbox 175 284 229 312; x_wconf 88' lang='lat' dir='ltr'><strong>late</strong></span> <span class='ocrx_word' id='word_1_27' title='bbox 245 281 321 310; x_wconf 79' lang='lat' dir='ltr'><strong>surdi</strong></span> <span class='ocrx_word' id='word_1_28' title='bbox 336 285 384 308; x_wconf 87' lang='lat' dir='ltr'><strong>aut</strong></span> <span class='ocrx_word' id='word_1_29' title='bbox 401 285 529 314; x_wconf 82' lang='lat' dir='ltr'><strong>perverse</strong></span> <span class='ocrx_word' id='word_1_30' title='bbox 546 273 717 310; x_wconf 89' lang='lat' dir='ltr'><strong>interpretati</strong></span> <span class='ocrx_word' id='word_1_31' title='bbox 734 271 958 308; x_wconf 60' lang='lat' dir='ltr'><strong>pratermittant,</strong></span> 
     </span>
    </p>
   </div>
   <div class='ocr_carea' id='block_1_8' title="bbox 175 319 961 363">
    <p class='ocr_par' dir='ltr' id='par_1_8' title="bbox 175 319 961 363">
     <span class='ocr_line' id='line_1_8' title="bbox 175 319 961 363; baseline -0.015 -5"><span class='ocrx_word' id='word_1_32' title='bbox 175 331 255 358; x_wconf 80' lang='lat' dir='ltr'><strong>nobis</strong></span> <span class='ocrx_word' id='word_1_33' title='bbox 265 330 297 356; x_wconf 88' lang='lat' dir='ltr'><strong>ad</strong></span> <span class='ocrx_word' id='word_1_34' title='bbox 314 335 435 363; x_wconf 71' lang='lat' dir='ltr'><strong>praesens</strong></span> <span class='ocrx_word' id='word_1_35' title='bbox 451 325 550 354; x_wconf 80' lang='lat' dir='ltr'><strong>suﬂicit</strong></span> <span class='ocrx_word' id='word_1_36' title='bbox 564 329 594 351; x_wconf 91' lang='lat' dir='ltr'><strong>ut</strong></span> <span class='ocrx_word' id='word_1_37' title='bbox 606 331 639 351; x_wconf 74' lang='lat' dir='ltr'><strong>ex</strong></span> <span class='ocrx_word' id='word_1_38' title='bbox 653 321 737 350; x_wconf 74' lang='lat' dir='ltr'><strong>Hosis</strong></span> <span class='ocrx_word' id='word_1_39' title='bbox 747 321 870 348; x_wconf 76' lang='lat' dir='ltr'><strong>ddetrina</strong></span> <span class='ocrx_word' id='word_1_40' title='bbox 882 319 961 355; x_wconf 88' lang='lat' dir='ltr'><strong>quasi</strong></span> 
     </span>
    </p>
   </div>
   <div class='ocr_carea' id='block_1_9' title="bbox 175 365 960 404">
    <p class='ocr_par' dir='ltr' id='par_1_9' title="bbox 175 365 960 404">
     <span class='ocr_line' id='line_1_9' title="bbox 175 365 960 404; baseline -0.015 -1"><span class='ocrx_word' id='word_1_41' title='bbox 175 384 207 404; x_wconf 79' lang='lat' dir='ltr'><strong>ex</strong></span> <span class='ocrx_word' id='word_1_42' title='bbox 219 375 396 403; x_wconf 80' lang='lat' dir='ltr'><strong>fundamento</strong></span> <span class='ocrx_word' id='word_1_43' title='bbox 409 371 538 399; x_wconf 83' lang='lat' dir='ltr'><strong>omnibus</strong></span> <span class='ocrx_word' id='word_1_44' title='bbox 553 367 778 398; x_wconf 84' lang='lat' dir='ltr'><strong>eommunissiuto</strong></span> <span class='ocrx_word' id='word_1_45' title='bbox 801 366 853 393; x_wconf 86' lang='lat' dir='ltr'><strong>Dei</strong></span> <span class='ocrx_word' id='word_1_46' title='bbox 867 365 960 393; x_wconf 87' lang='lat' dir='ltr'><strong>Trini-</strong></span> 
     </span>
    </p>
   </div>
   <div class='ocr_carea' id='block_1_10' title="bbox 176 410 960 451">
    <p class='ocr_par' dir='ltr' id='par_1_10' title="bbox 176 410 960 451">
     <span class='ocr_line' id='line_1_10' title="bbox 176 410 960 451; baseline -0.015 -2"><span class='ocrx_word' id='word_1_47' title='bbox 176 427 259 449; x_wconf 83' lang='lat' dir='ltr'><strong>tatem</strong></span> <span class='ocrx_word' id='word_1_48' title='bbox 287 421 342 448; x_wconf 88' lang='lat' dir='ltr'><strong>illis</strong></span> <span class='ocrx_word' id='word_1_49' title='bbox 359 420 583 446; x_wconf 74' lang='lat' dir='ltr'><strong>demonsuemus</strong></span> <span class='ocrx_word' id='word_1_50' title='bbox 610 415 657 451; x_wconf 88' lang='lat' dir='ltr'><strong>qui</strong></span> <span class='ocrx_word' id='word_1_51' title='bbox 676 418 771 442; x_wconf 88' lang='lat' dir='ltr'><strong>contra</strong></span> <span class='ocrx_word' id='word_1_52' title='bbox 801 419 851 439; x_wconf 92' lang='lat' dir='ltr'><strong>uos</strong></span> <span class='ocrx_word' id='word_1_53' title='bbox 869 412 901 438; x_wconf 90' lang='lat' dir='ltr'><strong>de</strong></span> <span class='ocrx_word' id='word_1_54' title='bbox 914 410 960 438; x_wconf 89' lang='lat' dir='ltr'><strong>illa</strong></span> 
     </span>
    </p>
   </div>
   <div class='ocr_carea' id='block_1_11' title="bbox 176 457 961 502">
    <p class='ocr_par' dir='ltr' id='par_1_11' title="bbox 176 457 961 502">
     <span class='ocr_line' id='line_1_11' title="bbox 176 457 961 502; baseline -0.015 -8"><span class='ocrx_word' id='word_1_55' title='bbox 176 467 328 502; x_wconf 82' lang='lat' dir='ltr'><strong>disputant.</strong></span> <span class='ocrx_word' id='word_1_56' title='bbox 347 465 435 492; x_wconf 91' lang='lat' dir='ltr'><strong>Porro</strong></span> <span class='ocrx_word' id='word_1_57' title='bbox 464 470 517 490; x_wconf 87' lang='lat' dir='ltr'><strong>ttou</strong></span> <span class='ocrx_word' id='word_1_58' title='bbox 546 461 662 496; x_wconf 83' lang='lat' dir='ltr'><strong>publicis</strong></span> <span class='ocrx_word' id='word_1_59' title='bbox 686 462 790 486; x_wconf 86' lang='lat' dir='ltr'><strong>tantum</strong></span> <span class='ocrx_word' id='word_1_60' title='bbox 823 457 961 490; x_wconf 80' lang='lat' dir='ltr'><strong>discepta-</strong></span> 
     </span>
    </p>
   </div>
   <div class='ocr_carea' id='block_1_12' title="bbox 175 504 961 543">
    <p class='ocr_par' dir='ltr' id='par_1_12' title="bbox 175 504 961 543">
     <span class='ocr_line' id='line_1_12' title="bbox 175 504 961 543; baseline -0.018 -2"><span class='ocrx_word' id='word_1_61' title='bbox 175 513 308 543; x_wconf 86' lang='lat' dir='ltr'><strong>tionibus,</strong></span> <span class='ocrx_word' id='word_1_62' title='bbox 323 511 370 539; x_wconf 86' lang='lat' dir='ltr'><strong>sed</strong></span> <span class='ocrx_word' id='word_1_63' title='bbox 387 515 414 537; x_wconf 91' lang='lat' dir='ltr'><strong>et</strong></span> <span class='ocrx_word' id='word_1_64' title='bbox 443 509 519 537; x_wconf 83' lang='lat' dir='ltr'><strong>libris</strong></span> <span class='ocrx_word' id='word_1_65' title='bbox 544 507 657 542; x_wconf 81' lang='lat' dir='ltr'><strong>integris</strong></span> <span class='ocrx_word' id='word_1_66' title='bbox 685 506 754 532; x_wconf 89' lang='lat' dir='ltr'><strong>hanc</strong></span> <span class='ocrx_word' id='word_1_67' title='bbox 771 504 831 531; x_wconf 85' lang='lat' dir='ltr'><strong>iidei</strong></span> <span class='ocrx_word' id='word_1_68' title='bbox 860 508 961 530; x_wconf 67' lang='lat' dir='ltr'><strong>nostrae</strong></span> 
     </span>
    </p>
   </div>
   <div class='ocr_carea' id='block_1_13' title="bbox 175 549 959 588">
    <p class='ocr_par' dir='ltr' id='par_1_13' title="bbox 175 549 959 588">
     <span class='ocr_line' id='line_1_13' title="bbox 175 549 959 588; baseline -0.014 -1"><span class='ocrx_word' id='word_1_69' title='bbox 175 559 355 588; x_wconf 80' lang='lat' dir='ltr'><strong>clarissimam</strong></span> <span class='ocrx_word' id='word_1_70' title='bbox 381 556 525 584; x_wconf 71' lang='lat' dir='ltr'><strong>Veritatem</strong></span> <span class='ocrx_word' id='word_1_71' title='bbox 556 551 710 587; x_wconf 82' lang='lat' dir='ltr'><strong>explanavi.</strong></span> <span class='ocrx_word' id='word_1_72' title='bbox 739 549 826 578; x_wconf 88' lang='lat' dir='ltr'><strong>Unum</strong></span> <span class='ocrx_word' id='word_1_73' title='bbox 857 550 959 584; x_wconf 85' lang='lat' dir='ltr'><strong>itaque,</strong></span> 
     </span>
    </p>
   </div>
   <div class='ocr_carea' id='block_1_14' title="bbox 177 597 960 641">
    <p class='ocr_par' dir='ltr' id='par_1_14' title="bbox 177 597 960 641">
     <span class='ocr_line' id='line_1_14' title="bbox 177 597 960 641; baseline -0.011 -9"><span class='ocrx_word' id='word_1_74' title='bbox 177 605 249 641; x_wconf 87' lang='lat' dir='ltr'><strong>quod</strong></span> <span class='ocrx_word' id='word_1_75' title='bbox 265 611 337 632; x_wconf 91' lang='lat' dir='ltr'><strong>nunc</strong></span> <span class='ocrx_word' id='word_1_76' title='bbox 355 608 405 634; x_wconf 85' lang='lat' dir='ltr'><strong>est,</strong></span> <span class='ocrx_word' id='word_1_77' title='bbox 425 603 507 636; x_wconf 83' lang='lat' dir='ltr'><strong>idque</strong></span> <span class='ocrx_word' id='word_1_78' title='bbox 521 609 553 628; x_wconf 80' lang='lat' dir='ltr'><strong>ex</strong></span> <span class='ocrx_word' id='word_1_79' title='bbox 569 600 626 634; x_wconf 86' lang='lat' dir='ltr'><strong>ipso</strong></span> <span class='ocrx_word' id='word_1_80' title='bbox 642 599 724 626; x_wconf 81' lang='lat' dir='ltr'><strong>Mosis</strong></span> <span class='ocrx_word' id='word_1_81' title='bbox 750 605 797 625; x_wconf 90' lang='lat' dir='ltr'><strong>ore</strong></span> <span class='ocrx_word' id='word_1_82' title='bbox 814 597 867 625; x_wconf 85' lang='lat' dir='ltr'><strong>illis</strong></span> <span class='ocrx_word' id='word_1_83' title='bbox 881 597 960 624; x_wconf 83' lang='lat' dir='ltr'><strong>addi-</strong></span> 
     </span>
    </p>
   </div>
   <div class='ocr_carea' id='block_1_15' title="bbox 175 644 959 684">
    <p class='ocr_par' dir='ltr' id='par_1_15' title="bbox 175 644 959 684">
     <span class='ocr_line' id='line_1_15' title="bbox 175 644 959 684; baseline -0.011 -5"><span class='ocrx_word' id='word_1_84' title='bbox 175 657 231 680; x_wconf 90' lang='lat' dir='ltr'><strong>tum</strong></span> <span class='ocrx_word' id='word_1_85' title='bbox 259 651 330 678; x_wconf 82' lang='lat' dir='ltr'><strong>volo.</strong></span> <span class='ocrx_word' id='word_1_86' title='bbox 351 649 475 684; x_wconf 86' lang='lat' dir='ltr'><strong>Superue</strong></span> <span class='ocrx_word' id='word_1_87' title='bbox 503 647 607 675; x_wconf 81' lang='lat' dir='ltr'><strong>scilicet</strong></span> <span class='ocrx_word' id='word_1_88' title='bbox 622 645 741 678; x_wconf 83' lang='lat' dir='ltr'><strong>aﬂiatus,</strong></span> <span class='ocrx_word' id='word_1_89' title='bbox 769 644 859 672; x_wconf 83' lang='lat' dir='ltr'><strong>Moses</strong></span> <span class='ocrx_word' id='word_1_90' title='bbox 874 644 959 671; x_wconf 85' lang='lat' dir='ltr'><strong>Deum</strong></span> 
     </span>
    </p>
   </div>
   <div class='ocr_carea' id='block_1_16' title="bbox 174 689 960 730">
    <p class='ocr_par' dir='ltr' id='par_1_16' title="bbox 174 689 960 730">
     <span class='ocr_line' id='line_1_16' title="bbox 174 689 960 730; baseline -0.013 -5"><span class='ocrx_word' id='word_1_91' title='bbox 174 697 288 730; x_wconf 80' lang='lat' dir='ltr'><strong>inducit,</strong></span> <span class='ocrx_word' id='word_1_92' title='bbox 306 703 367 722; x_wconf 90' lang='lat' dir='ltr'><strong>cum</strong></span> <span class='ocrx_word' id='word_1_93' title='bbox 382 695 541 722; x_wconf 85' lang='lat' dir='ltr'><strong>universum</strong></span> <span class='ocrx_word' id='word_1_94' title='bbox 558 693 631 719; x_wconf 88' lang='lat' dir='ltr'><strong>hunc</strong></span> <span class='ocrx_word' id='word_1_95' title='bbox 649 691 780 718; x_wconf 88' lang='lat' dir='ltr'><strong>mundum</strong></span> <span class='ocrx_word' id='word_1_96' title='bbox 802 690 839 717; x_wconf 90' lang='lat' dir='ltr'><strong>ita</strong></span> <span class='ocrx_word' id='word_1_97' title='bbox 865 689 960 724; x_wconf 84' lang='lat' dir='ltr'><strong>dispo-</strong></span> 
     </span>
    </p>
   </div>
   <div class='ocr_carea' id='block_1_17' title="bbox 175 737 960 772">
    <p class='ocr_par' dir='ltr' id='par_1_17' title="bbox 175 737 960 772">
     <span class='ocr_line' id='line_1_17' title="bbox 175 737 960 772; baseline -0.011 -1"><span class='ocrx_word' id='word_1_98' title='bbox 175 745 228 771; x_wconf 89' lang='lat' dir='ltr'><strong>site</strong></span> <span class='ocrx_word' id='word_1_99' title='bbox 246 747 352 770; x_wconf 83' lang='lat' dir='ltr'><strong>crearet</strong></span> <span class='ocrx_word' id='word_1_100' title='bbox 367 749 398 769; x_wconf 89' lang='lat' dir='ltr'><strong>ae</strong></span> <span class='ocrx_word' id='word_1_101' title='bbox 413 740 602 772; x_wconf 82' lang='lat' dir='ltr'><strong>distribueret,</strong></span> <span class='ocrx_word' id='word_1_102' title='bbox 617 739 650 766; x_wconf 88' lang='lat' dir='ltr'><strong>ad</strong></span> <span class='ocrx_word' id='word_1_103' title='bbox 673 737 850 771; x_wconf 66' lang='lat' dir='ltr'><strong>semetipsum</strong></span> <span class='ocrx_word' id='word_1_104' title='bbox 867 737 960 763; x_wconf 86' lang='lat' dir='ltr'><strong>dicen-</strong></span> 
     </span>
    </p>
   </div>
   <div class='ocr_carea' id='block_1_18' title="bbox 173 782 960 819">
    <p class='ocr_par' dir='ltr' id='par_1_18' title="bbox 173 782 960 819">
     <span class='ocr_line' id='line_1_18' title="bbox 173 782 960 819; baseline -0.011 -2"><span class='ocrx_word' id='word_1_105' title='bbox 173 795 242 817; x_wconf 87' lang='lat' dir='ltr'><strong>lent:</strong></span> <span class='ocrx_word' id='word_1_106' title='bbox 262 788 407 816; x_wconf 75' lang='lat' dir='ltr'><strong>Faciamus</strong></span> <span class='ocrx_word' id='word_1_107' title='bbox 422 787 551 814; x_wconf 79' lang='lat' dir='ltr'><strong>hominem</strong></span> <span class='ocrx_word' id='word_1_108' title='bbox 565 787 599 812; x_wconf 83' lang='lat' dir='ltr'><strong>ad</strong></span> <span class='ocrx_word' id='word_1_109' title='bbox 624 785 769 819; x_wconf 79' lang='lat' dir='ltr'><strong>imaginem</strong></span> <span class='ocrx_word' id='word_1_110' title='bbox 787 788 812 810; x_wconf 76' lang='lat' dir='ltr'><strong>et</strong></span> <span class='ocrx_word' id='word_1_111' title='bbox 834 782 960 810; x_wconf 75' lang='lat' dir='ltr'><strong>similitu-</strong></span> 
     </span>
    </p>
   </div>
   <div class='ocr_carea' id='block_1_19' title="bbox 171 828 958 867">
    <p class='ocr_par' dir='ltr' id='par_1_19' title="bbox 171 828 958 867">
     <span class='ocr_line' id='line_1_19' title="bbox 171 828 958 867; baseline -0.009 -5"><span class='ocrx_word' id='word_1_112' title='bbox 171 836 260 862; x_wconf 80' lang='lat' dir='ltr'><strong>dinem</strong></span> <span class='ocrx_word' id='word_1_113' title='bbox 276 839 404 861; x_wconf 78' lang='lat' dir='ltr'><strong>nostram.</strong></span> <span class='ocrx_word' id='word_1_114' title='bbox 422 833 451 859; x_wconf 87' lang='lat' dir='ltr'><strong>Si</strong></span> <span class='ocrx_word' id='word_1_115' title='bbox 475 839 550 867; x_wconf 81' lang='lat' dir='ltr'><strong>ergo,</strong></span> <span class='ocrx_word' id='word_1_116' title='bbox 570 831 695 866; x_wconf 87' lang='lat' dir='ltr'><strong>ipsismet</strong></span> <span class='ocrx_word' id='word_1_117' title='bbox 721 828 883 861; x_wconf 81' lang='lat' dir='ltr'><strong>fatentibus,</strong></span> <span class='ocrx_word' id='word_1_118' title='bbox 910 835 958 855; x_wconf 87' lang='lat' dir='ltr'><strong>ve-</strong></span> 
     </span>
    </p>
   </div>
   <div class='ocr_carea' id='block_1_20' title="bbox 171 875 957 912">
    <p class='ocr_par' dir='ltr' id='par_1_20' title="bbox 171 875 957 912">
     <span class='ocr_line' id='line_1_20' title="bbox 171 875 957 912; baseline -0.01 -3"><span class='ocrx_word' id='word_1_119' title='bbox 171 890 221 908; x_wconf 80' lang='lat' dir='ltr'><strong>rax</strong></span> <span class='ocrx_word' id='word_1_120' title='bbox 241 886 282 908; x_wconf 90' lang='lat' dir='ltr'><strong>cst</strong></span> <span class='ocrx_word' id='word_1_121' title='bbox 299 880 400 912; x_wconf 87' lang='lat' dir='ltr'><strong>Moses,</strong></span> <span class='ocrx_word' id='word_1_122' title='bbox 416 879 439 906; x_wconf 89' lang='lat' dir='ltr'><strong>si</strong></span> <span class='ocrx_word' id='word_1_123' title='bbox 460 879 541 910; x_wconf 83' lang='lat' dir='ltr'><strong>Deus,</strong></span> <span class='ocrx_word' id='word_1_124' title='bbox 553 877 674 904; x_wconf 89' lang='lat' dir='ltr'><strong>oumium</strong></span> <span class='ocrx_word' id='word_1_125' title='bbox 692 883 838 908; x_wconf 78' lang='lat' dir='ltr'><strong>consensu,</strong></span> <span class='ocrx_word' id='word_1_126' title='bbox 854 875 887 901; x_wconf 88' lang='lat' dir='ltr'><strong>ad</strong></span> <span class='ocrx_word' id='word_1_127' title='bbox 903 875 957 902; x_wconf 75' lang='lat' dir='ltr'><strong>sei-</strong></span> 
     </span>
    </p>
   </div>
   <div class='ocr_carea' id='block_1_21' title="bbox 171 922 955 963">
    <p class='ocr_par' dir='ltr' id='par_1_21' title="bbox 171 922 955 963">
     <span class='ocr_line' id='line_1_21' title="bbox 171 922 955 963; baseline -0.009 -9"><span class='ocrx_word' id='word_1_128' title='bbox 171 936 250 963; x_wconf 88' lang='lat' dir='ltr'><strong>psum</strong></span> <span class='ocrx_word' id='word_1_129' title='bbox 267 928 302 954; x_wconf 89' lang='lat' dir='ltr'><strong>ita</strong></span> <span class='ocrx_word' id='word_1_130' title='bbox 321 927 429 954; x_wconf 86' lang='lat' dir='ltr'><strong>locutus</strong></span> <span class='ocrx_word' id='word_1_131' title='bbox 439 930 479 952; x_wconf 77' lang='lat' dir='ltr'><strong>est</strong></span> <span class='ocrx_word' id='word_1_132' title='bbox 491 928 517 951; x_wconf 85' lang='lat' dir='ltr'><strong>et</strong></span> <span class='ocrx_word' id='word_1_133' title='bbox 530 924 621 951; x_wconf 87' lang='lat' dir='ltr'><strong>divina</strong></span> <span class='ocrx_word' id='word_1_134' title='bbox 635 927 700 950; x_wconf 86' lang='lat' dir='ltr'><strong>sunt</strong></span> <span class='ocrx_word' id='word_1_135' title='bbox 714 923 771 949; x_wconf 65' lang='lat' dir='ltr'><strong>haec</strong></span> <span class='ocrx_word' id='word_1_136' title='bbox 787 922 881 954; x_wconf 81' lang='lat' dir='ltr'><strong>verba,</strong></span> <span class='ocrx_word' id='word_1_137' title='bbox 898 926 955 948; x_wconf 90' lang='lat' dir='ltr'><strong>tum</strong></span> 
     </span>
    </p>
   </div>
   <div class='ocr_carea' id='block_1_22' title="bbox 172 971 950 1004">
    <p class='ocr_par' dir='ltr' id='par_1_22' title="bbox 172 971 950 1004">
     <span class='ocr_line' id='line_1_22' title="bbox 172 971 950 1004; baseline -0.009 -3"><span class='ocrx_word' id='word_1_138' title='bbox 172 974 320 1001; x_wconf 79' lang='lat' dir='ltr'><strong>manifesto</strong></span> <span class='ocrx_word' id='word_1_139' title='bbox 333 973 412 1000; x_wconf 90' lang='lat' dir='ltr'><strong>nobis</strong></span> <span class='ocrx_word' id='word_1_140' title='bbox 426 971 513 998; x_wconf 75' lang='lat' dir='ltr'><strong>exilio</strong></span> <span class='ocrx_word' id='word_1_141' title='bbox 528 977 655 997; x_wconf 86' lang='lat' dir='ltr'><strong>sermone</strong></span> <span class='ocrx_word' id='word_1_142' title='bbox 667 973 739 1004; x_wconf 86' lang='lat' dir='ltr'><strong>patet</strong></span> <span class='ocrx_word' id='word_1_143' title='bbox 747 973 773 995; x_wconf 83' lang='lat' dir='ltr'><strong>et</strong></span> <span class='ocrx_word' id='word_1_144' title='bbox 789 975 874 995; x_wconf 85' lang='lat' dir='ltr'><strong>unum</strong></span> <span class='ocrx_word' id='word_1_145' title='bbox 889 975 950 995; x_wconf 81' lang='lat' dir='ltr'><strong>esse</strong></span> 
     </span>
    </p>
   </div>
   <div class='ocr_carea' id='block_1_23' title="bbox 974 861 996 888">
    <p class='ocr_par' dir='ltr' id='par_1_23' title="bbox 974 861 996 888">
     <span class='ocr_line' id='line_1_23' title="bbox 974 861 996 888; baseline 0 0"><span class='ocrx_word' id='word_1_146' title='bbox 974 861 996 888; x_wconf 86' lang='grc' dir='ltr'><strong>Β</strong></span> 
     </span>
    </p>
   </div>
   <div class='ocr_carea' id='block_1_24' title="bbox 172 1014 956 1054">
    <p class='ocr_par' dir='ltr' id='par_1_24' title="bbox 172 1014 956 1054">
     <span class='ocr_line' id='line_1_24' title="bbox 172 1014 956 1054; baseline -0.009 -7"><span class='ocrx_word' id='word_1_147' title='bbox 172 1020 255 1048; x_wconf 87' lang='lat' dir='ltr'><strong>Deum</strong></span> <span class='ocrx_word' id='word_1_148' title='bbox 268 1029 274 1054; x_wconf 89' lang='lat'>;</span> <span class='ocrx_word' id='word_1_149' title='bbox 292 1019 329 1046; x_wconf 83' lang='lat' dir='ltr'><strong>ait</strong></span> <span class='ocrx_word' id='word_1_150' title='bbox 339 1019 422 1050; x_wconf 75' lang='lat' dir='ltr'><strong>enirn,</strong></span> <span class='ocrx_word' id='word_1_151' title='bbox 436 1017 509 1044; x_wconf 74' lang='lat' dir='ltr'><strong>Dixit</strong></span> <span class='ocrx_word' id='word_1_152' title='bbox 521 1017 591 1043; x_wconf 71' lang='lat' dir='ltr'><strong>Deus</strong></span> <span class='ocrx_word' id='word_1_153' title='bbox 602 1024 612 1049; x_wconf 91' lang='lat'><strong><em>;</em></strong></span> <span class='ocrx_word' id='word_1_154' title='bbox 625 1020 652 1042; x_wconf 89' lang='lat' dir='ltr'><strong>et</strong></span> <span class='ocrx_word' id='word_1_155' title='bbox 662 1014 843 1050; x_wconf 86' lang='lat' dir='ltr'><strong>pluralitatem</strong></span> <span class='ocrx_word' id='word_1_156' title='bbox 858 1020 956 1048; x_wconf 89' lang='lat' dir='ltr'><strong>quam-</strong></span> 
     </span>
    </p>
   </div>
   <div class='ocr_carea' id='block_1_25' title="bbox 171 1060 955 1098">
    <p class='ocr_par' dir='ltr' id='par_1_25' title="bbox 171 1060 955 1098">
     <span class='ocr_line' id='line_1_25' title="bbox 171 1060 955 1098; baseline -0.011 -3"><span class='ocrx_word' id='word_1_157' title='bbox 171 1068 233 1095; x_wconf 88' lang='lat' dir='ltr'><strong>dam</strong></span> <span class='ocrx_word' id='word_1_158' title='bbox 248 1073 279 1094; x_wconf 86' lang='lat' dir='ltr'><strong>ac</strong></span> <span class='ocrx_word' id='word_1_159' title='bbox 290 1073 433 1093; x_wconf 82' lang='lat' dir='ltr'><strong>numerum</strong></span> <span class='ocrx_word' id='word_1_160' title='bbox 447 1064 473 1090; x_wconf 93' lang='lat' dir='ltr'><strong>in</strong></span> <span class='ocrx_word' id='word_1_161' title='bbox 489 1064 543 1091; x_wconf 82' lang='lat' dir='ltr'><strong>Deo</strong></span> <span class='ocrx_word' id='word_1_162' title='bbox 556 1063 692 1098; x_wconf 85' lang='lat' dir='ltr'><strong>dignosci,</strong></span> <span class='ocrx_word' id='word_1_163' title='bbox 706 1069 780 1094; x_wconf 87' lang='lat' dir='ltr'><strong>nam,</strong></span> <span class='ocrx_word' id='word_1_164' title='bbox 802 1060 955 1092; x_wconf 75' lang='lat' dir='ltr'><strong>Faciamus,</strong></span> 
     </span>
    </p>
   </div>
   <div class='ocr_carea' id='block_1_26' title="bbox 174 1105 957 1146">
    <p class='ocr_par' dir='ltr' id='par_1_26' title="bbox 174 1105 957 1146">
     <span class='ocr_line' id='line_1_26' title="bbox 174 1105 957 1146; baseline -0.009 -7"><span class='ocrx_word' id='word_1_165' title='bbox 174 1112 263 1146; x_wconf 80' lang='lat' dir='ltr'><strong>inquit</strong></span> <span class='ocrx_word' id='word_1_166' title='bbox 288 1111 399 1139; x_wconf 81' lang='lat' dir='ltr'><strong>sibimet</strong></span> <span class='ocrx_word' id='word_1_167' title='bbox 425 1109 515 1143; x_wconf 87' lang='lat' dir='ltr'><strong>Deus,</strong></span> <span class='ocrx_word' id='word_1_168' title='bbox 534 1109 612 1144; x_wconf 82' lang='lat' dir='ltr'><strong>quasi</strong></span> <span class='ocrx_word' id='word_1_169' title='bbox 640 1108 795 1142; x_wconf 79' lang='lat' dir='ltr'><strong>multiplex,</strong></span> <span class='ocrx_word' id='word_1_170' title='bbox 814 1111 875 1133; x_wconf 87' lang='lat' dir='ltr'><strong>utut</strong></span> <span class='ocrx_word' id='word_1_171' title='bbox 910 1105 957 1139; x_wconf 82' lang='lat' dir='ltr'><strong>sit,</strong></span> 
     </span>
    </p>
   </div>
   <div class='ocr_carea' id='block_1_27' title="bbox 173 1153 958 1196">
    <p class='ocr_par' dir='ltr' id='par_1_27' title="bbox 173 1153 958 1196">
     <span class='ocr_line' id='line_1_27' title="bbox 173 1153 958 1196; baseline -0.009 -9"><span class='ocrx_word' id='word_1_172' title='bbox 173 1161 199 1187; x_wconf 93' lang='lat' dir='ltr'><strong>iu</strong></span> <span class='ocrx_word' id='word_1_173' title='bbox 213 1161 362 1194; x_wconf 87' lang='lat' dir='ltr'><strong>semetipso</strong></span> <span class='ocrx_word' id='word_1_174' title='bbox 381 1158 518 1196; x_wconf 80' lang='lat' dir='ltr'><strong>exsistens</strong></span> <span class='ocrx_word' id='word_1_175' title='bbox 532 1165 539 1189; x_wconf 72' lang='grc' dir='ltr'><strong>ς</strong></span> <span class='ocrx_word' id='word_1_176' title='bbox 555 1161 582 1184; x_wconf 92' lang='lat' dir='ltr'><strong>et</strong></span> <span class='ocrx_word' id='word_1_177' title='bbox 594 1157 671 1192; x_wconf 77' lang='lat' dir='ltr'><strong>juxta</strong></span> <span class='ocrx_word' id='word_1_178' title='bbox 688 1155 834 1190; x_wconf 75' lang='lat' dir='ltr'><strong>imaginem</strong></span> <span class='ocrx_word' id='word_1_179' title='bbox 849 1153 896 1181; x_wconf 88' lang='lat' dir='ltr'><strong>Dei</strong></span> <span class='ocrx_word' id='word_1_180' title='bbox 909 1154 958 1180; x_wconf 92' lang='lat' dir='ltr'><strong>ho-</strong></span> 
     </span>
    </p>
   </div>
   <div class='ocr_carea' id='block_1_28' title="bbox 171 1200 957 1237">
    <p class='ocr_par' dir='ltr' id='par_1_28' title="bbox 171 1200 957 1237">
     <span class='ocr_line' id='line_1_28' title="bbox 171 1200 957 1237; baseline -0.01 -4"><span class='ocrx_word' id='word_1_181' title='bbox 171 1207 271 1233; x_wconf 88' lang='lat' dir='ltr'><strong>minem</strong></span> <span class='ocrx_word' id='word_1_182' title='bbox 284 1206 384 1233; x_wconf 80' lang='lat' dir='ltr'><strong>factum</strong></span> <span class='ocrx_word' id='word_1_183' title='bbox 397 1211 459 1232; x_wconf 86' lang='lat' dir='ltr'><strong>esse</strong></span> <span class='ocrx_word' id='word_1_184' title='bbox 473 1209 500 1231; x_wconf 88' lang='lat' dir='ltr'><strong>et</strong></span> <span class='ocrx_word' id='word_1_185' title='bbox 512 1208 648 1235; x_wconf 85' lang='lat' dir='ltr'><strong>constare,</strong></span> <span class='ocrx_word' id='word_1_186' title='bbox 666 1202 802 1237; x_wconf 82' lang='lat' dir='ltr'><strong>siquidem</strong></span> <span class='ocrx_word' id='word_1_187' title='bbox 816 1200 873 1227; x_wconf 79' lang='lat' dir='ltr'><strong>:Ad</strong></span> <span class='ocrx_word' id='word_1_188' title='bbox 888 1201 957 1227; x_wconf 81' lang='lat' dir='ltr'><strong>ima-</strong></span> 
     </span>
    </p>
   </div>
   <div class='ocr_carea' id='block_1_29' title="bbox 171 1247 956 1289">
    <p class='ocr_par' dir='ltr' id='par_1_29' title="bbox 171 1247 956 1289">
     <span class='ocr_line' id='line_1_29' title="bbox 171 1247 956 1289; baseline -0.009 -9"><span class='ocrx_word' id='word_1_189' title='bbox 171 1254 256 1289; x_wconf 81' lang='lat' dir='ltr'><strong>ginem</strong></span> <span class='ocrx_word' id='word_1_190' title='bbox 270 1256 398 1284; x_wconf 82' lang='lat' dir='ltr'><strong>uostram,</strong></span> <span class='ocrx_word' id='word_1_191' title='bbox 414 1251 461 1278; x_wconf 88' lang='lat' dir='ltr'><strong>ait.</strong></span> <span class='ocrx_word' id='word_1_192' title='bbox 480 1250 513 1277; x_wconf 88' lang='lat' dir='ltr'><strong>Et</strong></span> <span class='ocrx_word' id='word_1_193' title='bbox 529 1257 622 1277; x_wconf 85' lang='lat' dir='ltr'><strong>revera</strong></span> <span class='ocrx_word' id='word_1_194' title='bbox 635 1256 747 1284; x_wconf 89' lang='lat' dir='ltr'><strong>prorsus</strong></span> <span class='ocrx_word' id='word_1_195' title='bbox 760 1248 882 1283; x_wconf 82' lang='lat' dir='ltr'><strong>apposite</strong></span> <span class='ocrx_word' id='word_1_196' title='bbox 894 1247 956 1274; x_wconf 70' lang='grc' dir='ltr'>οἰο-</span> 
     </span>
    </p>
   </div>
   <div class='ocr_carea' id='block_1_30' title="bbox 172 1295 957 1331">
    <p class='ocr_par' dir='ltr' id='par_1_30' title="bbox 172 1295 957 1331">
     <span class='ocr_line' id='line_1_30' title="bbox 172 1295 957 1331; baseline -0.006 -5"><span class='ocrx_word' id='word_1_197' title='bbox 172 1305 229 1327; x_wconf 89' lang='lat' dir='ltr'><strong>tum</strong></span> <span class='ocrx_word' id='word_1_198' title='bbox 249 1298 332 1331; x_wconf 87' lang='lat' dir='ltr'><strong>istud,</strong></span> <span class='ocrx_word' id='word_1_199' title='bbox 347 1306 400 1325; x_wconf 84' lang='lat' dir='ltr'><strong>non</strong></span> <span class='ocrx_word' id='word_1_200' title='bbox 417 1305 449 1325; x_wconf 89' lang='lat' dir='ltr'><strong>eo</strong></span> <span class='ocrx_word' id='word_1_201' title='bbox 463 1297 551 1325; x_wconf 92' lang='lat' dir='ltr'><strong>solum</strong></span> <span class='ocrx_word' id='word_1_202' title='bbox 568 1296 641 1331; x_wconf 84' lang='lat' dir='ltr'><strong>quod</strong></span> <span class='ocrx_word' id='word_1_203' title='bbox 664 1296 749 1323; x_wconf 85' lang='lat' dir='ltr'><strong>libero</strong></span> <span class='ocrx_word' id='word_1_204' title='bbox 769 1295 884 1322; x_wconf 85' lang='lat' dir='ltr'><strong>arbitrio</strong></span> <span class='ocrx_word' id='word_1_205' title='bbox 900 1299 957 1322; x_wconf 84' lang='lat' dir='ltr'><strong>erat</strong></span> 
     </span>
    </p>
   </div>
   <div class='ocr_carea' id='block_1_31' title="bbox 172 1340 954 1377">
    <p class='ocr_par' dir='ltr' id='par_1_31' title="bbox 172 1340 954 1377">
     <span class='ocr_line' id='line_1_31' title="bbox 172 1340 954 1377; baseline -0.005 -5"><span class='ocrx_word' id='word_1_206' title='bbox 172 1345 348 1373; x_wconf 89' lang='lat' dir='ltr'><strong>honorandus</strong></span> <span class='ocrx_word' id='word_1_207' title='bbox 364 1345 455 1377; x_wconf 78' lang='lat' dir='ltr'><strong>homo,</strong></span> <span class='ocrx_word' id='word_1_208' title='bbox 472 1343 542 1371; x_wconf 86' lang='lat' dir='ltr'><strong>unde</strong></span> <span class='ocrx_word' id='word_1_209' title='bbox 559 1347 585 1370; x_wconf 95' lang='lat' dir='ltr'><strong>et</strong></span> <span class='ocrx_word' id='word_1_210' title='bbox 601 1349 692 1370; x_wconf 87' lang='lat' dir='ltr'><strong>rerum</strong></span> <span class='ocrx_word' id='word_1_211' title='bbox 718 1342 839 1369; x_wconf 87' lang='lat' dir='ltr'><strong>omnium</strong></span> <span class='ocrx_word' id='word_1_212' title='bbox 853 1340 954 1368; x_wconf 89' lang='lat' dir='ltr'><strong>condi-</strong></span> 
     </span>
    </p>
   </div>
   <div class='ocr_carea' id='block_1_32' title="bbox 173 1387 956 1422">
    <p class='ocr_par' dir='ltr' id='par_1_32' title="bbox 173 1387 956 1422">
     <span class='ocr_line' id='line_1_32' title="bbox 173 1387 956 1422; baseline -0.005 -3"><span class='ocrx_word' id='word_1_213' title='bbox 173 1397 262 1419; x_wconf 84' lang='lat' dir='ltr'><strong>tarum</strong></span> <span class='ocrx_word' id='word_1_214' title='bbox 281 1391 388 1418; x_wconf 84' lang='lat' dir='ltr'><strong>futurus</strong></span> <span class='ocrx_word' id='word_1_215' title='bbox 408 1395 466 1418; x_wconf 89' lang='lat' dir='ltr'><strong>erat</strong></span> <span class='ocrx_word' id='word_1_216' title='bbox 482 1389 609 1417; x_wconf 87' lang='lat' dir='ltr'><strong>dominus</strong></span> <span class='ocrx_word' id='word_1_217' title='bbox 623 1393 649 1416; x_wconf 90' lang='lat' dir='ltr'><strong>et</strong></span> <span class='ocrx_word' id='word_1_218' title='bbox 666 1389 797 1415; x_wconf 89' lang='lat' dir='ltr'><strong>continuo</strong></span> <span class='ocrx_word' id='word_1_219' title='bbox 814 1387 956 1422; x_wconf 80' lang='lat' dir='ltr'><strong>proximus</strong></span> 
     </span>
    </p>
   </div>
   <div class='ocr_carea' id='block_1_33' title="bbox 172 1433 960 1471">
    <p class='ocr_par' dir='ltr' id='par_1_33' title="bbox 172 1433 960 1471">
     <span class='ocr_line' id='line_1_33' title="bbox 172 1433 960 1471; baseline -0.008 -6"><span class='ocrx_word' id='word_1_220' title='bbox 172 1446 186 1465; x_wconf 86' lang='lat' dir='ltr'><strong>a</strong></span> <span class='ocrx_word' id='word_1_221' title='bbox 197 1437 262 1469; x_wconf 82' lang='lat' dir='ltr'><strong>Deo,</strong></span> <span class='ocrx_word' id='word_1_222' title='bbox 272 1437 318 1464; x_wconf 87' lang='lat' dir='ltr'><strong>sed</strong></span> <span class='ocrx_word' id='word_1_223' title='bbox 335 1437 416 1464; x_wconf 83' lang='lat' dir='ltr'><strong>etiam</strong></span> <span class='ocrx_word' id='word_1_224' title='bbox 429 1435 501 1471; x_wconf 90' lang='lat' dir='ltr'><strong>quod</strong></span> <span class='ocrx_word' id='word_1_225' title='bbox 513 1435 633 1462; x_wconf 81' lang='lat' dir='ltr'><strong>divinam</strong></span> <span class='ocrx_word' id='word_1_226' title='bbox 649 1435 778 1461; x_wconf 91' lang='lat' dir='ltr'><strong>unitatem</strong></span> <span class='ocrx_word' id='word_1_227' title='bbox 799 1441 831 1461; x_wconf 88' lang='lat' dir='ltr'><strong>ac</strong></span> <span class='ocrx_word' id='word_1_228' title='bbox 847 1433 960 1468; x_wconf 84' lang='lat' dir='ltr'><strong>plurali-</strong></span> 
     </span>
    </p>
   </div>
   <div class='ocr_carea' id='block_1_34' title="bbox 179 1471 994 1518">
    <p class='ocr_par' dir='ltr' id='par_1_34' title="bbox 179 1471 994 1518">
     <span class='ocr_line' id='line_1_34' title="bbox 179 1471 994 1518; baseline -0.007 -7"><span class='ocrx_word' id='word_1_229' title='bbox 179 1488 260 1512; x_wconf 84' lang='lat' dir='ltr'><strong>tatem</strong></span> <span class='ocrx_word' id='word_1_230' title='bbox 275 1488 349 1510; x_wconf 82' lang='lat' dir='ltr'><strong>esset</strong></span> <span class='ocrx_word' id='word_1_231' title='bbox 363 1483 585 1518; x_wconf 79' lang='lat' dir='ltr'><strong>participaturus.</strong></span> <span class='ocrx_word' id='word_1_232' title='bbox 599 1480 655 1508; x_wconf 90' lang='lat' dir='ltr'><strong>Imo</strong></span> <span class='ocrx_word' id='word_1_233' title='bbox 668 1479 855 1514; x_wconf 86' lang='lat' dir='ltr'><strong>hincquodam</strong></span> <span class='ocrx_word' id='word_1_234' title='bbox 873 1480 956 1506; x_wconf 90' lang='lat' dir='ltr'><strong>modo</strong></span> <span class='ocrx_word' id='word_1_235' title='bbox 972 1471 994 1502; x_wconf 82' lang='lat' dir='ltr'><strong><em>C</em></strong></span> 
     </span>
    </p>
   </div>
   <div class='ocr_carea' id='block_1_35' title="bbox 174 1523 958 1564">
    <p class='ocr_par' dir='ltr' id='par_1_35' title="bbox 174 1523 958 1564">
     <span class='ocr_line' id='line_1_35' title="bbox 174 1523 958 1564; baseline -0.008 -8"><span class='ocrx_word' id='word_1_236' title='bbox 174 1530 310 1564; x_wconf 77' lang='lat' dir='ltr'><strong>particeps</strong></span> <span class='ocrx_word' id='word_1_237' title='bbox 345 1528 470 1561; x_wconf 80' lang='lat' dir='ltr'><strong>eﬂ&#39;ectus,</strong></span> <span class='ocrx_word' id='word_1_238' title='bbox 501 1534 561 1554; x_wconf 89' lang='lat' dir='ltr'><strong>eum</strong></span> <span class='ocrx_word' id='word_1_239' title='bbox 590 1531 617 1553; x_wconf 90' lang='lat' dir='ltr'><strong>et</strong></span> <span class='ocrx_word' id='word_1_240' title='bbox 635 1532 706 1552; x_wconf 89' lang='lat' dir='ltr'><strong>unus</strong></span> <span class='ocrx_word' id='word_1_241' title='bbox 727 1525 762 1552; x_wconf 88' lang='lat' dir='ltr'><strong>sit</strong></span> <span class='ocrx_word' id='word_1_242' title='bbox 778 1529 804 1551; x_wconf 87' lang='lat' dir='ltr'><strong>et</strong></span> <span class='ocrx_word' id='word_1_243' title='bbox 818 1523 958 1559; x_wconf 85' lang='lat' dir='ltr'><strong>pluribus,</strong></span> 
     </span>
    </p>
   </div>
   <div class='ocr_carea' id='block_1_36' title="bbox 173 1571 955 1611">
    <p class='ocr_par' dir='ltr' id='par_1_36' title="bbox 173 1571 955 1611">
     <span class='ocr_line' id='line_1_36' title="bbox 173 1571 955 1611; baseline -0.006 -8"><span class='ocrx_word' id='word_1_244' title='bbox 173 1576 262 1611; x_wconf 86' lang='lat' dir='ltr'><strong>quoad</strong></span> <span class='ocrx_word' id='word_1_245' title='bbox 278 1577 408 1608; x_wconf 85' lang='lat' dir='ltr'><strong>animam,</strong></span> <span class='ocrx_word' id='word_1_246' title='bbox 422 1573 597 1602; x_wconf 78' lang='lat' dir='ltr'><strong>facultatibus</strong></span> <span class='ocrx_word' id='word_1_247' title='bbox 607 1572 722 1599; x_wconf 87' lang='lat' dir='ltr'><strong>coalcat.</strong></span> <span class='ocrx_word' id='word_1_248' title='bbox 737 1571 815 1598; x_wconf 85' lang='lat' dir='ltr'><strong>Hunc</strong></span> <span class='ocrx_word' id='word_1_249' title='bbox 830 1571 955 1598; x_wconf 88' lang='lat' dir='ltr'><strong>divinum</strong></span> 
     </span>
    </p>
   </div>
   <div class='ocr_carea' id='block_1_37' title="bbox 173 1616 953 1652">
    <p class='ocr_par' dir='ltr' id='par_1_37' title="bbox 173 1616 953 1652">
     <span class='ocr_line' id='line_1_37' title="bbox 173 1616 953 1652; baseline -0.008 -3"><span class='ocrx_word' id='word_1_250' title='bbox 173 1630 316 1650; x_wconf 86' lang='lat' dir='ltr'><strong>numerum</strong></span> <span class='ocrx_word' id='word_1_251' title='bbox 334 1622 378 1648; x_wconf 90' lang='lat' dir='ltr'><strong>ille</strong></span> <span class='ocrx_word' id='word_1_252' title='bbox 391 1621 468 1648; x_wconf 86' lang='lat' dir='ltr'><strong>nobis</strong></span> <span class='ocrx_word' id='word_1_253' title='bbox 488 1620 620 1647; x_wconf 86' lang='lat' dir='ltr'><strong>reseravit</strong></span> <span class='ocrx_word' id='word_1_254' title='bbox 641 1625 721 1652; x_wconf 84' lang='lat' dir='ltr'><strong>quem</strong></span> <span class='ocrx_word' id='word_1_255' title='bbox 736 1622 882 1644; x_wconf 88' lang='lat' dir='ltr'><strong>venturum</strong></span> <span class='ocrx_word' id='word_1_256' title='bbox 898 1616 953 1644; x_wconf 79' lang='lat' dir='ltr'><strong>Mo-</strong></span> 
     </span>
    </p>
   </div>
   <div class='ocr_carea' id='block_1_38' title="bbox 172 1662 959 1700">
    <p class='ocr_par' dir='ltr' id='par_1_38' title="bbox 172 1662 959 1700">
     <span class='ocr_line' id='line_1_38' title="bbox 172 1662 959 1700; baseline -0.005 -8"><span class='ocrx_word' id='word_1_257' title='bbox 172 1675 216 1693; x_wconf 77' lang='lat' dir='ltr'><strong>scs</strong></span> <span class='ocrx_word' id='word_1_258' title='bbox 233 1666 444 1700; x_wconf 81' lang='lat' dir='ltr'><strong>prophetaverat</strong></span> <span class='ocrx_word' id='word_1_259' title='bbox 476 1663 568 1691; x_wconf 79' lang='lat' dir='ltr'><strong>Jcsus.</strong></span> <span class='ocrx_word' id='word_1_260' title='bbox 589 1662 772 1695; x_wconf 83' lang='lat' dir='ltr'><strong>Quamobrem</strong></span> <span class='ocrx_word' id='word_1_261' title='bbox 798 1667 824 1689; x_wconf 91' lang='lat' dir='ltr'><strong>et</strong></span> <span class='ocrx_word' id='word_1_262' title='bbox 847 1662 878 1689; x_wconf 89' lang='lat' dir='ltr'><strong>ad</strong></span> <span class='ocrx_word' id='word_1_263' title='bbox 909 1669 959 1689; x_wconf 90' lang='lat' dir='ltr'><strong>uo-</strong></span> 
     </span>
    </p>
   </div>
   <div class='ocr_carea' id='block_1_39' title="bbox 174 1708 959 1744">
    <p class='ocr_par' dir='ltr' id='par_1_39' title="bbox 174 1708 959 1744">
     <span class='ocr_line' id='line_1_39' title="bbox 174 1708 959 1744; baseline -0.004 -6"><span class='ocrx_word' id='word_1_264' title='bbox 174 1717 258 1738; x_wconf 71' lang='lat' dir='ltr'><strong>strum</strong></span> <span class='ocrx_word' id='word_1_265' title='bbox 276 1717 400 1738; x_wconf 62' lang='lat' dir='ltr'><strong>catteram</strong></span> <span class='ocrx_word' id='word_1_266' title='bbox 418 1709 609 1744; x_wconf 79' lang='lat' dir='ltr'><strong>perfectionem</strong></span> <span class='ocrx_word' id='word_1_267' title='bbox 628 1708 775 1735; x_wconf 80' lang='lat' dir='ltr'><strong>adveniens</strong></span> <span class='ocrx_word' id='word_1_268' title='bbox 805 1708 959 1740; x_wconf 83' lang='lat' dir='ltr'><strong>iterumque</strong></span> 
     </span>
    </p>
   </div>
   <div class='ocr_carea' id='block_1_40' title="bbox 174 1753 959 1789">
    <p class='ocr_par' dir='ltr' id='par_1_40' title="bbox 174 1753 959 1789">
     <span class='ocr_line' id='line_1_40' title="bbox 174 1753 959 1789; baseline -0.008 -4"><span class='ocrx_word' id='word_1_269' title='bbox 174 1761 306 1784; x_wconf 64' lang='lat' dir='ltr'><strong>venturus</strong></span> <span class='ocrx_word' id='word_1_270' title='bbox 321 1756 404 1783; x_wconf 83' lang='lat' dir='ltr'><strong>multo</strong></span> <span class='ocrx_word' id='word_1_271' title='bbox 420 1759 482 1781; x_wconf 86' lang='lat' dir='ltr'><strong>ante</strong></span> <span class='ocrx_word' id='word_1_272' title='bbox 496 1754 687 1789; x_wconf 86' lang='lat' dir='ltr'><strong>pronuntiatus</strong></span> <span class='ocrx_word' id='word_1_273' title='bbox 703 1753 789 1781; x_wconf 80' lang='lat' dir='ltr'><strong>edixit</strong></span> <span class='ocrx_word' id='word_1_274' title='bbox 818 1753 959 1788; x_wconf 87' lang='lat' dir='ltr'><strong>baptizan-</strong></span> 
     </span>
    </p>
   </div>
   <div class='ocr_carea' id='block_1_41' title="bbox 173 1798 956 1837">
    <p class='ocr_par' dir='ltr' id='par_1_41' title="bbox 173 1798 956 1837">
     <span class='ocr_line' id='line_1_41' title="bbox 173 1798 956 1837; baseline -0.008 -7"><span class='ocrx_word' id='word_1_275' title='bbox 173 1803 223 1830; x_wconf 78' lang='lat' dir='ltr'><strong>d’us</strong></span> <span class='ocrx_word' id='word_1_276' title='bbox 249 1811 295 1830; x_wconf 83' lang='lat' dir='ltr'><strong>eos</strong></span> <span class='ocrx_word' id='word_1_277' title='bbox 310 1803 354 1837; x_wconf 87' lang='lat' dir='ltr'><strong>qui</strong></span> <span class='ocrx_word' id='word_1_278' title='bbox 372 1801 536 1828; x_wconf 84' lang='lat' dir='ltr'><strong>crediderint</strong></span> <span class='ocrx_word' id='word_1_279' title='bbox 552 1801 578 1827; x_wconf 91' lang='lat' dir='ltr'><strong>in</strong></span> <span class='ocrx_word' id='word_1_280' title='bbox 594 1807 705 1827; x_wconf 81' lang='lat' dir='ltr'><strong>nomine</strong></span> <span class='ocrx_word' id='word_1_281' title='bbox 722 1799 820 1832; x_wconf 78' lang='lat' dir='ltr'><strong>Patris,</strong></span> <span class='ocrx_word' id='word_1_282' title='bbox 838 1805 865 1827; x_wconf 91' lang='lat' dir='ltr'><strong>et</strong></span> <span class='ocrx_word' id='word_1_283' title='bbox 882 1798 956 1831; x_wconf 77' lang='lat' dir='ltr'><strong>Filii,</strong></span> 
     </span>
    </p>
   </div>
   <div class='ocr_carea' id='block_1_42' title="bbox 174 1847 960 1884">
    <p class='ocr_par' dir='ltr' id='par_1_42' title="bbox 174 1847 960 1884">
     <span class='ocr_line' id='line_1_42' title="bbox 174 1847 960 1884; baseline -0.008 -7"><span class='ocrx_word' id='word_1_284' title='bbox 174 1854 201 1877; x_wconf 72' lang='lat' dir='ltr'><strong>et</strong></span> <span class='ocrx_word' id='word_1_285' title='bbox 216 1850 333 1884; x_wconf 79' lang='lat' dir='ltr'><strong>Spiritus</strong></span> <span class='ocrx_word' id='word_1_286' title='bbox 350 1848 447 1880; x_wconf 86' lang='lat' dir='ltr'><strong>sancti,</strong></span> <span class='ocrx_word' id='word_1_287' title='bbox 458 1847 569 1882; x_wconf 85' lang='lat' dir='ltr'><strong>quibus,</strong></span> <span class='ocrx_word' id='word_1_288' title='bbox 585 1847 635 1874; x_wconf 87' lang='lat' dir='ltr'><strong>etsi</strong></span> <span class='ocrx_word' id='word_1_289' title='bbox 653 1851 708 1873; x_wconf 78' lang='lat' dir='ltr'><strong>tres</strong></span> <span class='ocrx_word' id='word_1_290' title='bbox 719 1847 774 1873; x_wconf 88' lang='lat' dir='ltr'><strong>sint</strong></span> <span class='ocrx_word' id='word_1_291' title='bbox 785 1867 792 1878; x_wconf 90' lang='lat'><strong>,</strong></span> <span class='ocrx_word' id='word_1_292' title='bbox 816 1853 899 1872; x_wconf 88' lang='lat' dir='ltr'><strong>untun</strong></span> <span class='ocrx_word' id='word_1_293' title='bbox 914 1852 960 1871; x_wconf 91' lang='lat' dir='ltr'><strong>no-</strong></span> 
     </span>
    </p>
   </div>
   <div class='ocr_carea' id='block_1_43' title="bbox 176 1891 960 1927">
    <p class='ocr_par' dir='ltr' id='par_1_43' title="bbox 176 1891 960 1927">
     <span class='ocr_line' id='line_1_43' title="bbox 176 1891 960 1927; baseline -0.005 -4"><span class='ocrx_word' id='word_1_294' title='bbox 176 1904 236 1924; x_wconf 86' lang='lat' dir='ltr'><strong>men</strong></span> <span class='ocrx_word' id='word_1_295' title='bbox 253 1899 338 1923; x_wconf 81' lang='lat' dir='ltr'><strong>estet</strong></span> <span class='ocrx_word' id='word_1_296' title='bbox 363 1895 391 1922; x_wconf 94' lang='lat' dir='ltr'><strong>in</strong></span> <span class='ocrx_word' id='word_1_297' title='bbox 413 1893 554 1922; x_wconf 90' lang='lat' dir='ltr'><strong>communi</strong></span> <span class='ocrx_word' id='word_1_298' title='bbox 585 1893 715 1927; x_wconf 59' lang='lat' dir='ltr'><strong>competit</strong></span> <span class='ocrx_word' id='word_1_299' title='bbox 745 1899 826 1919; x_wconf 84' lang='lat' dir='ltr'><strong>uuam</strong></span> <span class='ocrx_word' id='word_1_300' title='bbox 860 1891 960 1919; x_wconf 78' lang='lat' dir='ltr'><strong>habere</strong></span> 
     </span>
    </p>
   </div>
   <div class='ocr_carea' id='block_1_44' title="bbox 175 1937 956 1970">
    <p class='ocr_par' dir='ltr' id='par_1_44' title="bbox 175 1937 956 1970">
     <span class='ocr_line' id='line_1_44' title="bbox 175 1937 956 1970; baseline -0.008 0"><span class='ocrx_word' id='word_1_301' title='bbox 175 1943 303 1970; x_wconf 75' lang='lat' dir='ltr'><strong>deitatem</strong></span> <span class='ocrx_word' id='word_1_302' title='bbox 324 1946 350 1969; x_wconf 89' lang='lat' dir='ltr'><strong>et</strong></span> <span class='ocrx_word' id='word_1_303' title='bbox 367 1948 451 1967; x_wconf 90' lang='lat' dir='ltr'><strong>unum</strong></span> <span class='ocrx_word' id='word_1_304' title='bbox 467 1939 551 1966; x_wconf 88' lang='lat' dir='ltr'><strong>Deum</strong></span> <span class='ocrx_word' id='word_1_305' title='bbox 568 1939 620 1965; x_wconf 87' lang='lat' dir='ltr'><strong>tria</strong></span> <span class='ocrx_word' id='word_1_306' title='bbox 636 1939 686 1965; x_wconf 90' lang='lat' dir='ltr'><strong>hoc</strong></span> <span class='ocrx_word' id='word_1_307' title='bbox 695 1946 765 1965; x_wconf 87' lang='lat' dir='ltr'><strong>esse.</strong></span> <span class='ocrx_word' id='word_1_308' title='bbox 785 1937 855 1970; x_wconf 86' lang='lat' dir='ltr'><strong>Quin</strong></span> <span class='ocrx_word' id='word_1_309' title='bbox 873 1938 956 1964; x_wconf 86' lang='lat' dir='ltr'><strong>etiam</strong></span> 
     </span>
    </p>
   </div>
   <div class='ocr_carea' id='block_1_45' title="bbox 175 1983 961 2023">
    <p class='ocr_par' dir='ltr' id='par_1_45' title="bbox 175 1983 961 2023">
     <span class='ocr_line' id='line_1_45' title="bbox 175 1983 961 2023; baseline -0.006 -9"><span class='ocrx_word' id='word_1_310' title='bbox 175 1991 334 2023; x_wconf 74' lang='lat' dir='ltr'><strong>priusquam</strong></span> <span class='ocrx_word' id='word_1_311' title='bbox 352 1987 472 2013; x_wconf 86' lang='lat' dir='ltr'><strong>venisset</strong></span> <span class='ocrx_word' id='word_1_312' title='bbox 489 1985 580 2017; x_wconf 84' lang='lat' dir='ltr'><strong>Jesus,</strong></span> <span class='ocrx_word' id='word_1_313' title='bbox 592 1984 675 2011; x_wconf 86' lang='lat' dir='ltr'><strong>David</strong></span> <span class='ocrx_word' id='word_1_314' title='bbox 689 1985 759 2011; x_wconf 91' lang='lat' dir='ltr'><strong>hanc</strong></span> <span class='ocrx_word' id='word_1_315' title='bbox 775 1983 802 2010; x_wconf 94' lang='lat' dir='ltr'><strong>iu</strong></span> <span class='ocrx_word' id='word_1_316' title='bbox 820 1983 875 2010; x_wconf 72' lang='lat' dir='ltr'><strong>Duo</strong></span> <span class='ocrx_word' id='word_1_317' title='bbox 898 1983 961 2010; x_wconf 84' lang='lat' dir='ltr'><strong>Tri-</strong></span> 
     </span>
    </p>
   </div>
   <div class='ocr_carea' id='block_1_46' title="bbox 176 2029 960 2067">
    <p class='ocr_par' dir='ltr' id='par_1_46' title="bbox 176 2029 960 2067">
     <span class='ocr_line' id='line_1_46' title="bbox 176 2029 960 2067; baseline -0.004 -7"><span class='ocrx_word' id='word_1_318' title='bbox 176 2035 286 2060; x_wconf 79' lang='lat' dir='ltr'><strong>nitatem</strong></span> <span class='ocrx_word' id='word_1_319' title='bbox 331 2031 463 2067; x_wconf 87' lang='lat' dir='ltr'><strong>pellucide</strong></span> <span class='ocrx_word' id='word_1_320' title='bbox 486 2031 673 2058; x_wconf 86' lang='lat' dir='ltr'><strong>dcclaraverat</strong></span> <span class='ocrx_word' id='word_1_321' title='bbox 699 2039 706 2058; x_wconf 89' lang='lat'>:</span> <span class='ocrx_word' id='word_1_322' title='bbox 741 2029 823 2057; x_wconf 83' lang='lat' dir='ltr'><strong>Verbo</strong></span> <span class='ocrx_word' id='word_1_323' title='bbox 842 2029 960 2064; x_wconf 73' lang='lat' dir='ltr'><strong>Domini,</strong></span> 
     </span>
    </p>
   </div>
   <div class='ocr_carea' id='block_1_47' title="bbox 177 2076 962 2114">
    <p class='ocr_par' dir='ltr' id='par_1_47' title="bbox 177 2076 962 2114">
     <span class='ocr_line' id='line_1_47' title="bbox 177 2076 962 2114; baseline -0.006 -7"><span class='ocrx_word' id='word_1_324' title='bbox 177 2081 314 2114; x_wconf 70' lang='lat' dir='ltr'><strong>inquiens,</strong></span> <span class='ocrx_word' id='word_1_325' title='bbox 330 2078 386 2105; x_wconf 64' lang='lat' dir='ltr'><strong>caeli</strong></span> <span class='ocrx_word' id='word_1_326' title='bbox 400 2078 500 2112; x_wconf 84' lang='lat' dir='ltr'><strong>ﬁrmati</strong></span> <span class='ocrx_word' id='word_1_327' title='bbox 519 2082 580 2104; x_wconf 77' lang='lat' dir='ltr'><strong>sunt</strong></span> <span class='ocrx_word' id='word_1_328' title='bbox 597 2082 621 2104; x_wconf 81' lang='lat' dir='ltr'><strong>et</strong></span> <span class='ocrx_word' id='word_1_329' title='bbox 636 2076 737 2109; x_wconf 80' lang='lat' dir='ltr'><strong>Spiritu</strong></span> <span class='ocrx_word' id='word_1_330' title='bbox 763 2077 816 2103; x_wconf 79' lang='lat' dir='ltr'><strong>oris</strong></span> <span class='ocrx_word' id='word_1_331' title='bbox 832 2076 889 2110; x_wconf 77' lang='lat' dir='ltr'><strong>eius</strong></span> <span class='ocrx_word' id='word_1_332' title='bbox 907 2085 962 2103; x_wconf 87' lang='lat' dir='ltr'><strong>om-</strong></span> 
     </span>
    </p>
   </div>
   <div class='ocr_carea' id='block_1_48' title="bbox 1012 220 1827 262">
    <p class='ocr_par' dir='ltr' id='par_1_48' title="bbox 1012 220 1827 262">
     <span class='ocr_line' id='line_1_48' title="bbox 1012 220 1827 262; baseline -0.01 -8"><span class='ocrx_word' id='word_1_333' title='bbox 1012 227 1168 262; x_wconf 67' lang='grc' dir='ltr'>δεδομένης,</span> <span class='ocrx_word' id='word_1_334' title='bbox 1184 227 1207 253; x_wconf 78' lang='grc' dir='ltr'>εἰ</span> <span class='ocrx_word' id='word_1_335' title='bbox 1219 227 1265 253; x_wconf 79' lang='grc' dir='ltr'><strong>καὶ</strong></span> <span class='ocrx_word' id='word_1_336' title='bbox 1277 226 1310 252; x_wconf 72' lang='grc' dir='ltr'><strong>τὰ</strong></span> <span class='ocrx_word' id='word_1_337' title='bbox 1324 224 1447 260; x_wconf 78' lang='grc' dir='ltr'>περὶτῆς</span> <span class='ocrx_word' id='word_1_338' title='bbox 1457 223 1532 255; x_wconf 82' lang='grc' dir='ltr'>θείας</span> <span class='ocrx_word' id='word_1_339' title='bbox 1544 220 1701 255; x_wconf 79' lang='grc' dir='ltr'><strong>οἰκονομίας</strong></span> <span class='ocrx_word' id='word_1_340' title='bbox 1713 220 1827 246; x_wconf 67' lang='grc' dir='ltr'>ἐθελο-</span> 
     </span>
    </p>
   </div>
   <div class='ocr_carea' id='block_1_49' title="bbox 1012 266 1829 307">
    <p class='ocr_par' dir='ltr' id='par_1_49' title="bbox 1012 266 1829 307">
     <span class='ocr_line' id='line_1_49' title="bbox 1012 266 1829 307; baseline -0.012 -7"><span class='ocrx_word' id='word_1_341' title='bbox 1012 273 1168 307; x_wconf 81' lang='grc' dir='ltr'>κωφοῦντες</span> <span class='ocrx_word' id='word_1_342' title='bbox 1185 271 1270 307; x_wconf 77' lang='grc' dir='ltr'>αὐτὴν</span> <span class='ocrx_word' id='word_1_343' title='bbox 1283 270 1503 306; x_wconf 71' lang='grc' dir='ltr'><strong>παρατρέχουσιν</strong></span> <span class='ocrx_word' id='word_1_344' title='bbox 1516 268 1533 303; x_wconf 85' lang='grc' dir='ltr'>ἢ</span> <span class='ocrx_word' id='word_1_345' title='bbox 1550 266 1722 301; x_wconf 69' lang='grc' dir='ltr'>διαστρόφως</span> <span class='ocrx_word' id='word_1_346' title='bbox 1737 273 1829 299; x_wconf 84' lang='grc' dir='ltr'>πιρ-</span> 
     </span>
    </p>
   </div>
   <div class='ocr_carea' id='block_1_50' title="bbox 1012 312 1827 354">
    <p class='ocr_par' dir='ltr' id='par_1_50' title="bbox 1012 312 1827 354">
     <span class='ocr_line' id='line_1_50' title="bbox 1012 312 1827 354; baseline -0.012 -8"><span class='ocrx_word' id='word_1_347' title='bbox 1012 319 1234 354; x_wconf 73' lang='grc' dir='ltr'>ερμηνεύσντες),</span> <span class='ocrx_word' id='word_1_348' title='bbox 1250 318 1330 352; x_wconf 80' lang='grc' dir='ltr'>ἀρκεῖ</span> <span class='ocrx_word' id='word_1_349' title='bbox 1348 318 1394 343; x_wconf 75' lang='grc' dir='ltr'><strong>καὶ</strong></span> <span class='ocrx_word' id='word_1_350' title='bbox 1408 316 1474 351; x_wconf 83' lang='grc' dir='ltr'>ἡμῖν</span> <span class='ocrx_word' id='word_1_351' title='bbox 1488 314 1536 341; x_wconf 80' lang='grc' dir='ltr'>νῦν</span> <span class='ocrx_word' id='word_1_352' title='bbox 1551 314 1595 341; x_wconf 81' lang='grc' dir='ltr'><strong>διὰ</strong></span> <span class='ocrx_word' id='word_1_353' title='bbox 1607 312 1694 340; x_wconf 75' lang='grc' dir='ltr'>ταῦτα</span> <span class='ocrx_word' id='word_1_354' title='bbox 1709 313 1742 338; x_wconf 77' lang='grc' dir='ltr'><strong>ὲκ</strong></span> <span class='ocrx_word' id='word_1_355' title='bbox 1757 312 1827 346; x_wconf 77' lang='grc' dir='ltr'><strong>τῆς</strong></span> 
     </span>
    </p>
   </div>
   <div class='ocr_carea' id='block_1_51' title="bbox 1012 359 1826 396">
    <p class='ocr_par' dir='ltr' id='par_1_51' title="bbox 1012 359 1826 396">
     <span class='ocr_line' id='line_1_51' title="bbox 1012 359 1826 396; baseline -0.012 -4"><span class='ocrx_word' id='word_1_356' title='bbox 1012 366 1134 396; x_wconf 82' lang='grc' dir='ltr'><strong>Μωσέως</strong></span> <span class='ocrx_word' id='word_1_357' title='bbox 1149 364 1322 395; x_wconf 70' lang='grc' dir='ltr'><strong>διδασκαλίας</strong></span> <span class='ocrx_word' id='word_1_358' title='bbox 1335 363 1372 394; x_wconf 80' lang='grc' dir='ltr'><strong>ὡς</strong></span> <span class='ocrx_word' id='word_1_359' title='bbox 1384 361 1546 395; x_wconf 77' lang='grc' dir='ltr'>κοινοτάτης</span> <span class='ocrx_word' id='word_1_360' title='bbox 1557 361 1640 387; x_wconf 79' lang='grc' dir='ltr'>πᾶσιν</span> <span class='ocrx_word' id='word_1_361' title='bbox 1655 359 1745 393; x_wconf 77' lang='grc' dir='ltr'>ἀρχῆς</span> <span class='ocrx_word' id='word_1_362' title='bbox 1757 359 1826 391; x_wconf 70' lang='grc' dir='ltr'>τὴν</span> 
     </span>
    </p>
   </div>
   <div class='ocr_carea' id='block_1_52' title="bbox 1012 405 1821 447">
    <p class='ocr_par' dir='ltr' id='par_1_52' title="bbox 1012 405 1821 447">
     <span class='ocr_line' id='line_1_52' title="bbox 1012 405 1821 447; baseline -0.011 -8"><span class='ocrx_word' id='word_1_363' title='bbox 1012 413 1041 439; x_wconf 74' lang='grc' dir='ltr'>ὲν</span> <span class='ocrx_word' id='word_1_364' title='bbox 1052 412 1090 447; x_wconf 80' lang='grc' dir='ltr'>τῷ</span> <span class='ocrx_word' id='word_1_365' title='bbox 1105 412 1165 446; x_wconf 83' lang='grc' dir='ltr'><strong>Θεῷ</strong></span> <span class='ocrx_word' id='word_1_366' title='bbox 1174 412 1269 444; x_wconf 77' lang='grc' dir='ltr'>δεῖξαι,</span> <span class='ocrx_word' id='word_1_367' title='bbox 1278 410 1384 446; x_wconf 81' lang='grc' dir='ltr'>Τριάδα</span> <span class='ocrx_word' id='word_1_368' title='bbox 1396 411 1451 440; x_wconf 84' lang='grc' dir='ltr'>τοῖς</span> <span class='ocrx_word' id='word_1_369' title='bbox 1462 410 1526 443; x_wconf 73' lang='grc' dir='ltr'>περὶ</span> <span class='ocrx_word' id='word_1_370' title='bbox 1536 407 1638 441; x_wconf 75' lang='grc' dir='ltr'>ταύτης</span> <span class='ocrx_word' id='word_1_371' title='bbox 1649 407 1717 441; x_wconf 75' lang='grc' dir='ltr'>πρὸς</span> <span class='ocrx_word' id='word_1_372' title='bbox 1730 405 1821 439; x_wconf 73' lang='grc' dir='ltr'><strong>ἡμᾶς</strong></span> 
     </span>
    </p>
   </div>
   <div class='ocr_carea' id='block_1_53' title="bbox 1011 451 1821 494">
    <p class='ocr_par' dir='ltr' id='par_1_53' title="bbox 1011 451 1821 494">
     <span class='ocr_line' id='line_1_53' title="bbox 1011 451 1821 494; baseline -0.012 -9"><span class='ocrx_word' id='word_1_373' title='bbox 1011 458 1275 494; x_wconf 74' lang='grc' dir='ltr'><strong>διαμφισϐητοῦσιν⁸</strong></span> <span class='ocrx_word' id='word_1_374' title='bbox 1293 459 1339 483; x_wconf 68' lang='grc' dir='ltr'><strong>καὶ</strong></span> <span class='ocrx_word' id='word_1_375' title='bbox 1359 455 1473 491; x_wconf 76' lang='grc' dir='ltr'>βιϐλίοις</span> <span class='ocrx_word' id='word_1_376' title='bbox 1499 453 1548 488; x_wconf 80' lang='grc' dir='ltr'><strong>μὲν</strong></span> <span class='ocrx_word' id='word_1_377' title='bbox 1574 453 1656 483; x_wconf 78' lang='grc' dir='ltr'>ὅλοις,</span> <span class='ocrx_word' id='word_1_378' title='bbox 1673 453 1704 478; x_wconf 78' lang='grc' dir='ltr'>οὐ</span> <span class='ocrx_word' id='word_1_379' title='bbox 1725 451 1821 485; x_wconf 75' lang='grc' dir='ltr'>μόνον</span> 
     </span>
    </p>
   </div>
   <div class='ocr_carea' id='block_1_54' title="bbox 1011 497 1820 540">
    <p class='ocr_par' dir='ltr' id='par_1_54' title="bbox 1011 497 1820 540">
     <span class='ocr_line' id='line_1_54' title="bbox 1011 497 1820 540; baseline -0.015 -7"><span class='ocrx_word' id='word_1_380' title='bbox 1011 506 1145 539; x_wconf 81' lang='grc' dir='ltr'>διαλέξεσι</span> <span class='ocrx_word' id='word_1_381' title='bbox 1156 505 1301 540; x_wconf 79' lang='grc' dir='ltr'><strong>δημοσίαις</strong></span> <span class='ocrx_word' id='word_1_382' title='bbox 1318 504 1386 538; x_wconf 74' lang='grc' dir='ltr'>πρὸς</span> <span class='ocrx_word' id='word_1_383' title='bbox 1405 501 1552 536; x_wconf 76' lang='grc' dir='ltr'><strong>ἑκατέρους</strong></span> <span class='ocrx_word' id='word_1_384' title='bbox 1566 499 1616 534; x_wconf 71' lang='grc' dir='ltr'>τὴν</span> <span class='ocrx_word' id='word_1_385' title='bbox 1639 497 1820 533; x_wconf 74' lang='grc' dir='ltr'>λαμπροτά-</span> 
     </span>
    </p>
   </div>
   <div class='ocr_carea' id='block_1_55' title="bbox 1011 546 1815 588">
    <p class='ocr_par' dir='ltr' id='par_1_55' title="bbox 1011 546 1815 588">
     <span class='ocr_line' id='line_1_55' title="bbox 1011 546 1815 588; baseline -0.011 -9"><span class='ocrx_word' id='word_1_386' title='bbox 1011 562 1061 588; x_wconf 87' lang='grc' dir='ltr'><strong>την</strong></span> <span class='ocrx_word' id='word_1_387' title='bbox 1074 553 1204 587; x_wconf 82' lang='grc' dir='ltr'>άλήοειαν</span> <span class='ocrx_word' id='word_1_388' title='bbox 1219 552 1268 586; x_wconf 80' lang='grc' dir='ltr'>τῆς</span> <span class='ocrx_word' id='word_1_389' title='bbox 1286 551 1351 587; x_wconf 77' lang='grc' dir='ltr'>παρ’</span> <span class='ocrx_word' id='word_1_390' title='bbox 1367 551 1434 585; x_wconf 83' lang='grc' dir='ltr'>ἡμῖν</span> <span class='ocrx_word' id='word_1_391' title='bbox 1461 549 1648 585; x_wconf 75' lang='grc' dir='ltr'><strong>ἱστορήκαμεν</strong></span> <span class='ocrx_word' id='word_1_392' title='bbox 1671 546 1815 575; x_wconf 77' lang='grc' dir='ltr'>πίστεως,</span> 
     </span>
    </p>
   </div>
   <div class='ocr_carea' id='block_1_56' title="bbox 1011 593 1819 634">
    <p class='ocr_par' dir='ltr' id='par_1_56' title="bbox 1011 593 1819 634">
     <span class='ocr_line' id='line_1_56' title="bbox 1011 593 1819 634; baseline -0.01 -8"><span class='ocrx_word' id='word_1_393' title='bbox 1011 599 1069 626; x_wconf 85' lang='grc' dir='ltr'><strong>Νῦν</strong></span> <span class='ocrx_word' id='word_1_394' title='bbox 1083 600 1105 626; x_wconf 84' lang='grc' dir='ltr'>δ’</span> <span class='ocrx_word' id='word_1_395' title='bbox 1119 600 1148 626; x_wconf 74' lang='grc' dir='ltr'>ἕν</span> <span class='ocrx_word' id='word_1_396' title='bbox 1163 607 1189 626; x_wconf 89' lang='grc' dir='ltr'><strong>τι</strong></span> <span class='ocrx_word' id='word_1_397' title='bbox 1205 600 1253 626; x_wconf 71' lang='grc' dir='ltr'><strong>καὶ</strong></span> <span class='ocrx_word' id='word_1_398' title='bbox 1269 600 1301 625; x_wconf 76' lang='grc' dir='ltr'><strong>ἐκ</strong></span> <span class='ocrx_word' id='word_1_399' title='bbox 1319 600 1382 634; x_wconf 79' lang='grc' dir='ltr'>μιᾶς</span> <span class='ocrx_word' id='word_1_400' title='bbox 1396 599 1442 625; x_wconf 82' lang='grc' dir='ltr'><strong>τοῦ</strong></span> <span class='ocrx_word' id='word_1_401' title='bbox 1459 597 1583 627; x_wconf 74' lang='grc' dir='ltr'>Μωσέως</span> <span class='ocrx_word' id='word_1_402' title='bbox 1599 595 1695 629; x_wconf 84' lang='grc' dir='ltr'>φωνῆς</span> <span class='ocrx_word' id='word_1_403' title='bbox 1711 593 1819 621; x_wconf 72' lang='grc' dir='ltr'>αὐτοῖς</span> 
     </span>
    </p>
   </div>
   <div class='ocr_carea' id='block_1_57' title="bbox 1011 641 1818 683">
    <p class='ocr_par' dir='ltr' id='par_1_57' title="bbox 1011 641 1818 683">
     <span class='ocr_line' id='line_1_57' title="bbox 1011 641 1818 683; baseline -0.01 -8"><span class='ocrx_word' id='word_1_404' title='bbox 1011 647 1218 683; x_wconf 78' lang='grc' dir='ltr'>προθησόμεθα.</span> <span class='ocrx_word' id='word_1_405' title='bbox 1245 648 1274 673; x_wconf 84' lang='grc' dir='ltr'><strong>ὐ</strong></span> <span class='ocrx_word' id='word_1_406' title='bbox 1290 647 1380 673; x_wconf 78' lang='grc' dir='ltr'>τοίνυν</span> <span class='ocrx_word' id='word_1_407' title='bbox 1397 645 1488 677; x_wconf 74' lang='grc' dir='ltr'>ἔνθεος</span> <span class='ocrx_word' id='word_1_408' title='bbox 1504 644 1607 679; x_wconf 78' lang='grc' dir='ltr'>Μωσῆς</span> <span class='ocrx_word' id='word_1_409' title='bbox 1631 643 1740 676; x_wconf 71' lang='grc' dir='ltr'>εἰσάγει</span> <span class='ocrx_word' id='word_1_410' title='bbox 1761 641 1818 667; x_wconf 71' lang='grc' dir='ltr'><strong>τδν</strong></span> 
     </span>
    </p>
   </div>
   <div class='ocr_carea' id='block_1_58' title="bbox 1011 690 1815 728">
    <p class='ocr_par' dir='ltr' id='par_1_58' title="bbox 1011 690 1815 728">
     <span class='ocr_line' id='line_1_58' title="bbox 1011 690 1815 728; baseline -0.009 -7"><span class='ocrx_word' id='word_1_411' title='bbox 1011 695 1077 721; x_wconf 66' lang='grc' dir='ltr'>Θεδν</span> <span class='ocrx_word' id='word_1_412' title='bbox 1108 695 1136 721; x_wconf 83' lang='grc' dir='ltr'>ὲν</span> <span class='ocrx_word' id='word_1_413' title='bbox 1161 694 1200 728; x_wconf 84' lang='grc' dir='ltr'>τῷ</span> <span class='ocrx_word' id='word_1_414' title='bbox 1224 694 1254 720; x_wconf 83' lang='grc' dir='ltr'>τὸ</span> <span class='ocrx_word' id='word_1_415' title='bbox 1278 693 1389 727; x_wconf 75' lang='grc' dir='ltr'>σύμπαν</span> <span class='ocrx_word' id='word_1_416' title='bbox 1415 696 1474 719; x_wconf 64' lang='grc' dir='ltr'>τοδε</span> <span class='ocrx_word' id='word_1_417' title='bbox 1506 690 1749 726; x_wconf 84' lang='grc' dir='ltr'>διανενεμημένως</span> <span class='ocrx_word' id='word_1_418' title='bbox 1776 697 1815 714; x_wconf 85' lang='grc' dir='ltr'><strong>τε</strong></span> 
     </span>
    </p>
   </div>
   <div class='ocr_carea' id='block_1_59' title="bbox 1009 737 1814 777">
    <p class='ocr_par' dir='ltr' id='par_1_59' title="bbox 1009 737 1814 777">
     <span class='ocr_line' id='line_1_59' title="bbox 1009 737 1814 777; baseline -0.01 -9"><span class='ocrx_word' id='word_1_419' title='bbox 1009 741 1204 777; x_wconf 77' lang='grc' dir='ltr'>δημιοουργεῐν</span> <span class='ocrx_word' id='word_1_420' title='bbox 1227 741 1274 767; x_wconf 76' lang='grc' dir='ltr'><strong>καὶ</strong></span> <span class='ocrx_word' id='word_1_421' title='bbox 1300 741 1438 772; x_wconf 63' lang='grc' dir='ltr'>εὐτάκτως</span> <span class='ocrx_word' id='word_1_422' title='bbox 1461 740 1530 774; x_wconf 75' lang='grc' dir='ltr'>πρὸς</span> <span class='ocrx_word' id='word_1_423' title='bbox 1554 738 1649 765; x_wconf 75' lang='grc' dir='ltr'>ἑαυτὸν</span> <span class='ocrx_word' id='word_1_424' title='bbox 1675 737 1814 769; x_wconf 74' lang='grc' dir='ltr'>λέγοντα,</span> 
     </span>
    </p>
   </div>
   <div class='ocr_carea' id='block_1_60' title="bbox 1010 781 1816 821">
    <p class='ocr_par' dir='ltr' id='par_1_60' title="bbox 1010 781 1816 821">
     <span class='ocr_line' id='line_1_60' title="bbox 1010 781 1816 821; baseline -0.01 -6"><span class='ocrx_word' id='word_1_425' title='bbox 1010 787 1187 821; x_wconf 79' lang='grc' dir='ltr'><strong>Ποιήσωμεν</strong></span> <span class='ocrx_word' id='word_1_426' title='bbox 1204 787 1362 821; x_wconf 73' lang='grc' dir='ltr'>ἄνθρωπον</span> <span class='ocrx_word' id='word_1_427' title='bbox 1381 786 1445 813; x_wconf 82' lang='grc' dir='ltr'>κατ’</span> <span class='ocrx_word' id='word_1_428' title='bbox 1467 786 1570 812; x_wconf 72' lang='grc' dir='ltr'>εἰκόνα</span> <span class='ocrx_word' id='word_1_429' title='bbox 1587 782 1741 818; x_wconf 72' lang='grc' dir='ltr'>ἡμετέραν</span> <span class='ocrx_word' id='word_1_430' title='bbox 1757 781 1816 809; x_wconf 69' lang='grc' dir='ltr'><strong>καὶ</strong></span> 
     </span>
    </p>
   </div>
   <div class='ocr_carea' id='block_1_61' title="bbox 1010 830 1817 869">
    <p class='ocr_par' dir='ltr' id='par_1_61' title="bbox 1010 830 1817 869">
     <span class='ocr_line' id='line_1_61' title="bbox 1010 830 1817 869; baseline -0.007 -7"><span class='ocrx_word' id='word_1_431' title='bbox 1010 835 1076 862; x_wconf 78' lang='grc' dir='ltr'>καθ⁸</span> <span class='ocrx_word' id='word_1_432' title='bbox 1095 834 1250 869; x_wconf 77' lang='grc' dir='ltr'>ὁμοίωσιν.</span> <span class='ocrx_word' id='word_1_433' title='bbox 1269 835 1300 861; x_wconf 80' lang='lat' dir='ltr'><strong>Et</strong></span> <span class='ocrx_word' id='word_1_434' title='bbox 1318 834 1409 860; x_wconf 82' lang='grc' dir='ltr'><strong>τοίνυν</strong></span> <span class='ocrx_word' id='word_1_435' title='bbox 1434 833 1538 868; x_wconf 82' lang='grc' dir='ltr'>ἀληθής</span> <span class='ocrx_word' id='word_1_436' title='bbox 1559 834 1618 859; x_wconf 73' lang='grc' dir='ltr'>ἐστι</span> <span class='ocrx_word' id='word_1_437' title='bbox 1634 831 1742 865; x_wconf 82' lang='grc' dir='ltr'><strong>Μωσῆς</strong></span> <span class='ocrx_word' id='word_1_438' title='bbox 1760 830 1817 857; x_wconf 79' lang='grc' dir='ltr'><strong>καὶ</strong></span> 
     </span>
    </p>
   </div>
   <div class='ocr_carea' id='block_1_62' title="bbox 1010 879 1815 914">
    <p class='ocr_par' dir='ltr' id='par_1_62' title="bbox 1010 879 1815 914">
     <span class='ocr_line' id='line_1_62' title="bbox 1010 879 1815 914; baseline -0.006 -5"><span class='ocrx_word' id='word_1_439' title='bbox 1010 883 1071 909; x_wconf 81' lang='grc' dir='ltr'>κατ’</span> <span class='ocrx_word' id='word_1_440' title='bbox 1086 883 1187 914; x_wconf 80' lang='grc' dir='ltr'>αὐτοὺς</span> <span class='ocrx_word' id='word_1_441' title='bbox 1213 883 1259 910; x_wconf 77' lang='grc' dir='ltr'><strong>καὶ</strong></span> <span class='ocrx_word' id='word_1_442' title='bbox 1280 883 1345 914; x_wconf 72' lang='grc' dir='ltr'>Θεὸς</span> <span class='ocrx_word' id='word_1_443' title='bbox 1361 882 1446 913; x_wconf 76' lang='grc' dir='ltr'>οὕτως</span> <span class='ocrx_word' id='word_1_444' title='bbox 1471 879 1547 907; x_wconf 72' lang='grc' dir='ltr'>εἶπεν</span> <span class='ocrx_word' id='word_1_445' title='bbox 1572 879 1815 914; x_wconf 64' lang='grc' dir='ltr'>ὀμολογπυμὲνως</span> 
     </span>
    </p>
   </div>
   <div class='ocr_carea' id='block_1_63' title="bbox 1009 925 1816 964">
    <p class='ocr_par' dir='ltr' id='par_1_63' title="bbox 1009 925 1816 964">
     <span class='ocr_line' id='line_1_63' title="bbox 1009 925 1816 964; baseline -0.006 -9"><span class='ocrx_word' id='word_1_446' title='bbox 1009 929 1077 964; x_wconf 75' lang='grc' dir='ltr'>πρδς</span> <span class='ocrx_word' id='word_1_447' title='bbox 1091 929 1185 956; x_wconf 76' lang='grc' dir='ltr'>ἑαυτὸν</span> <span class='ocrx_word' id='word_1_448' title='bbox 1201 929 1248 956; x_wconf 79' lang='grc' dir='ltr'>καὶ</span> <span class='ocrx_word' id='word_1_449' title='bbox 1265 928 1336 960; x_wconf 82' lang='grc' dir='ltr'>θεῖος</span> <span class='ocrx_word' id='word_1_450' title='bbox 1351 928 1438 955; x_wconf 70' lang='grc' dir='ltr'>ταῦτα</span> <span class='ocrx_word' id='word_1_451' title='bbox 1452 927 1531 961; x_wconf 83' lang='grc' dir='ltr'>λόγος</span> <span class='ocrx_word' id='word_1_452' title='bbox 1546 927 1633 956; x_wconf 77' lang='grc' dir='ltr'>ἐστὶν.</span> <span class='ocrx_word' id='word_1_453' title='bbox 1655 926 1757 960; x_wconf 58' lang='grc' dir='ltr'>ἔχομεν</span> <span class='ocrx_word' id='word_1_454' title='bbox 1776 925 1816 959; x_wconf 76' lang='grc' dir='ltr'>δὴ</span> 
     </span>
    </p>
   </div>
   <div class='ocr_carea' id='block_1_64' title="bbox 1007 970 1815 1010">
    <p class='ocr_par' dir='ltr' id='par_1_64' title="bbox 1007 970 1815 1010">
     <span class='ocr_line' id='line_1_64' title="bbox 1007 970 1815 1010; baseline -0.007 -8"><span class='ocrx_word' id='word_1_455' title='bbox 1007 976 1040 1002; x_wconf 86' lang='grc' dir='ltr'><strong>ὲκ</strong></span> <span class='ocrx_word' id='word_1_456' title='bbox 1056 976 1103 1002; x_wconf 83' lang='grc' dir='ltr'>τοῦ</span> <span class='ocrx_word' id='word_1_457' title='bbox 1118 976 1196 1009; x_wconf 83' lang='grc' dir='ltr'>λόγου</span> <span class='ocrx_word' id='word_1_458' title='bbox 1223 975 1319 1002; x_wconf 83' lang='grc' dir='ltr'>τούτου</span> <span class='ocrx_word' id='word_1_459' title='bbox 1344 974 1496 1010; x_wconf 61' lang='grc' dir='ltr'>προδήλως,</span> <span class='ocrx_word' id='word_1_460' title='bbox 1516 974 1558 1000; x_wconf 82' lang='grc' dir='ltr'>ὅτι</span> <span class='ocrx_word' id='word_1_461' title='bbox 1583 982 1611 999; x_wconf 86' lang='grc' dir='ltr'><strong>τε</strong></span> <span class='ocrx_word' id='word_1_462' title='bbox 1631 970 1672 1004; x_wconf 82' lang='grc' dir='ltr'>εἷς</span> <span class='ocrx_word' id='word_1_463' title='bbox 1692 973 1772 998; x_wconf 76' lang='grc' dir='ltr'>ἔστιν</span> <span class='ocrx_word' id='word_1_464' title='bbox 1798 971 1815 996; x_wconf 83' lang='grc' dir='ltr'><strong><em>ὁ</em></strong></span> 
     </span>
    </p>
   </div>
   <div class='ocr_carea' id='block_1_65' title="bbox 1009 1019 1814 1057">
    <p class='ocr_par' dir='ltr' id='par_1_65' title="bbox 1009 1019 1814 1057">
     <span class='ocr_line' id='line_1_65' title="bbox 1009 1019 1814 1057; baseline -0.005 -9"><span class='ocrx_word' id='word_1_465' title='bbox 1009 1021 1074 1053; x_wconf 63' lang='grc' dir='ltr'>Θεὸς</span> <span class='ocrx_word' id='word_1_466' title='bbox 1092 1019 1178 1056; x_wconf 69' lang='lat' dir='ltr'><strong>(BL-te</strong></span> <span class='ocrx_word' id='word_1_467' title='bbox 1189 1022 1253 1057; x_wconf 80' lang='grc' dir='ltr'>γὰρ,</span> <span class='ocrx_word' id='word_1_468' title='bbox 1271 1022 1366 1056; x_wconf 60' lang='grc' dir='ltr'>φησῖν,</span> <span class='ocrx_word' id='word_1_469' title='bbox 1382 1023 1398 1048; x_wconf 84' lang='grc' dir='ltr'><em>ὁ</em></span> <span class='ocrx_word' id='word_1_470' title='bbox 1411 1021 1507 1053; x_wconf 81' lang='grc' dir='ltr'><strong>Θεὸς),</strong></span> <span class='ocrx_word' id='word_1_471' title='bbox 1527 1020 1573 1046; x_wconf 75' lang='grc' dir='ltr'>καὶ</span> <span class='ocrx_word' id='word_1_472' title='bbox 1588 1019 1630 1046; x_wconf 85' lang='grc' dir='ltr'>ὃτι</span> <span class='ocrx_word' id='word_1_473' title='bbox 1651 1019 1758 1048; x_wconf 76' lang='grc' dir='ltr'>πλῆοός</span> <span class='ocrx_word' id='word_1_474' title='bbox 1781 1026 1814 1044; x_wconf 80' lang='grc' dir='ltr'><strong>τι</strong></span> 
     </span>
    </p>
   </div>
   <div class='ocr_carea' id='block_1_66' title="bbox 1009 1064 1814 1103">
    <p class='ocr_par' dir='ltr' id='par_1_66' title="bbox 1009 1064 1814 1103">
     <span class='ocr_line' id='line_1_66' title="bbox 1009 1064 1814 1103; baseline -0.005 -8"><span class='ocrx_word' id='word_1_475' title='bbox 1009 1068 1057 1095; x_wconf 77' lang='grc' dir='ltr'>καὶ</span> <span class='ocrx_word' id='word_1_476' title='bbox 1071 1068 1190 1103; x_wconf 79' lang='grc' dir='ltr'>ἀριθμός</span> <span class='ocrx_word' id='word_1_477' title='bbox 1205 1077 1246 1100; x_wconf 85' lang='grc' dir='ltr'><strong>τις</strong></span> <span class='ocrx_word' id='word_1_478' title='bbox 1262 1068 1291 1095; x_wconf 82' lang='grc' dir='ltr'>ἑν</span> <span class='ocrx_word' id='word_1_479' title='bbox 1308 1068 1347 1102; x_wconf 80' lang='grc' dir='ltr'>τῷ</span> <span class='ocrx_word' id='word_1_480' title='bbox 1361 1067 1401 1094; x_wconf 75' lang='grc' dir='ltr'><strong>ἑνὶ</strong></span> <span class='ocrx_word' id='word_1_481' title='bbox 1416 1068 1518 1093; x_wconf 80' lang='grc' dir='ltr'>νοεῖται</span> <span class='ocrx_word' id='word_1_482' title='bbox 1530 1066 1590 1100; x_wconf 84' lang='grc' dir='ltr'><strong>Θεῷ</strong></span> <span class='ocrx_word' id='word_1_483' title='bbox 1611 1064 1814 1100; x_wconf 81' lang='grc' dir='ltr'><strong>(Ποιήσωμεν</strong></span> 
     </span>
    </p>
   </div>
   <div class='ocr_carea' id='block_1_67' title="bbox 1008 1111 1814 1149">
    <p class='ocr_par' dir='ltr' id='par_1_67' title="bbox 1008 1111 1814 1149">
     <span class='ocr_line' id='line_1_67' title="bbox 1008 1111 1814 1149; baseline -0.006 -8"><span class='ocrx_word' id='word_1_484' title='bbox 1008 1114 1075 1149; x_wconf 83' lang='grc' dir='ltr'>γὰρ,</span> <span class='ocrx_word' id='word_1_485' title='bbox 1091 1113 1144 1149; x_wconf 81' lang='grc' dir='ltr'>ἔφη</span> <span class='ocrx_word' id='word_1_486' title='bbox 1160 1114 1229 1148; x_wconf 68' lang='grc' dir='ltr'>πρὸς</span> <span class='ocrx_word' id='word_1_487' title='bbox 1249 1114 1344 1141; x_wconf 77' lang='grc' dir='ltr'>ἑαυτὸν</span> <span class='ocrx_word' id='word_1_488' title='bbox 1358 1115 1372 1140; x_wconf 86' lang='grc' dir='ltr'>ὁ</span> <span class='ocrx_word' id='word_1_489' title='bbox 1386 1113 1451 1144; x_wconf 82' lang='grc' dir='ltr'>Θεὸς</span> <span class='ocrx_word' id='word_1_490' title='bbox 1466 1113 1504 1144; x_wconf 79' lang='grc' dir='ltr'>ὡς</span> <span class='ocrx_word' id='word_1_491' title='bbox 1519 1113 1550 1147; x_wconf 82' lang='grc' dir='ltr'>δὴ</span> <span class='ocrx_word' id='word_1_492' title='bbox 1571 1112 1664 1147; x_wconf 79' lang='grc' dir='ltr'>τρόπῳ</span> <span class='ocrx_word' id='word_1_493' title='bbox 1685 1113 1740 1138; x_wconf 80' lang='grc' dir='ltr'>τινὶ</span> <span class='ocrx_word' id='word_1_494' title='bbox 1758 1111 1814 1137; x_wconf 77' lang='grc' dir='ltr'>καὶ</span> 
     </span>
    </p>
   </div>
   <div class='ocr_carea' id='block_1_68' title="bbox 1011 1156 1813 1195">
    <p class='ocr_par' dir='ltr' id='par_1_68' title="bbox 1011 1156 1813 1195">
     <span class='ocr_line' id='line_1_68' title="bbox 1011 1156 1813 1195; baseline -0.004 -9"><span class='ocrx_word' id='word_1_495' title='bbox 1011 1160 1131 1195; x_wconf 78' lang='grc' dir='ltr'><strong>πλήθους</strong></span> <span class='ocrx_word' id='word_1_496' title='bbox 1152 1161 1180 1185; x_wconf 83' lang='grc' dir='ltr'>ὲν</span> <span class='ocrx_word' id='word_1_497' title='bbox 1205 1159 1295 1195; x_wconf 80' lang='grc' dir='ltr'>ἑαυτῷ</span> <span class='ocrx_word' id='word_1_498' title='bbox 1313 1157 1487 1194; x_wconf 83' lang='grc' dir='ltr'>μετέχοντα),</span> <span class='ocrx_word' id='word_1_499' title='bbox 1502 1158 1548 1184; x_wconf 77' lang='grc' dir='ltr'><strong>καὶ</strong></span> <span class='ocrx_word' id='word_1_500' title='bbox 1568 1158 1608 1184; x_wconf 79' lang='grc' dir='ltr'>ὅτι</span> <span class='ocrx_word' id='word_1_501' title='bbox 1625 1157 1687 1183; x_wconf 82' lang='grc' dir='ltr'>κατ’</span> <span class='ocrx_word' id='word_1_502' title='bbox 1708 1156 1813 1184; x_wconf 73' lang='grc' dir='ltr'>εἰκόνα.</span> 
     </span>
    </p>
   </div>
   <div class='ocr_carea' id='block_1_69' title="bbox 1009 1200 1809 1240">
    <p class='ocr_par' dir='ltr' id='par_1_69' title="bbox 1009 1200 1809 1240">
     <span class='ocr_line' id='line_1_69' title="bbox 1009 1200 1809 1240; baseline -0.008 -8"><span class='ocrx_word' id='word_1_503' title='bbox 1009 1205 1076 1232; x_wconf 84' lang='grc' dir='ltr'>Θεοῦ</span> <span class='ocrx_word' id='word_1_504' title='bbox 1093 1200 1203 1240; x_wconf 70' lang='grc' dir='ltr'>γέγονεν</span> <span class='ocrx_word' id='word_1_505' title='bbox 1219 1205 1362 1240; x_wconf 77' lang='grc' dir='ltr'>ἄνθρωπος</span> <span class='ocrx_word' id='word_1_506' title='bbox 1375 1205 1420 1231; x_wconf 74' lang='grc' dir='ltr'><strong>καὶ</strong></span> <span class='ocrx_word' id='word_1_507' title='bbox 1438 1205 1496 1231; x_wconf 75' lang='grc' dir='ltr'>ἐστι</span> <span class='ocrx_word' id='word_1_508' title='bbox 1512 1202 1594 1240; x_wconf 80' lang='grc' dir='ltr'>(Κατ’</span> <span class='ocrx_word' id='word_1_509' title='bbox 1614 1202 1720 1229; x_wconf 74' lang='grc' dir='ltr'>εἰκόνα</span> <span class='ocrx_word' id='word_1_510' title='bbox 1736 1202 1809 1236; x_wconf 78' lang='grc' dir='ltr'>γὰρ,</span> 
     </span>
    </p>
   </div>
   <div class='ocr_carea' id='block_1_70' title="bbox 1010 1248 1809 1287">
    <p class='ocr_par' dir='ltr' id='par_1_70' title="bbox 1010 1248 1809 1287">
     <span class='ocr_line' id='line_1_70' title="bbox 1010 1248 1809 1287; baseline -0.008 -8"><span class='ocrx_word' id='word_1_511' title='bbox 1010 1253 1102 1287; x_wconf 70' lang='grc' dir='ltr'>φησὶν,</span> <span class='ocrx_word' id='word_1_512' title='bbox 1119 1251 1287 1286; x_wconf 76' lang='grc' dir='ltr'>ἡμετέραν),</span> <span class='ocrx_word' id='word_1_513' title='bbox 1311 1252 1357 1279; x_wconf 79' lang='grc' dir='ltr'><strong>καὶ</strong></span> <span class='ocrx_word' id='word_1_514' title='bbox 1380 1251 1499 1285; x_wconf 77' lang='grc' dir='ltr'><strong>εὐλόγως</strong></span> <span class='ocrx_word' id='word_1_515' title='bbox 1522 1250 1593 1277; x_wconf 80' lang='grc' dir='ltr'>πάνυ</span> <span class='ocrx_word' id='word_1_516' title='bbox 1617 1249 1680 1276; x_wconf 84' lang='grc' dir='ltr'>κατ’</span> <span class='ocrx_word' id='word_1_517' title='bbox 1705 1248 1809 1274; x_wconf 71' lang='lat' dir='ltr'><strong>six/Na.</strong></span> 
     </span>
    </p>
   </div>
   <div class='ocr_carea' id='block_1_71' title="bbox 1010 1293 1812 1332">
    <p class='ocr_par' dir='ltr' id='par_1_71' title="bbox 1010 1293 1812 1332">
     <span class='ocr_line' id='line_1_71' title="bbox 1010 1293 1812 1332; baseline -0.007 -7"><span class='ocrx_word' id='word_1_518' title='bbox 1010 1298 1086 1326; x_wconf 79' lang='grc' dir='ltr'>θείαν</span> <span class='ocrx_word' id='word_1_519' title='bbox 1103 1298 1200 1332; x_wconf 76' lang='grc' dir='ltr'>ἔμελλε</span> <span class='ocrx_word' id='word_1_520' title='bbox 1220 1298 1354 1332; x_wconf 81' lang='grc' dir='ltr'>γίνεσθαι,</span> <span class='ocrx_word' id='word_1_521' title='bbox 1372 1297 1402 1324; x_wconf 81' lang='grc' dir='ltr'>οὐ</span> <span class='ocrx_word' id='word_1_522' title='bbox 1430 1297 1510 1332; x_wconf 80' lang='grc' dir='ltr'>μόνον</span> <span class='ocrx_word' id='word_1_523' title='bbox 1526 1295 1563 1328; x_wconf 86' lang='grc' dir='ltr'><strong>ὡς</strong></span> <span class='ocrx_word' id='word_1_524' title='bbox 1579 1293 1812 1328; x_wconf 75' lang='grc' dir='ltr'>αὐτεξουσιότητι</span> 
     </span>
    </p>
   </div>
   <div class='ocr_carea' id='block_1_72' title="bbox 1009 1342 1812 1380">
    <p class='ocr_par' dir='ltr' id='par_1_72' title="bbox 1009 1342 1812 1380">
     <span class='ocr_line' id='line_1_72' title="bbox 1009 1342 1812 1380; baseline -0.005 -9"><span class='ocrx_word' id='word_1_525' title='bbox 1009 1345 1239 1380; x_wconf 67' lang='grc' dir='ltr'>τιμηθησόείενος,</span> <span class='ocrx_word' id='word_1_526' title='bbox 1258 1345 1292 1371; x_wconf 85' lang='grc' dir='ltr'>δι’</span> <span class='ocrx_word' id='word_1_527' title='bbox 1313 1345 1346 1379; x_wconf 87' lang='grc' dir='ltr'>ἢν</span> <span class='ocrx_word' id='word_1_528' title='bbox 1373 1344 1422 1371; x_wconf 71' lang='grc' dir='ltr'><strong>καὶ</strong></span> <span class='ocrx_word' id='word_1_529' title='bbox 1443 1344 1499 1370; x_wconf 88' lang='grc' dir='ltr'><strong>τῶν</strong></span> <span class='ocrx_word' id='word_1_530' title='bbox 1525 1342 1663 1378; x_wconf 81' lang='grc' dir='ltr'><strong>γεννητῶν</strong></span> <span class='ocrx_word' id='word_1_531' title='bbox 1690 1342 1812 1368; x_wconf 79' lang='grc' dir='ltr'>πάντων</span> 
     </span>
    </p>
   </div>
   <div class='ocr_carea' id='block_1_73' title="bbox 1010 1388 1812 1427">
    <p class='ocr_par' dir='ltr' id='par_1_73' title="bbox 1010 1388 1812 1427">
     <span class='ocr_line' id='line_1_73' title="bbox 1010 1388 1812 1427; baseline -0.005 -9"><span class='ocrx_word' id='word_1_532' title='bbox 1010 1392 1102 1427; x_wconf 69' lang='grc' dir='ltr'>ἄρχω]</span> <span class='ocrx_word' id='word_1_533' title='bbox 1116 1391 1191 1418; x_wconf 80' lang='grc' dir='ltr'>ἔσται</span> <span class='ocrx_word' id='word_1_534' title='bbox 1209 1392 1256 1417; x_wconf 73' lang='grc' dir='ltr'><strong>καὶ</strong></span> <span class='ocrx_word' id='word_1_535' title='bbox 1280 1391 1358 1422; x_wconf 77' lang='grc' dir='ltr'>τέλος</span> <span class='ocrx_word' id='word_1_536' title='bbox 1383 1391 1453 1422; x_wconf 76' lang='grc' dir='ltr'>μετὰ</span> <span class='ocrx_word' id='word_1_537' title='bbox 1470 1390 1550 1423; x_wconf 68' lang='grc' dir='ltr'>Θεὸν,</span> <span class='ocrx_word' id='word_1_538' title='bbox 1573 1389 1642 1416; x_wconf 82' lang='grc' dir='ltr'><strong>ἀλλὰ</strong></span> <span class='ocrx_word' id='word_1_539' title='bbox 1654 1389 1686 1424; x_wconf 78' lang='grc' dir='ltr'>δὴ</span> <span class='ocrx_word' id='word_1_540' title='bbox 1702 1389 1753 1415; x_wconf 77' lang='grc' dir='ltr'>καὶ</span> <span class='ocrx_word' id='word_1_541' title='bbox 1767 1388 1812 1420; x_wconf 79' lang='grc' dir='ltr'><strong>ὡς</strong></span> 
     </span>
    </p>
   </div>
   <div class='ocr_carea' id='block_1_74' title="bbox 1009 1434 1811 1473">
    <p class='ocr_par' dir='ltr' id='par_1_74' title="bbox 1009 1434 1811 1473">
     <span class='ocr_line' id='line_1_74' title="bbox 1009 1434 1811 1473; baseline -0.004 -9"><span class='ocrx_word' id='word_1_542' title='bbox 1009 1438 1059 1472; x_wconf 78' lang='grc' dir='ltr'>τῆς</span> <span class='ocrx_word' id='word_1_543' title='bbox 1076 1438 1150 1468; x_wconf 75' lang='grc' dir='ltr'>θείας</span> <span class='ocrx_word' id='word_1_544' title='bbox 1165 1438 1288 1472; x_wconf 52' lang='lat' dir='ltr'><strong>nemo;</strong></span> <span class='ocrx_word' id='word_1_545' title='bbox 1303 1438 1349 1464; x_wconf 76' lang='grc' dir='ltr'><strong>καὶ</strong></span> <span class='ocrx_word' id='word_1_546' title='bbox 1363 1437 1410 1464; x_wconf 80' lang='grc' dir='ltr'>τοῦ</span> <span class='ocrx_word' id='word_1_547' title='bbox 1424 1438 1453 1464; x_wconf 79' lang='grc' dir='ltr'>ὲν</span> <span class='ocrx_word' id='word_1_548' title='bbox 1468 1437 1538 1473; x_wconf 83' lang='grc' dir='ltr'>αὐτῇ</span> <span class='ocrx_word' id='word_1_549' title='bbox 1557 1436 1663 1472; x_wconf 83' lang='grc' dir='ltr'>μέλλων</span> <span class='ocrx_word' id='word_1_550' title='bbox 1680 1434 1811 1471; x_wconf 82' lang='grc' dir='ltr'>ἀριθμοῦ</span> 
     </span>
    </p>
   </div>
   <div class='ocr_carea' id='block_1_75' title="bbox 1012 1479 1811 1518">
    <p class='ocr_par' dir='ltr' id='par_1_75' title="bbox 1012 1479 1811 1518">
     <span class='ocr_line' id='line_1_75' title="bbox 1012 1479 1811 1518; baseline -0.004 -8"><span class='ocrx_word' id='word_1_551' title='bbox 1012 1484 1148 1518; x_wconf 80' lang='grc' dir='ltr'>μετέχειν.</span> <span class='ocrx_word' id='word_1_552' title='bbox 1174 1483 1255 1510; x_wconf 83' lang='grc' dir='ltr'>’Ὅθεν</span> <span class='ocrx_word' id='word_1_553' title='bbox 1277 1483 1309 1518; x_wconf 81' lang='grc' dir='ltr'>δὴ</span> <span class='ocrx_word' id='word_1_554' title='bbox 1335 1483 1381 1510; x_wconf 81' lang='grc' dir='ltr'><strong>καὶ</strong></span> <span class='ocrx_word' id='word_1_555' title='bbox 1403 1483 1533 1518; x_wconf 79' lang='grc' dir='ltr'>μετέσχεν</span> <span class='ocrx_word' id='word_1_556' title='bbox 1558 1482 1690 1518; x_wconf 82' lang='grc' dir='ltr'>ἀμηγέπη</span> <span class='ocrx_word' id='word_1_557' title='bbox 1717 1479 1759 1512; x_wconf 81' lang='grc' dir='ltr'>εἷς</span> <span class='ocrx_word' id='word_1_558' title='bbox 1774 1490 1811 1507; x_wconf 82' lang='grc' dir='ltr'><strong>τε</strong></span> 
     </span>
    </p>
   </div>
   <div class='ocr_carea' id='block_1_76' title="bbox 1011 1529 1812 1565">
    <p class='ocr_par' dir='ltr' id='par_1_76' title="bbox 1011 1529 1812 1565">
     <span class='ocr_line' id='line_1_76' title="bbox 1011 1529 1812 1565; baseline -0.004 -8"><span class='ocrx_word' id='word_1_559' title='bbox 1011 1530 1049 1557; x_wconf 84' lang='grc' dir='ltr'><strong>ὣν</strong></span> <span class='ocrx_word' id='word_1_560' title='bbox 1080 1531 1127 1556; x_wconf 81' lang='grc' dir='ltr'><strong>καὶ</strong></span> <span class='ocrx_word' id='word_1_561' title='bbox 1156 1531 1189 1556; x_wconf 80' lang='grc' dir='ltr'><strong>ὲκ</strong></span> <span class='ocrx_word' id='word_1_562' title='bbox 1213 1530 1345 1556; x_wconf 80' lang='grc' dir='ltr'>πλειόνων</span> <span class='ocrx_word' id='word_1_563' title='bbox 1371 1530 1421 1565; x_wconf 83' lang='grc' dir='ltr'>τὴν</span> <span class='ocrx_word' id='word_1_564' title='bbox 1453 1529 1544 1564; x_wconf 66' lang='grc' dir='ltr'>ψυχὴν</span> <span class='ocrx_word' id='word_1_565' title='bbox 1575 1529 1812 1563; x_wconf 76' lang='grc' dir='ltr'>συνηρμοσμένος</span> 
     </span>
    </p>
   </div>
   <div class='ocr_carea' id='block_1_77' title="bbox 1010 1574 1811 1612">
    <p class='ocr_par' dir='ltr' id='par_1_77' title="bbox 1010 1574 1811 1612">
     <span class='ocr_line' id='line_1_77' title="bbox 1010 1574 1811 1612; baseline -0.005 -9"><span class='ocrx_word' id='word_1_566' title='bbox 1010 1576 1150 1612; x_wconf 73' lang='grc' dir='ltr'>δυνάμεων</span> <span class='ocrx_word' id='word_1_567' title='bbox 1163 1584 1170 1590; x_wconf 85' lang='grc'>·</span> <span class='ocrx_word' id='word_1_568' title='bbox 1185 1575 1280 1602; x_wconf 83' lang='grc' dir='ltr'>τοῦτον</span> <span class='ocrx_word' id='word_1_569' title='bbox 1298 1575 1344 1602; x_wconf 84' lang='grc' dir='ltr'>τὸν</span> <span class='ocrx_word' id='word_1_570' title='bbox 1363 1575 1433 1602; x_wconf 89' lang='grc' dir='ltr'>θεῖον</span> <span class='ocrx_word' id='word_1_571' title='bbox 1457 1574 1573 1610; x_wconf 67' lang='grc' dir='ltr'>ἀριθμδν</span> <span class='ocrx_word' id='word_1_572' title='bbox 1590 1575 1604 1600; x_wconf 85' lang='grc' dir='ltr'>ὀ</span> <span class='ocrx_word' id='word_1_573' title='bbox 1625 1575 1656 1601; x_wconf 73' lang='grc' dir='ltr'>ἐκ</span> <span class='ocrx_word' id='word_1_574' title='bbox 1677 1574 1811 1605; x_wconf 56' lang='lat' dir='ltr'><strong>Manio);</strong></span> 
     </span>
    </p>
   </div>
   <div class='ocr_carea' id='block_1_78' title="bbox 1009 1620 1807 1658">
    <p class='ocr_par' dir='ltr' id='par_1_78' title="bbox 1009 1620 1807 1658">
     <span class='ocr_line' id='line_1_78' title="bbox 1009 1620 1807 1658; baseline -0.005 -9"><span class='ocrx_word' id='word_1_575' title='bbox 1009 1622 1084 1658; x_wconf 76' lang='grc' dir='ltr'>ἥξειν</span> <span class='ocrx_word' id='word_1_576' title='bbox 1100 1621 1298 1657; x_wconf 71' lang='grc' dir='ltr'>προφητευθεὶς</span> <span class='ocrx_word' id='word_1_577' title='bbox 1319 1620 1420 1655; x_wconf 77' lang='grc' dir='ltr'>Ἰησοῦς</span> <span class='ocrx_word' id='word_1_578' title='bbox 1434 1620 1513 1655; x_wconf 37' lang='grc' dir='ltr'>ὴηιῶν</span> <span class='ocrx_word' id='word_1_579' title='bbox 1534 1620 1667 1652; x_wconf 80' lang='grc' dir='ltr'>ἁνέτττυξε</span> <span class='ocrx_word' id='word_1_580' title='bbox 1679 1628 1686 1634; x_wconf 92' lang='grc'><strong>·</strong></span> <span class='ocrx_word' id='word_1_581' title='bbox 1703 1620 1807 1646; x_wconf 71' lang='grc' dir='ltr'>τούτου</span> 
     </span>
    </p>
   </div>
   <div class='ocr_carea' id='block_1_79' title="bbox 1010 1666 1809 1705">
    <p class='ocr_par' dir='ltr' id='par_1_79' title="bbox 1010 1666 1809 1705">
     <span class='ocr_line' id='line_1_79' title="bbox 1010 1666 1809 1705; baseline -0.005 -9"><span class='ocrx_word' id='word_1_582' title='bbox 1010 1670 1090 1705; x_wconf 76' lang='grc' dir='ltr'>χάριν</span> <span class='ocrx_word' id='word_1_583' title='bbox 1106 1669 1153 1696; x_wconf 67' lang='grc' dir='ltr'>καὶ</span> <span class='ocrx_word' id='word_1_584' title='bbox 1178 1668 1226 1703; x_wconf 84' lang='grc' dir='ltr'>τῆς</span> <span class='ocrx_word' id='word_1_585' title='bbox 1248 1667 1332 1702; x_wconf 74' lang='grc' dir='ltr'>ἄλλης</span> <span class='ocrx_word' id='word_1_586' title='bbox 1355 1666 1436 1702; x_wconf 78' lang='grc' dir='ltr'>ἡμῶν</span> <span class='ocrx_word' id='word_1_587' title='bbox 1453 1666 1622 1702; x_wconf 83' lang='grc' dir='ltr'>βελτιώσεως</span> <span class='ocrx_word' id='word_1_588' title='bbox 1646 1667 1809 1700; x_wconf 74' lang='grc' dir='ltr'>ἀφιγμένος</span> 
     </span>
    </p>
   </div>
   <div class='ocr_carea' id='block_1_80' title="bbox 1010 1712 1808 1750">
    <p class='ocr_par' dir='ltr' id='par_1_80' title="bbox 1010 1712 1808 1750">
     <span class='ocr_line' id='line_1_80' title="bbox 1010 1712 1808 1750; baseline -0.005 -8"><span class='ocrx_word' id='word_1_589' title='bbox 1010 1724 1039 1742; x_wconf 87' lang='grc' dir='ltr'><strong>τε</strong></span> <span class='ocrx_word' id='word_1_590' title='bbox 1065 1715 1123 1742; x_wconf 83' lang='grc' dir='ltr'>ἀλλ’</span> <span class='ocrx_word' id='word_1_591' title='bbox 1153 1715 1230 1749; x_wconf 71' lang='grc' dir='ltr'>ἥξειν</span> <span class='ocrx_word' id='word_1_592' title='bbox 1267 1713 1409 1750; x_wconf 74' lang='grc' dir='ltr'>πόρρωθεν</span> <span class='ocrx_word' id='word_1_593' title='bbox 1445 1712 1724 1748; x_wconf 78' lang='grc' dir='ltr'>προκατηγγελμένος</span> <span class='ocrx_word' id='word_1_594' title='bbox 1756 1713 1808 1739; x_wconf 78' lang='grc' dir='ltr'><strong>καὶ</strong></span> 
     </span>
    </p>
   </div>
   <div class='ocr_carea' id='block_1_81' title="bbox 1011 1758 1807 1798">
    <p class='ocr_par' dir='ltr' id='par_1_81' title="bbox 1011 1758 1807 1798">
     <span class='ocr_line' id='line_1_81' title="bbox 1011 1758 1807 1798; baseline -0.003 -11"><span class='ocrx_word' id='word_1_595' title='bbox 1011 1760 1188 1795; x_wconf 74' lang='grc' dir='ltr'>βαπτίζεσθαι</span> <span class='ocrx_word' id='word_1_596' title='bbox 1207 1760 1262 1787; x_wconf 86' lang='grc' dir='ltr'>δεῖν</span> <span class='ocrx_word' id='word_1_597' title='bbox 1274 1759 1325 1794; x_wconf 73' lang='grc' dir='ltr'>ἔφη</span> <span class='ocrx_word' id='word_1_598' title='bbox 1343 1759 1519 1790; x_wconf 73' lang='grc' dir='ltr'>πιστεύοντας</span> <span class='ocrx_word' id='word_1_599' title='bbox 1537 1761 1576 1790; x_wconf 82' lang='grc' dir='ltr'><strong>είς</strong></span> <span class='ocrx_word' id='word_1_600' title='bbox 1603 1759 1633 1785; x_wconf 80' lang='grc' dir='ltr'><strong>τὸ</strong></span> <span class='ocrx_word' id='word_1_601' title='bbox 1648 1759 1736 1798; x_wconf 70' lang='grc' dir='ltr'>ὄνομα</span> <span class='ocrx_word' id='word_1_602' title='bbox 1754 1758 1807 1785; x_wconf 79' lang='grc' dir='ltr'>τοῦ</span> 
     </span>
    </p>
   </div>
   <div class='ocr_carea' id='block_1_82' title="bbox 1012 1803 1832 1840">
    <p class='ocr_par' dir='ltr' id='par_1_82' title="bbox 1012 1803 1832 1840">
     <span class='ocr_line' id='line_1_82' title="bbox 1012 1803 1832 1840; baseline -0.001 -8"><span class='ocrx_word' id='word_1_603' title='bbox 1012 1806 1131 1840; x_wconf 74' lang='grc' dir='ltr'>Πατρὺςῖ,</span> <span class='ocrx_word' id='word_1_604' title='bbox 1145 1807 1192 1833; x_wconf 77' lang='grc' dir='ltr'>καὶ</span> <span class='ocrx_word' id='word_1_605' title='bbox 1206 1805 1253 1832; x_wconf 85' lang='grc' dir='ltr'>τοῦ</span> <span class='ocrx_word' id='word_1_606' title='bbox 1267 1805 1345 1838; x_wconf 81' lang='grc' dir='ltr'><strong>Υῑοῦ,</strong></span> <span class='ocrx_word' id='word_1_607' title='bbox 1358 1806 1404 1832; x_wconf 77' lang='grc' dir='ltr'><strong>καὶ</strong></span> <span class='ocrx_word' id='word_1_608' title='bbox 1417 1805 1464 1832; x_wconf 75' lang='grc' dir='ltr'>τοῦ</span> <span class='ocrx_word' id='word_1_609' title='bbox 1477 1807 1555 1840; x_wconf 85' lang='grc' dir='ltr'>ἁγίου</span> <span class='ocrx_word' id='word_1_610' title='bbox 1574 1805 1743 1839; x_wconf 76' lang='grc' dir='ltr'>Πνεῦματος,</span> <span class='ocrx_word' id='word_1_611' title='bbox 1763 1803 1807 1836; x_wconf 78' lang='grc' dir='ltr'>οἷς</span> <span class='ocrx_word' id='word_1_612' title='bbox 1827 1817 1832 1821; x_wconf 82' lang='lat'><strong>~</strong></span> 
     </span>
    </p>
   </div>
   <div class='ocr_carea' id='block_1_83' title="bbox 1011 1840 1807 1887">
    <p class='ocr_par' dir='ltr' id='par_1_83' title="bbox 1011 1840 1807 1887">
     <span class='ocr_line' id='line_1_83' title="bbox 1011 1840 1807 1887; baseline 0 -9"><span class='ocrx_word' id='word_1_613' title='bbox 1011 1853 1101 1887; x_wconf 81' lang='grc' dir='ltr'>τρισὶν</span> <span class='ocrx_word' id='word_1_614' title='bbox 1124 1849 1200 1879; x_wconf 83' lang='grc' dir='ltr'>οὖσιν</span> <span class='ocrx_word' id='word_1_615' title='bbox 1224 1851 1254 1878; x_wconf 86' lang='grc' dir='ltr'>ἓν</span> <span class='ocrx_word' id='word_1_616' title='bbox 1268 1852 1354 1887; x_wconf 70' lang='grc' dir='ltr'>ὄνομα</span> <span class='ocrx_word' id='word_1_617' title='bbox 1372 1840 1425 1878; x_wconf 54' lang='grc' dir='ltr'><strong>’καὶ</strong></span> <span class='ocrx_word' id='word_1_618' title='bbox 1441 1852 1530 1878; x_wconf 87' lang='grc' dir='ltr'>κοινόν</span> <span class='ocrx_word' id='word_1_619' title='bbox 1544 1853 1617 1878; x_wconf 83' lang='grc' dir='ltr'>ἐστιν</span> <span class='ocrx_word' id='word_1_620' title='bbox 1633 1852 1648 1887; x_wconf 87' lang='grc' dir='ltr'><strong>ἡ</strong></span> <span class='ocrx_word' id='word_1_621' title='bbox 1676 1853 1728 1886; x_wconf 77' lang='grc' dir='ltr'><strong>μία</strong></span> <span class='ocrx_word' id='word_1_622' title='bbox 1744 1853 1807 1878; x_wconf 63' lang='lat'><strong>0:6-</strong></span> 
     </span>
    </p>
   </div>
   <div class='ocr_carea' id='block_1_84' title="bbox 1010 1896 1806 1934">
    <p class='ocr_par' dir='ltr' id='par_1_84' title="bbox 1010 1896 1806 1934">
     <span class='ocr_line' id='line_1_84' title="bbox 1010 1896 1806 1934; baseline -0.003 -9"><span class='ocrx_word' id='word_1_623' title='bbox 1010 1907 1060 1934; x_wconf 80' lang='grc' dir='ltr'><strong>της</strong></span> <span class='ocrx_word' id='word_1_624' title='bbox 1077 1898 1125 1924; x_wconf 76' lang='grc' dir='ltr'><strong>καὶ</strong></span> <span class='ocrx_word' id='word_1_625' title='bbox 1138 1898 1169 1925; x_wconf 70' lang='grc' dir='ltr'>τὸ</span> <span class='ocrx_word' id='word_1_626' title='bbox 1183 1898 1249 1925; x_wconf 82' lang='grc' dir='ltr'><strong>Θεὸν</strong></span> <span class='ocrx_word' id='word_1_627' title='bbox 1262 1898 1310 1925; x_wconf 71' lang='grc' dir='ltr'>ἕνα</span> <span class='ocrx_word' id='word_1_628' title='bbox 1324 1899 1358 1924; x_wconf 83' lang='grc' dir='ltr'><strong>τὰ</strong></span> <span class='ocrx_word' id='word_1_629' title='bbox 1373 1898 1435 1933; x_wconf 79' lang='grc' dir='ltr'>τρία</span> <span class='ocrx_word' id='word_1_630' title='bbox 1458 1897 1536 1924; x_wconf 80' lang='grc' dir='ltr'>ταῦτ’</span> <span class='ocrx_word' id='word_1_631' title='bbox 1554 1896 1634 1924; x_wconf 77' lang='grc' dir='ltr'>εἶναι.</span> <span class='ocrx_word' id='word_1_632' title='bbox 1656 1897 1737 1924; x_wconf 80' lang='grc' dir='ltr'><strong>Ἀλλὰ</strong></span> <span class='ocrx_word' id='word_1_633' title='bbox 1755 1898 1806 1924; x_wconf 61' lang='grc' dir='ltr'>καὶ</span> 
     </span>
    </p>
   </div>
   <div class='ocr_carea' id='block_1_85' title="bbox 1012 1943 1804 1979">
    <p class='ocr_par' dir='ltr' id='par_1_85' title="bbox 1012 1943 1804 1979">
     <span class='ocr_line' id='line_1_85' title="bbox 1012 1943 1804 1979; baseline -0.003 -9"><span class='ocrx_word' id='word_1_634' title='bbox 1012 1945 1076 1979; x_wconf 67' lang='grc' dir='ltr'>πρὶν</span> <span class='ocrx_word' id='word_1_635' title='bbox 1092 1944 1178 1979; x_wconf 70' lang='grc' dir='ltr'>’ἥκειν</span> <span class='ocrx_word' id='word_1_636' title='bbox 1205 1944 1252 1970; x_wconf 82' lang='grc' dir='ltr'>τὸν</span> <span class='ocrx_word' id='word_1_637' title='bbox 1272 1943 1375 1978; x_wconf 74' lang='grc' dir='ltr'>Ἰησοῦν</span> <span class='ocrx_word' id='word_1_638' title='bbox 1398 1944 1412 1969; x_wconf 80' lang='grc' dir='ltr'><strong><em>ὁ</em></strong></span> <span class='ocrx_word' id='word_1_639' title='bbox 1435 1943 1517 1969; x_wconf 72' lang='grc' dir='ltr'><strong>Δαὸὶό</strong></span> <span class='ocrx_word' id='word_1_640' title='bbox 1541 1944 1592 1977; x_wconf 82' lang='grc' dir='ltr'>τὴν</span> <span class='ocrx_word' id='word_1_641' title='bbox 1619 1944 1648 1968; x_wconf 82' lang='grc' dir='ltr'>ἐν</span> <span class='ocrx_word' id='word_1_642' title='bbox 1673 1943 1713 1976; x_wconf 85' lang='grc' dir='ltr'>τῷ</span> <span class='ocrx_word' id='word_1_643' title='bbox 1740 1943 1804 1977; x_wconf 76' lang='grc' dir='ltr'>Θεῴ</span> 
     </span>
    </p>
   </div>
   <div class='ocr_carea' id='block_1_86' title="bbox 1011 1987 1805 2026">
    <p class='ocr_par' dir='ltr' id='par_1_86' title="bbox 1011 1987 1805 2026">
     <span class='ocr_line' id='line_1_86' title="bbox 1011 1987 1805 2026; baseline -0.005 -9"><span class='ocrx_word' id='word_1_644' title='bbox 1011 1990 1114 2026; x_wconf 79' lang='grc' dir='ltr'>Τριάδα</span> <span class='ocrx_word' id='word_1_645' title='bbox 1140 1990 1242 2024; x_wconf 83' lang='grc' dir='ltr'>ταύτην</span> <span class='ocrx_word' id='word_1_646' title='bbox 1266 1989 1360 2023; x_wconf 77' lang='grc' dir='ltr'>ἐδήλου</span> <span class='ocrx_word' id='word_1_647' title='bbox 1386 1988 1485 2021; x_wconf 79' lang='grc' dir='ltr'>καλῶς,</span> <span class='ocrx_word' id='word_1_648' title='bbox 1514 1987 1559 2020; x_wconf 86' lang='grc' dir='ltr'><strong>Τῷ</strong></span> <span class='ocrx_word' id='word_1_649' title='bbox 1581 1989 1662 2021; x_wconf 78' lang='grc' dir='ltr'><strong>λόγῳ</strong></span> <span class='ocrx_word' id='word_1_650' title='bbox 1688 1988 1805 2021; x_wconf 63' lang='grc' dir='ltr'>Κυρίου</span> 
     </span>
    </p>
   </div>
   <div class='ocr_carea' id='block_1_87' title="bbox 1012 2034 1805 2072">
    <p class='ocr_par' dir='ltr' id='par_1_87' title="bbox 1012 2034 1805 2072">
     <span class='ocr_line' id='line_1_87' title="bbox 1012 2034 1805 2072; baseline -0.005 -7"><span class='ocrx_word' id='word_1_651' title='bbox 1012 2039 1038 2065; x_wconf 87' lang='grc' dir='ltr'>οι</span> <span class='ocrx_word' id='word_1_652' title='bbox 1060 2037 1182 2072; x_wconf 67' lang='grc' dir='ltr'>οὐρανοὶ</span> <span class='ocrx_word' id='word_1_653' title='bbox 1203 2035 1439 2068; x_wconf 80' lang='grc' dir='ltr'>ἐστερεώθησαν,</span> <span class='ocrx_word' id='word_1_654' title='bbox 1464 2034 1562 2068; x_wconf 78' lang='grc' dir='ltr'>λέγων,</span> <span class='ocrx_word' id='word_1_655' title='bbox 1580 2035 1628 2061; x_wconf 78' lang='grc' dir='ltr'><strong>καὶ</strong></span> <span class='ocrx_word' id='word_1_656' title='bbox 1650 2034 1689 2067; x_wconf 88' lang='grc' dir='ltr'>τῷ</span> <span class='ocrx_word' id='word_1_657' title='bbox 1706 2036 1805 2061; x_wconf 69' lang='lat' dir='ltr'><strong>[Irmi-</strong></span> 
     </span>
    </p>
   </div>
   <div class='ocr_carea' id='block_1_88' title="bbox 1011 2079 1804 2120">
    <p class='ocr_par' dir='ltr' id='par_1_88' title="bbox 1011 2079 1804 2120">
     <span class='ocr_line' id='line_1_88' title="bbox 1011 2079 1804 2120; baseline -0.004 -9"><span class='ocrx_word' id='word_1_658' title='bbox 1011 2093 1081 2120; x_wconf 81' lang='grc' dir='ltr'>ματι</span> <span class='ocrx_word' id='word_1_659' title='bbox 1093 2083 1145 2110; x_wconf 86' lang='grc' dir='ltr'>τοῦ</span> <span class='ocrx_word' id='word_1_660' title='bbox 1157 2082 1304 2115; x_wconf 79' lang='grc' dir='ltr'>στόματος</span> <span class='ocrx_word' id='word_1_661' title='bbox 1315 2080 1409 2107; x_wconf 80' lang='grc' dir='ltr'>αὐτοῦ</span> <span class='ocrx_word' id='word_1_662' title='bbox 1421 2080 1505 2108; x_wconf 79' lang='grc' dir='ltr'>πᾶσα</span> <span class='ocrx_word' id='word_1_663' title='bbox 1519 2079 1537 2113; x_wconf 74' lang='grc' dir='ltr'>ἡ</span> <span class='ocrx_word' id='word_1_664' title='bbox 1550 2080 1677 2115; x_wconf 79' lang='grc' dir='ltr'>δύναμις</span> <span class='ocrx_word' id='word_1_665' title='bbox 1688 2081 1804 2113; x_wconf 79' lang='grc' dir='ltr'>αὐτῶν,</span> 
     </span>
    </p>
   </div>
   <div class='ocr_carea' id='block_1_89' title="bbox 179 2123 957 2171">
    <p class='ocr_par' dir='ltr' id='par_1_89' title="bbox 179 2123 957 2159">
     <span class='ocr_line' id='line_1_89' title="bbox 179 2123 957 2159; baseline -0.003 -6"><span class='ocrx_word' id='word_1_666' title='bbox 179 2127 220 2154; x_wconf 82' lang='lat' dir='ltr'><strong>nis</strong></span> <span class='ocrx_word' id='word_1_667' title='bbox 237 2127 318 2152; x_wconf 75' lang='lat' dir='ltr'><strong>virtus</strong></span> <span class='ocrx_word' id='word_1_668' title='bbox 342 2132 444 2152; x_wconf 82' lang='lat' dir='ltr'><strong>eorum.</strong></span> <span class='ocrx_word' id='word_1_669' title='bbox 471 2123 553 2159; x_wconf 79' lang='lat' dir='ltr'><strong>Atqui</strong></span> <span class='ocrx_word' id='word_1_670' title='bbox 580 2131 628 2151; x_wconf 87' lang='lat' dir='ltr'><strong>nec</strong></span> <span class='ocrx_word' id='word_1_671' title='bbox 653 2123 748 2150; x_wconf 81' lang='lat' dir='ltr'><strong>Davidi</strong></span> <span class='ocrx_word' id='word_1_672' title='bbox 772 2123 957 2151; x_wconf 76' lang='lat' dir='ltr'><strong>contradicere</strong></span> 
     </span>
    </p>
   </div>
   <div class='ocr_carea' id='block_1_90' title="bbox 1060 2123 1804 2171">
    <p class='ocr_par' dir='ltr' id='par_1_90' title="bbox 1060 2126 1804 2163">
     <span class='ocr_line' id='line_1_90' title="bbox 1060 2126 1804 2163; baseline -0.001 -8"><span class='ocrx_word' id='word_1_673' title='bbox 1060 2129 1167 2162; x_wconf 77' lang='grc' dir='ltr'>ῖιλέγειν</span> <span class='ocrx_word' id='word_1_674' title='bbox 1185 2127 1213 2154; x_wconf 83' lang='grc' dir='ltr'>δὲ</span> <span class='ocrx_word' id='word_1_675' title='bbox 1229 2127 1290 2153; x_wconf 74' lang='grc' dir='ltr'>οὐδὲ</span> <span class='ocrx_word' id='word_1_676' title='bbox 1309 2126 1348 2161; x_wconf 78' lang='grc' dir='ltr'>τῷ</span> <span class='ocrx_word' id='word_1_677' title='bbox 1371 2127 1456 2154; x_wconf 75' lang='grc' dir='ltr'><strong>Δαὸὶδ</strong></span> <span class='ocrx_word' id='word_1_678' title='bbox 1470 2127 1580 2161; x_wconf 77' lang='grc' dir='ltr'>ἔχουσιν</span> <span class='ocrx_word' id='word_1_679' title='bbox 1597 2128 1620 2154; x_wconf 87' lang='grc' dir='ltr'><strong>οί</strong></span> <span class='ocrx_word' id='word_1_680' title='bbox 1639 2128 1708 2163; x_wconf 79' lang='grc' dir='ltr'>πρὸς</span> <span class='ocrx_word' id='word_1_681' title='bbox 1727 2129 1804 2163; x_wconf 81' lang='grc' dir='ltr'>ἡμᾶς</span> 
     </span>
    </p>
   </div>
   <div class='ocr_carea' id='block_1_91' title="bbox 179 2169 959 2204">
    <p class='ocr_par' dir='ltr' id='par_1_91' title="bbox 179 2169 959 2204">
     <span class='ocr_line' id='line_1_91' title="bbox 179 2169 959 2204; baseline -0.004 -5"><span class='ocrx_word' id='word_1_682' title='bbox 179 2173 296 2200; x_wconf 83' lang='lat' dir='ltr'><strong>audeant</strong></span> <span class='ocrx_word' id='word_1_683' title='bbox 313 2171 462 2199; x_wconf 87' lang='lat' dir='ltr'><strong>adversarii</strong></span> <span class='ocrx_word' id='word_1_684' title='bbox 481 2170 578 2198; x_wconf 88' lang='lat' dir='ltr'><strong>nostri.</strong></span> <span class='ocrx_word' id='word_1_685' title='bbox 594 2169 632 2196; x_wconf 86' lang='lat' dir='ltr'><strong>ita</strong></span> <span class='ocrx_word' id='word_1_686' title='bbox 649 2175 676 2197; x_wconf 90' lang='lat' dir='ltr'><strong>et</strong></span> <span class='ocrx_word' id='word_1_687' title='bbox 695 2177 727 2197; x_wconf 79' lang='lat' dir='ltr'><strong>ex</strong></span> <span class='ocrx_word' id='word_1_688' title='bbox 750 2169 864 2204; x_wconf 85' lang='lat' dir='ltr'><strong>reliquis</strong></span> <span class='ocrx_word' id='word_1_689' title='bbox 894 2176 959 2204; x_wconf 90' lang='lat' dir='ltr'><strong>pro-</strong></span> 
     </span>
    </p>
   </div>
   <div class='ocr_carea' id='block_1_92' title="bbox 177 2215 960 2256">
    <p class='ocr_par' dir='ltr' id='par_1_92' title="bbox 177 2215 960 2256">
     <span class='ocr_line' id='line_1_92' title="bbox 177 2215 960 2256; baseline -0.005 -11"><span class='ocrx_word' id='word_1_690' title='bbox 177 2219 266 2256; x_wconf 79' lang='lat' dir='ltr'><strong>phctis</strong></span> <span class='ocrx_word' id='word_1_691' title='bbox 283 2217 410 2251; x_wconf 86' lang='lat' dir='ltr'><strong>idem,de</strong></span> <span class='ocrx_word' id='word_1_692' title='bbox 429 2224 482 2252; x_wconf 90' lang='lat' dir='ltr'><strong>quo</strong></span> <span class='ocrx_word' id='word_1_693' title='bbox 502 2224 586 2248; x_wconf 89' lang='lat' dir='ltr'><strong>nunc,</strong></span> <span class='ocrx_word' id='word_1_694' title='bbox 602 2216 699 2250; x_wconf 84' lang='lat' dir='ltr'><strong>dogma</strong></span> <span class='ocrx_word' id='word_1_695' title='bbox 721 2215 869 2251; x_wconf 75' lang='lat' dir='ltr'><strong>colligitur,</strong></span> <span class='ocrx_word' id='word_1_696' title='bbox 886 2215 960 2250; x_wconf 89' lang='lat' dir='ltr'><strong>quod</strong></span> 
     </span>
    </p>
   </div>
   <div class='ocr_carea' id='block_1_93' title="bbox 177 2262 963 2302">
    <p class='ocr_par' dir='ltr' id='par_1_93' title="bbox 177 2262 963 2302">
     <span class='ocr_line' id='line_1_93' title="bbox 177 2262 963 2302; baseline -0.009 -7"><span class='ocrx_word' id='word_1_697' title='bbox 177 2276 238 2295; x_wconf 90' lang='lat' dir='ltr'><strong>cum</strong></span> <span class='ocrx_word' id='word_1_698' title='bbox 255 2267 375 2302; x_wconf 86' lang='lat' dir='ltr'><strong>ipsorum</strong></span> <span class='ocrx_word' id='word_1_699' title='bbox 387 2264 419 2291; x_wconf 88' lang='lat' dir='ltr'><strong>de</strong></span> <span class='ocrx_word' id='word_1_700' title='bbox 432 2263 523 2291; x_wconf 86' lang='lat' dir='ltr'><strong>divina</strong></span> <span class='ocrx_word' id='word_1_701' title='bbox 548 2262 751 2297; x_wconf 83' lang='lat' dir='ltr'><strong>dispensatione</strong></span> <span class='ocrx_word' id='word_1_702' title='bbox 766 2262 903 2297; x_wconf 59' lang='lat' dir='ltr'><strong>praedictis</strong></span> <span class='ocrx_word' id='word_1_703' title='bbox 917 2269 963 2296; x_wconf 86' lang='lat' dir='ltr'><strong>ap-</strong></span> 
     </span>
    </p>
   </div>
   <div class='ocr_carea' id='block_1_94' title="bbox 178 2314 437 2350">
    <p class='ocr_par' dir='ltr' id='par_1_94' title="bbox 178 2314 437 2350">
     <span class='ocr_line' id='line_1_94' title="bbox 178 2314 437 2350; baseline -0.012 -10"><span class='ocrx_word' id='word_1_704' title='bbox 178 2314 265 2350; x_wconf 83' lang='lat' dir='ltr'><strong>prime</strong></span> <span class='ocrx_word' id='word_1_705' title='bbox 291 2316 437 2340; x_wconf 85' lang='lat' dir='ltr'><strong>consonat.</strong></span> 
     </span>
    </p>
   </div>
   <div class='ocr_carea' id='block_1_95' title="bbox 213 2354 964 2392">
    <p class='ocr_par' dir='ltr' id='par_1_95' title="bbox 213 2354 964 2392">
     <span class='ocr_line' id='line_1_95' title="bbox 213 2354 964 2392; baseline -0.008 -6"><span class='ocrx_word' id='word_1_706' title='bbox 213 2360 349 2391; x_wconf 86' lang='lat' dir='ltr'><strong>Attamen,</strong></span> <span class='ocrx_word' id='word_1_707' title='bbox 371 2364 526 2392; x_wconf 85' lang='lat' dir='ltr'><strong>quanquam</strong></span> <span class='ocrx_word' id='word_1_708' title='bbox 541 2357 621 2384; x_wconf 92' lang='lat' dir='ltr'><strong>modo</strong></span> <span class='ocrx_word' id='word_1_709' title='bbox 637 2355 754 2391; x_wconf 57' lang='lat' dir='ltr'><strong>prauiisi</strong></span> <span class='ocrx_word' id='word_1_710' title='bbox 776 2355 911 2381; x_wconf 88' lang='lat' dir='ltr'><strong>hominem</strong></span> <span class='ocrx_word' id='word_1_711' title='bbox 930 2354 964 2381; x_wconf 85' lang='lat' dir='ltr'><strong>ad</strong></span> 
     </span>
    </p>
   </div>
   <div class='ocr_carea' id='block_1_96' title="bbox 179 2400 965 2439">
    <p class='ocr_par' dir='ltr' id='par_1_96' title="bbox 179 2400 965 2439">
     <span class='ocr_line' id='line_1_96' title="bbox 179 2400 965 2439; baseline -0.008 -7"><span class='ocrx_word' id='word_1_712' title='bbox 179 2405 323 2439; x_wconf 81' lang='lat' dir='ltr'><strong>imaginem</strong></span> <span class='ocrx_word' id='word_1_713' title='bbox 339 2404 385 2431; x_wconf 82' lang='lat' dir='ltr'><strong>Dei</strong></span> <span class='ocrx_word' id='word_1_714' title='bbox 404 2403 553 2438; x_wconf 62' lang='lat' dir='ltr'><strong>factum,;id</strong></span> <span class='ocrx_word' id='word_1_715' title='bbox 568 2410 620 2430; x_wconf 78' lang='lat' dir='ltr'><strong>neu</strong></span> <span class='ocrx_word' id='word_1_716' title='bbox 637 2410 668 2429; x_wconf 78' lang='lat' dir='ltr'><strong>ex</strong></span> <span class='ocrx_word' id='word_1_717' title='bbox 696 2401 767 2428; x_wconf 81' lang='lat' dir='ltr'><strong>Mose</strong></span> <span class='ocrx_word' id='word_1_718' title='bbox 783 2400 872 2435; x_wconf 78' lang='lat' dir='ltr'><strong>potius</strong></span> <span class='ocrx_word' id='word_1_719' title='bbox 889 2404 915 2427; x_wconf 88' lang='lat' dir='ltr'><strong>et</strong></span> <span class='ocrx_word' id='word_1_720' title='bbox 931 2407 965 2427; x_wconf 79' lang='lat' dir='ltr'><strong>ex</strong></span> 
     </span>
    </p>
   </div>
   <div class='ocr_carea' id='block_1_97' title="bbox 178 2446 965 2486">
    <p class='ocr_par' dir='ltr' id='par_1_97' title="bbox 178 2446 965 2486">
     <span class='ocr_line' id='line_1_97' title="bbox 178 2446 965 2486; baseline -0.009 -6"><span class='ocrx_word' id='word_1_721' title='bbox 178 2460 210 2480; x_wconf 82' lang='lat' dir='ltr'><strong>eo</strong></span> <span class='ocrx_word' id='word_1_722' title='bbox 226 2451 297 2486; x_wconf 85' lang='lat' dir='ltr'><strong>quod</strong></span> <span class='ocrx_word' id='word_1_723' title='bbox 331 2450 487 2484; x_wconf 79' lang='lat' dir='ltr'><strong>loquentem</strong></span> <span class='ocrx_word' id='word_1_724' title='bbox 517 2450 597 2476; x_wconf 87' lang='lat' dir='ltr'><strong>Deum</strong></span> <span class='ocrx_word' id='word_1_725' title='bbox 628 2447 742 2478; x_wconf 84' lang='lat' dir='ltr'><strong>inducit,</strong></span> <span class='ocrx_word' id='word_1_726' title='bbox 759 2454 841 2481; x_wconf 87' lang='lat' dir='ltr'><strong>quam</strong></span> <span class='ocrx_word' id='word_1_727' title='bbox 859 2453 891 2473; x_wconf 82' lang='lat' dir='ltr'><strong>ex</strong></span> <span class='ocrx_word' id='word_1_728' title='bbox 907 2446 965 2481; x_wconf 89' lang='lat' dir='ltr'><strong>ipsa</strong></span> 
     </span>
    </p>
   </div>
   <div class='ocr_carea' id='block_1_98' title="bbox 179 2489 965 2525">
    <p class='ocr_par' dir='ltr' id='par_1_98' title="bbox 179 2489 965 2525">
     <span class='ocr_line' id='line_1_98' title="bbox 179 2489 965 2525; baseline -0.006 -1"><span class='ocrx_word' id='word_1_729' title='bbox 179 2489 265 2525; x_wconf 9' lang='lat' dir='ltr'><strong>(ircai</strong></span> <span class='ocrx_word' id='word_1_730' title='bbox 283 2497 420 2524; x_wconf 86' lang='lat' dir='ltr'><strong>hominem</strong></span> <span class='ocrx_word' id='word_1_731' title='bbox 442 2495 562 2523; x_wconf 83' lang='lat' dir='ltr'><strong>evidenti</strong></span> <span class='ocrx_word' id='word_1_732' title='bbox 574 2494 708 2523; x_wconf 73' lang='lat' dir='ltr'><strong>_,veritate</strong></span> <span class='ocrx_word' id='word_1_733' title='bbox 724 2501 756 2520; x_wconf 85' lang='lat' dir='ltr'><strong>ac</strong></span> <span class='ocrx_word' id='word_1_734' title='bbox 782 2494 841 2520; x_wconf 87' lang='lat' dir='ltr'><strong>sola</strong></span> <span class='ocrx_word' id='word_1_735' title='bbox 859 2493 965 2520; x_wconf 91' lang='lat' dir='ltr'><strong>ratione</strong></span> 
     </span>
    </p>
   </div>
   <div class='ocr_carea' id='block_1_99' title="bbox 181 2538 962 2577">
    <p class='ocr_par' dir='ltr' id='par_1_99' title="bbox 181 2538 962 2577">
     <span class='ocr_line' id='line_1_99' title="bbox 181 2538 962 2577; baseline -0.006 -6"><span class='ocrx_word' id='word_1_736' title='bbox 181 2549 254 2571; x_wconf 88' lang='lat' dir='ltr'><strong>stare</strong></span> <span class='ocrx_word' id='word_1_737' title='bbox 266 2549 345 2577; x_wconf 79' lang='lat' dir='ltr'><strong>posse</strong></span> <span class='ocrx_word' id='word_1_738' title='bbox 360 2540 527 2570; x_wconf 86' lang='lat' dir='ltr'><strong>monstrabo.</strong></span> <span class='ocrx_word' id='word_1_739' title='bbox 543 2538 785 2573; x_wconf 79' lang='lat' dir='ltr'><strong>Profectoquidem</strong></span> <span class='ocrx_word' id='word_1_740' title='bbox 798 2547 866 2574; x_wconf 91' lang='lat' dir='ltr'><strong>opus</strong></span> <span class='ocrx_word' id='word_1_741' title='bbox 877 2539 962 2575; x_wconf 84' lang='lat' dir='ltr'><strong>quod-</strong></span> 
     </span>
    </p>
   </div>
   <div class='ocr_carea' id='block_1_100' title="bbox 180 2585 961 2621">
    <p class='ocr_par' dir='ltr' id='par_1_100' title="bbox 180 2585 961 2621">
     <span class='ocr_line' id='line_1_100' title="bbox 180 2585 961 2621; baseline -0.006 -5"><span class='ocrx_word' id='word_1_742' title='bbox 180 2589 245 2616; x_wconf 88' lang='lat' dir='ltr'><strong>libet</strong></span> <span class='ocrx_word' id='word_1_743' title='bbox 262 2587 410 2615; x_wconf 77' lang='lat' dir='ltr'><strong>iutellectui</strong></span> <span class='ocrx_word' id='word_1_744' title='bbox 427 2585 549 2621; x_wconf 89' lang='lat' dir='ltr'><strong>opcranti</strong></span> <span class='ocrx_word' id='word_1_745' title='bbox 567 2585 656 2620; x_wconf 87' lang='lat' dir='ltr'><strong>aliqua</strong></span> <span class='ocrx_word' id='word_1_746' title='bbox 670 2585 757 2612; x_wconf 84' lang='lat' dir='ltr'><strong>simile</strong></span> <span class='ocrx_word' id='word_1_747' title='bbox 770 2589 810 2612; x_wconf 90' lang='lat' dir='ltr'><strong>est</strong></span> <span class='ocrx_word' id='word_1_748' title='bbox 824 2593 832 2618; x_wconf 82' lang='lat'>;</span> <span class='ocrx_word' id='word_1_749' title='bbox 848 2585 876 2612; x_wconf 82' lang='lat' dir='ltr'><strong>[it</strong></span> <span class='ocrx_word' id='word_1_750' title='bbox 890 2585 961 2613; x_wconf 87' lang='lat' dir='ltr'><strong>enim</strong></span> 
     </span>
    </p>
   </div>
   <div class='ocr_carea' id='block_1_101' title="bbox 180 2629 964 2669">
    <p class='ocr_par' dir='ltr' id='par_1_101' title="bbox 180 2629 964 2669">
     <span class='ocr_line' id='line_1_101' title="bbox 180 2629 964 2669; baseline -0.003 -11"><span class='ocrx_word' id='word_1_751' title='bbox 180 2633 254 2669; x_wconf 67' lang='lat' dir='ltr'><strong>juxta</strong></span> <span class='ocrx_word' id='word_1_752' title='bbox 288 2632 405 2668; x_wconf 75' lang='lat' dir='ltr'><strong>speciem</strong></span> <span class='ocrx_word' id='word_1_753' title='bbox 436 2631 462 2657; x_wconf 95' lang='lat' dir='ltr'><strong>in</strong></span> <span class='ocrx_word' id='word_1_754' title='bbox 480 2630 616 2658; x_wconf 85' lang='lat' dir='ltr'><strong>intellectu</strong></span> <span class='ocrx_word' id='word_1_755' title='bbox 642 2629 755 2657; x_wconf 75' lang='lat' dir='ltr'><strong>factoris</strong></span> <span class='ocrx_word' id='word_1_756' title='bbox 787 2630 921 2663; x_wconf 89' lang='lat' dir='ltr'><strong>incusam,</strong></span> <span class='ocrx_word' id='word_1_757' title='bbox 937 2634 964 2657; x_wconf 86' lang='lat' dir='ltr'><strong>et</strong></span> 
     </span>
    </p>
   </div>
   <div class='ocr_carea' id='block_1_102' title="bbox 181 2675 966 2712">
    <p class='ocr_par' dir='ltr' id='par_1_102' title="bbox 181 2675 966 2712">
     <span class='ocr_line' id='line_1_102' title="bbox 181 2675 966 2712; baseline -0.005 -6"><span class='ocrx_word' id='word_1_758' title='bbox 181 2678 369 2706; x_wconf 79' lang='lat' dir='ltr'><strong>iunuaterialis</strong></span> <span class='ocrx_word' id='word_1_759' title='bbox 380 2685 440 2712; x_wconf 79' lang='lat' dir='ltr'><strong>quae</strong></span> <span class='ocrx_word' id='word_1_760' title='bbox 462 2677 525 2703; x_wconf 86' lang='lat' dir='ltr'><strong>huic</strong></span> <span class='ocrx_word' id='word_1_761' title='bbox 541 2676 612 2703; x_wconf 87' lang='lat' dir='ltr'><strong>inest</strong></span> <span class='ocrx_word' id='word_1_762' title='bbox 631 2676 722 2711; x_wconf 87' lang='lat' dir='ltr'><strong>operis</strong></span> <span class='ocrx_word' id='word_1_763' title='bbox 739 2675 827 2712; x_wconf 81' lang='lat' dir='ltr'><strong>imago</strong></span> <span class='ocrx_word' id='word_1_764' title='bbox 844 2684 966 2704; x_wconf 82' lang='lat' dir='ltr'><strong>contmn-</strong></span> 
     </span>
    </p>
   </div>
   <div class='ocr_carea' id='block_1_103' title="bbox 182 2720 966 2756">
    <p class='ocr_par' dir='ltr' id='par_1_103' title="bbox 182 2720 966 2756">
     <span class='ocr_line' id='line_1_103' title="bbox 182 2720 966 2756; baseline -0.003 -6"><span class='ocrx_word' id='word_1_765' title='bbox 182 2724 291 2751; x_wconf 85' lang='lat' dir='ltr'><strong>nicatur</strong></span> <span class='ocrx_word' id='word_1_766' title='bbox 321 2721 440 2748; x_wconf 73' lang='lat' dir='ltr'><strong>materia:</strong></span> <span class='ocrx_word' id='word_1_767' title='bbox 467 2720 547 2748; x_wconf 81' lang='lat' dir='ltr'><strong>modo</strong></span> <span class='ocrx_word' id='word_1_768' title='bbox 563 2721 612 2756; x_wconf 85' lang='lat' dir='ltr'><strong>ipsi</strong></span> <span class='ocrx_word' id='word_1_769' title='bbox 638 2721 768 2756; x_wconf 87' lang='lat' dir='ltr'><strong>proprio;</strong></span> <span class='ocrx_word' id='word_1_770' title='bbox 785 2721 856 2749; x_wconf 91' lang='lat' dir='ltr'><strong>unde</strong></span> <span class='ocrx_word' id='word_1_771' title='bbox 876 2722 966 2749; x_wconf 83' lang='lat' dir='ltr'><strong>tenuis</strong></span> 
     </span>
    </p>
   </div>
   <div class='ocr_carea' id='block_1_104' title="bbox 168 2766 966 2802">
    <p class='ocr_par' dir='ltr' id='par_1_104' title="bbox 168 2766 966 2802">
     <span class='ocr_line' id='line_1_104' title="bbox 168 2766 966 2802; baseline -0.004 -5"><span class='ocrx_word' id='word_1_772' title='bbox 168 2767 334 2797; x_wconf 65' lang='lat' dir='ltr'><strong>‘siniilitudo</strong></span> <span class='ocrx_word' id='word_1_773' title='bbox 345 2772 396 2794; x_wconf 88' lang='lat' dir='ltr'><strong>est.</strong></span> <span class='ocrx_word' id='word_1_774' title='bbox 409 2766 476 2794; x_wconf 86' lang='lat' dir='ltr'><strong>Nam</strong></span> <span class='ocrx_word' id='word_1_775' title='bbox 488 2766 561 2794; x_wconf 89' lang='lat' dir='ltr'><strong>sicut</strong></span> <span class='ocrx_word' id='word_1_776' title='bbox 571 2774 602 2794; x_wconf 82' lang='lat' dir='ltr'><strong>ex</strong></span> <span class='ocrx_word' id='word_1_777' title='bbox 620 2767 742 2802; x_wconf 76' lang='lat' dir='ltr'><strong>vestigiis</strong></span> <span class='ocrx_word' id='word_1_778' title='bbox 756 2767 892 2794; x_wconf 88' lang='lat' dir='ltr'><strong>hominem</strong></span> <span class='ocrx_word' id='word_1_779' title='bbox 904 2775 966 2794; x_wconf 87' lang='lat' dir='ltr'><strong>esse</strong></span> 
     </span>
    </p>
   </div>
   <div class='ocr_carea' id='block_1_105' title="bbox 183 2812 966 2848">
    <p class='ocr_par' dir='ltr' id='par_1_105' title="bbox 183 2812 966 2848">
     <span class='ocr_line' id='line_1_105' title="bbox 183 2812 966 2848; baseline -0.003 -6"><span class='ocrx_word' id='word_1_780' title='bbox 183 2814 310 2842; x_wconf 87' lang='lat' dir='ltr'><strong>novimus</strong></span> <span class='ocrx_word' id='word_1_781' title='bbox 330 2813 377 2848; x_wconf 87' lang='lat' dir='ltr'><strong>qui</strong></span> <span class='ocrx_word' id='word_1_782' title='bbox 396 2813 519 2845; x_wconf 85' lang='lat' dir='ltr'><strong>incessit,</strong></span> <span class='ocrx_word' id='word_1_783' title='bbox 531 2812 566 2840; x_wconf 88' lang='lat' dir='ltr'><strong>ita</strong></span> <span class='ocrx_word' id='word_1_784' title='bbox 586 2813 695 2841; x_wconf 88' lang='lat' dir='ltr'><strong>domum</strong></span> <span class='ocrx_word' id='word_1_785' title='bbox 714 2813 804 2840; x_wconf 90' lang='lat' dir='ltr'><strong>intuiti</strong></span> <span class='ocrx_word' id='word_1_786' title='bbox 822 2813 894 2840; x_wconf 84' lang='lat' dir='ltr'><strong>illaut</strong></span> <span class='ocrx_word' id='word_1_787' title='bbox 911 2813 966 2840; x_wconf 89' lang='lat' dir='ltr'><strong>sci-</strong></span> 
     </span>
    </p>
   </div>
   <div class='ocr_carea' id='block_1_106' title="bbox 185 2858 967 2895">
    <p class='ocr_par' dir='ltr' id='par_1_106' title="bbox 185 2858 967 2895">
     <span class='ocr_line' id='line_1_106' title="bbox 185 2858 967 2895; baseline -0.001 -7"><span class='ocrx_word' id='word_1_788' title='bbox 185 2866 246 2888; x_wconf 88' lang='lat' dir='ltr'><strong>tnus</strong></span> <span class='ocrx_word' id='word_1_789' title='bbox 267 2866 335 2895; x_wconf 81' lang='lat' dir='ltr'><strong>opus</strong></span> <span class='ocrx_word' id='word_1_790' title='bbox 351 2866 412 2887; x_wconf 80' lang='lat' dir='ltr'><strong>esse</strong></span> <span class='ocrx_word' id='word_1_791' title='bbox 426 2858 602 2894; x_wconf 69' lang='lat' dir='ltr'><strong>cmmentarii,</strong></span> <span class='ocrx_word' id='word_1_792' title='bbox 629 2866 736 2895; x_wconf 85' lang='lat' dir='ltr'><strong>unaque</strong></span> <span class='ocrx_word' id='word_1_793' title='bbox 751 2859 895 2887; x_wconf 84' lang='lat' dir='ltr'><strong>structoris</strong></span> <span class='ocrx_word' id='word_1_794' title='bbox 919 2859 967 2887; x_wconf 85' lang='lat' dir='ltr'><strong>ita-</strong></span> 
     </span>
    </p>
   </div>
   <div class='ocr_carea' id='block_1_107' title="bbox 1015 2172 1804 2210">
    <p class='ocr_par' dir='ltr' id='par_1_107' title="bbox 1015 2172 1804 2210">
     <span class='ocr_line' id='line_1_107' title="bbox 1015 2172 1804 2210; baseline 0.001 -9"><span class='ocrx_word' id='word_1_795' title='bbox 1015 2174 1193 2208; x_wconf 81' lang='grc' dir='ltr'>διιστάμενοι.</span> <span class='ocrx_word' id='word_1_796' title='bbox 1206 2172 1260 2200; x_wconf 73' lang='grc' dir='ltr'><strong>Καὶ</strong></span> <span class='ocrx_word' id='word_1_797' title='bbox 1274 2174 1305 2199; x_wconf 85' lang='grc' dir='ltr'><strong>ὲκ</strong></span> <span class='ocrx_word' id='word_1_798' title='bbox 1321 2172 1374 2199; x_wconf 85' lang='grc' dir='ltr'><strong>τῶν</strong></span> <span class='ocrx_word' id='word_1_799' title='bbox 1387 2173 1475 2200; x_wconf 77' lang='grc' dir='ltr'>ἄλλων</span> <span class='ocrx_word' id='word_1_800' title='bbox 1488 2174 1518 2201; x_wconf 83' lang='grc' dir='ltr'>δὲ</span> <span class='ocrx_word' id='word_1_801' title='bbox 1533 2175 1682 2210; x_wconf 79' lang='grc' dir='ltr'>προφητῶν</span> <span class='ocrx_word' id='word_1_802' title='bbox 1696 2175 1726 2201; x_wconf 78' lang='grc' dir='ltr'>τὸ</span> <span class='ocrx_word' id='word_1_803' title='bbox 1738 2175 1804 2210; x_wconf 79' lang='grc' dir='ltr'>περὶ</span> 
     </span>
    </p>
   </div>
   <div class='ocr_carea' id='block_1_108' title="bbox 1015 2219 1804 2255">
    <p class='ocr_par' dir='ltr' id='par_1_108' title="bbox 1015 2219 1804 2255">
     <span class='ocr_line' id='line_1_108' title="bbox 1015 2219 1804 2255; baseline 0 -9"><span class='ocrx_word' id='word_1_804' title='bbox 1015 2220 1065 2255; x_wconf 84' lang='grc' dir='ltr'>τῆς</span> <span class='ocrx_word' id='word_1_805' title='bbox 1088 2220 1117 2246; x_wconf 79' lang='grc' dir='ltr'><strong>ὲν</strong></span> <span class='ocrx_word' id='word_1_806' title='bbox 1135 2219 1174 2254; x_wconf 80' lang='grc' dir='ltr'>τῷ</span> <span class='ocrx_word' id='word_1_807' title='bbox 1194 2219 1254 2254; x_wconf 77' lang='grc' dir='ltr'><strong>Θεῷ</strong></span> <span class='ocrx_word' id='word_1_808' title='bbox 1278 2219 1393 2254; x_wconf 77' lang='grc' dir='ltr'>Τριὰδος</span> <span class='ocrx_word' id='word_1_809' title='bbox 1420 2219 1509 2251; x_wconf 79' lang='grc' dir='ltr'>καλῶς</span> <span class='ocrx_word' id='word_1_810' title='bbox 1531 2220 1686 2254; x_wconf 72' lang='grc' dir='ltr'>ἁθροίζεται</span> <span class='ocrx_word' id='word_1_811' title='bbox 1712 2221 1804 2255; x_wconf 72' lang='grc' dir='ltr'>δόγμα</span> 
     </span>
    </p>
   </div>
   <div class='ocr_carea' id='block_1_109' title="bbox 1016 2265 1801 2302">
    <p class='ocr_par' dir='ltr' id='par_1_109' title="bbox 1016 2265 1801 2302">
     <span class='ocr_line' id='line_1_109' title="bbox 1016 2265 1801 2302; baseline 0.004 -10"><span class='ocrx_word' id='word_1_812' title='bbox 1016 2267 1075 2297; x_wconf 68' lang='grc' dir='ltr'>ταῖς</span> <span class='ocrx_word' id='word_1_813' title='bbox 1093 2267 1155 2300; x_wconf 77' lang='grc' dir='ltr'><strong>περὶ</strong></span> <span class='ocrx_word' id='word_1_814' title='bbox 1170 2267 1219 2301; x_wconf 80' lang='grc' dir='ltr'>τῆς</span> <span class='ocrx_word' id='word_1_815' title='bbox 1237 2265 1312 2295; x_wconf 71' lang='grc' dir='ltr'>θείας</span> <span class='ocrx_word' id='word_1_816' title='bbox 1336 2266 1490 2301; x_wconf 79' lang='grc' dir='ltr'>οίκονομίκς</span> <span class='ocrx_word' id='word_1_817' title='bbox 1507 2268 1693 2302; x_wconf 57' lang='grc' dir='ltr'>προρρήσεσιν</span> <span class='ocrx_word' id='word_1_818' title='bbox 1710 2269 1801 2295; x_wconf 54' lang='grc' dir='ltr'>αὐτῶν</span> 
     </span>
    </p>
   </div>
   <div class='ocr_carea' id='block_1_110' title="bbox 1016 2312 1363 2348">
    <p class='ocr_par' dir='ltr' id='par_1_110' title="bbox 1016 2312 1363 2348">
     <span class='ocr_line' id='line_1_110' title="bbox 1016 2312 1363 2348; baseline 0.006 -10"><span class='ocrx_word' id='word_1_819' title='bbox 1016 2312 1123 2344; x_wconf 68' lang='grc' dir='ltr'>οἰκείως</span> <span class='ocrx_word' id='word_1_820' title='bbox 1138 2313 1363 2348; x_wconf 72' lang='grc' dir='ltr'>ὲναρμοζόμενον.</span> 
     </span>
    </p>
   </div>
   <div class='ocr_carea' id='block_1_111' title="bbox 1060 2359 1800 2396">
    <p class='ocr_par' dir='ltr' id='par_1_111' title="bbox 1060 2359 1800 2396">
     <span class='ocr_line' id='line_1_111' title="bbox 1060 2359 1800 2396; baseline 0 -10"><span class='ocrx_word' id='word_1_821' title='bbox 1060 2359 1138 2386; x_wconf 66' lang='grc' dir='ltr'>Ἀλλὰ</span> <span class='ocrx_word' id='word_1_822' title='bbox 1162 2360 1209 2386; x_wconf 69' lang='grc' dir='ltr'>νῦν</span> <span class='ocrx_word' id='word_1_823' title='bbox 1233 2360 1263 2386; x_wconf 66' lang='grc' dir='ltr'>τὸ</span> <span class='ocrx_word' id='word_1_824' title='bbox 1283 2359 1453 2394; x_wconf 80' lang='grc' dir='ltr'>ἀνθρώπειον</span> <span class='ocrx_word' id='word_1_825' title='bbox 1470 2360 1687 2394; x_wconf 63' lang='grc' dir='ltr'>προστησάμενοι</span> <span class='ocrx_word' id='word_1_826' title='bbox 1705 2361 1800 2396; x_wconf 69' lang='grc' dir='ltr'>χρῆμα</span> 
     </span>
    </p>
   </div>
   <div class='ocr_carea' id='block_1_112' title="bbox 1016 2406 1801 2440">
    <p class='ocr_par' dir='ltr' id='par_1_112' title="bbox 1016 2406 1801 2440">
     <span class='ocr_line' id='line_1_112' title="bbox 1016 2406 1801 2440; baseline 0.001 -7"><span class='ocrx_word' id='word_1_827' title='bbox 1016 2406 1075 2433; x_wconf 78' lang='grc' dir='ltr'>κατ’</span> <span class='ocrx_word' id='word_1_828' title='bbox 1093 2406 1185 2433; x_wconf 73' lang='grc' dir='ltr'>εἰκόνα</span> <span class='ocrx_word' id='word_1_829' title='bbox 1208 2406 1283 2432; x_wconf 84' lang='grc' dir='ltr'>Θείαν</span> <span class='ocrx_word' id='word_1_830' title='bbox 1308 2407 1516 2440; x_wconf 81' lang='grc' dir='ltr'>γεγεννημένον,</span> <span class='ocrx_word' id='word_1_831' title='bbox 1546 2407 1599 2433; x_wconf 75' lang='grc' dir='ltr'>οὐδ’</span> <span class='ocrx_word' id='word_1_832' title='bbox 1617 2408 1650 2433; x_wconf 82' lang='grc' dir='ltr'><strong>ὲκ</strong></span> <span class='ocrx_word' id='word_1_833' title='bbox 1675 2407 1722 2434; x_wconf 83' lang='grc' dir='ltr'>τοῦ</span> <span class='ocrx_word' id='word_1_834' title='bbox 1740 2409 1801 2434; x_wconf 81' lang='grc' dir='ltr'><strong>Μω-</strong></span> 
     </span>
    </p>
   </div>
   <div class='ocr_carea' id='block_1_113' title="bbox 1017 2452 1800 2492">
    <p class='ocr_par' dir='ltr' id='par_1_113' title="bbox 1017 2452 1800 2492">
     <span class='ocr_line' id='line_1_113' title="bbox 1017 2452 1800 2492; baseline 0 -12"><span class='ocrx_word' id='word_1_835' title='bbox 1017 2453 1084 2485; x_wconf 78' lang='grc' dir='ltr'>σέως</span> <span class='ocrx_word' id='word_1_836' title='bbox 1101 2454 1210 2488; x_wconf 78' lang='grc' dir='ltr'>μᾶλλον,</span> <span class='ocrx_word' id='word_1_837' title='bbox 1230 2453 1276 2479; x_wconf 69' lang='grc' dir='ltr'>καὶ</span> <span class='ocrx_word' id='word_1_838' title='bbox 1295 2452 1325 2479; x_wconf 86' lang='grc' dir='ltr'>ὃν</span> <span class='ocrx_word' id='word_1_839' title='bbox 1349 2452 1444 2486; x_wconf 81' lang='grc' dir='ltr'>ὲσάγει</span> <span class='ocrx_word' id='word_1_840' title='bbox 1459 2453 1572 2486; x_wconf 80' lang='grc' dir='ltr'>λέγοντα</span> <span class='ocrx_word' id='word_1_841' title='bbox 1595 2453 1673 2480; x_wconf 85' lang='grc' dir='ltr'>τοῦτο</span> <span class='ocrx_word' id='word_1_842' title='bbox 1689 2454 1768 2488; x_wconf 78' lang='grc' dir='ltr'>Θεὸν,</span> <span class='ocrx_word' id='word_1_843' title='bbox 1785 2457 1800 2492; x_wconf 80' lang='grc' dir='ltr'>ἢ</span> 
     </span>
    </p>
   </div>
   <div class='ocr_carea' id='block_1_114' title="bbox 1016 2499 1799 2535">
    <p class='ocr_par' dir='ltr' id='par_1_114' title="bbox 1016 2499 1799 2535">
     <span class='ocr_line' id='line_1_114' title="bbox 1016 2499 1799 2535; baseline -0.001 -9"><span class='ocrx_word' id='word_1_844' title='bbox 1016 2501 1048 2527; x_wconf 70' lang='grc' dir='ltr'><strong>ἐκ</strong></span> <span class='ocrx_word' id='word_1_845' title='bbox 1064 2500 1112 2534; x_wconf 81' lang='grc' dir='ltr'>τῆς</span> <span class='ocrx_word' id='word_1_846' title='bbox 1136 2500 1302 2534; x_wconf 78' lang='grc' dir='ltr'>φαινομένης</span> <span class='ocrx_word' id='word_1_847' title='bbox 1319 2499 1382 2534; x_wconf 74' lang='grc' dir='ltr'>περὶ</span> <span class='ocrx_word' id='word_1_848' title='bbox 1397 2499 1442 2526; x_wconf 79' lang='grc' dir='ltr'><strong>τὸν</strong></span> <span class='ocrx_word' id='word_1_849' title='bbox 1465 2499 1608 2534; x_wconf 76' lang='grc' dir='ltr'>ἄνθρωπον</span> <span class='ocrx_word' id='word_1_850' title='bbox 1624 2499 1753 2535; x_wconf 77' lang='grc' dir='ltr'>ἀληθείας</span> <span class='ocrx_word' id='word_1_851' title='bbox 1769 2502 1799 2528; x_wconf 67' lang='grc' dir='ltr'><strong>τὺ</strong></span> 
     </span>
    </p>
   </div>
   <div class='ocr_carea' id='block_1_115' title="bbox 1015 2546 1798 2583">
    <p class='ocr_par' dir='ltr' id='par_1_115' title="bbox 1015 2546 1798 2583">
     <span class='ocr_line' id='line_1_115' title="bbox 1015 2546 1798 2583; baseline 0.003 -10"><span class='ocrx_word' id='word_1_852' title='bbox 1015 2547 1103 2581; x_wconf 83' lang='grc' dir='ltr'>δόγμα</span> <span class='ocrx_word' id='word_1_853' title='bbox 1118 2546 1197 2573; x_wconf 80' lang='grc' dir='ltr'>τοῦτο</span> <span class='ocrx_word' id='word_1_854' title='bbox 1212 2547 1259 2573; x_wconf 78' lang='grc' dir='ltr'><strong>καὶ</strong></span> <span class='ocrx_word' id='word_1_855' title='bbox 1275 2546 1346 2581; x_wconf 81' lang='grc' dir='ltr'>λόγῳ</span> <span class='ocrx_word' id='word_1_856' title='bbox 1369 2547 1517 2581; x_wconf 83' lang='grc' dir='ltr'>δυνάμενον</span> <span class='ocrx_word' id='word_1_857' title='bbox 1533 2548 1645 2581; x_wconf 82' lang='grc' dir='ltr'>κρατεῖν</span> <span class='ocrx_word' id='word_1_858' title='bbox 1664 2547 1798 2583; x_wconf 73' lang='grc' dir='ltr'>δείξομεν.</span> 
     </span>
    </p>
   </div>
   <div class='ocr_carea' id='block_1_116' title="bbox 1018 2592 1800 2628">
    <p class='ocr_par' dir='ltr' id='par_1_116' title="bbox 1018 2592 1800 2628">
     <span class='ocr_line' id='line_1_116' title="bbox 1018 2592 1800 2628; baseline 0.004 -10"><span class='ocrx_word' id='word_1_859' title='bbox 1018 2593 1108 2619; x_wconf 78' lang='lat' dir='ltr'><strong>&quot;Amv</strong></span> <span class='ocrx_word' id='word_1_860' title='bbox 1127 2593 1176 2627; x_wconf 82' lang='grc' dir='ltr'>μὲν</span> <span class='ocrx_word' id='word_1_861' title='bbox 1187 2592 1219 2627; x_wconf 84' lang='grc' dir='ltr'>δὴ</span> <span class='ocrx_word' id='word_1_862' title='bbox 1236 2593 1340 2628; x_wconf 81' lang='grc' dir='ltr'>ποίημα</span> <span class='ocrx_word' id='word_1_863' title='bbox 1356 2593 1447 2628; x_wconf 77' lang='grc' dir='ltr'>ὅμοιόν</span> <span class='ocrx_word' id='word_1_864' title='bbox 1463 2593 1522 2624; x_wconf 82' lang='grc' dir='ltr'>πώς</span> <span class='ocrx_word' id='word_1_865' title='bbox 1539 2594 1597 2620; x_wconf 81' lang='grc' dir='ltr'>ἐστι</span> <span class='ocrx_word' id='word_1_866' title='bbox 1616 2593 1653 2628; x_wconf 85' lang='grc' dir='ltr'>τῷ</span> <span class='ocrx_word' id='word_1_867' title='bbox 1672 2595 1742 2628; x_wconf 81' lang='grc' dir='ltr'>μετὰ</span> <span class='ocrx_word' id='word_1_868' title='bbox 1757 2595 1800 2621; x_wconf 72' lang='grc' dir='ltr'>τοῦ</span> 
     </span>
    </p>
   </div>
   <div class='ocr_carea' id='block_1_117' title="bbox 1020 2637 1803 2675">
    <p class='ocr_par' dir='ltr' id='par_1_117' title="bbox 1020 2637 1803 2675">
     <span class='ocr_line' id='line_1_117' title="bbox 1020 2637 1803 2675; baseline 0.004 -12"><span class='ocrx_word' id='word_1_869' title='bbox 1020 2637 1140 2664; x_wconf 79' lang='grc' dir='ltr'>ποιοῦντι</span> <span class='ocrx_word' id='word_1_870' title='bbox 1151 2646 1158 2653; x_wconf 76' lang='grc'><strong><em>⁸</em></strong></span> <span class='ocrx_word' id='word_1_871' title='bbox 1174 2639 1291 2664; x_wconf 75' lang='grc' dir='ltr'>ποιεῖται</span> <span class='ocrx_word' id='word_1_872' title='bbox 1304 2638 1358 2673; x_wconf 77' lang='grc' dir='ltr'>γὰρ</span> <span class='ocrx_word' id='word_1_873' title='bbox 1371 2640 1442 2664; x_wconf 74' lang='grc' dir='ltr'>κατὰ</span> <span class='ocrx_word' id='word_1_874' title='bbox 1458 2638 1488 2665; x_wconf 82' lang='grc' dir='ltr'><strong>τὸ</strong></span> <span class='ocrx_word' id='word_1_875' title='bbox 1506 2639 1659 2665; x_wconf 78' lang='grc' dir='ltr'>ἐντυπωοὲν</span> <span class='ocrx_word' id='word_1_876' title='bbox 1675 2640 1740 2675; x_wconf 80' lang='grc' dir='ltr'>περὶ</span> <span class='ocrx_word' id='word_1_877' title='bbox 1757 2641 1803 2667; x_wconf 82' lang='grc' dir='ltr'><strong>αὑ-</strong></span> 
     </span>
    </p>
   </div>
   <div class='ocr_carea' id='block_1_118' title="bbox 1019 2683 1802 2721">
    <p class='ocr_par' dir='ltr' id='par_1_118' title="bbox 1019 2683 1802 2721">
     <span class='ocr_line' id='line_1_118' title="bbox 1019 2683 1802 2721; baseline 0.003 -10"><span class='ocrx_word' id='word_1_878' title='bbox 1019 2685 1066 2711; x_wconf 79' lang='grc' dir='ltr'>τοῦ</span> <span class='ocrx_word' id='word_1_879' title='bbox 1090 2683 1158 2716; x_wconf 67' lang='grc' dir='ltr'>εἶδος</span> <span class='ocrx_word' id='word_1_880' title='bbox 1184 2684 1222 2718; x_wconf 80' lang='grc' dir='ltr'>τῷ</span> <span class='ocrx_word' id='word_1_881' title='bbox 1248 2684 1285 2720; x_wconf 83' lang='grc' dir='ltr'>νῷ</span> <span class='ocrx_word' id='word_1_882' title='bbox 1311 2684 1357 2711; x_wconf 82' lang='grc' dir='ltr'><strong>τοῦ</strong></span> <span class='ocrx_word' id='word_1_883' title='bbox 1381 2684 1540 2717; x_wconf 75' lang='grc' dir='ltr'>ποιοῦντος·</span> <span class='ocrx_word' id='word_1_884' title='bbox 1567 2687 1613 2712; x_wconf 81' lang='grc' dir='ltr'><strong>καὶ</strong></span> <span class='ocrx_word' id='word_1_885' title='bbox 1637 2686 1653 2721; x_wconf 77' lang='grc' dir='ltr'><strong>ἡ</strong></span> <span class='ocrx_word' id='word_1_886' title='bbox 1677 2686 1759 2718; x_wconf 82' lang='grc' dir='ltr'>ἄῡλος</span> <span class='ocrx_word' id='word_1_887' title='bbox 1775 2687 1802 2714; x_wconf 83' lang='grc' dir='ltr'>ὲν</span> 
     </span>
    </p>
   </div>
   <div class='ocr_carea' id='block_1_119' title="bbox 1020 2730 1802 2768">
    <p class='ocr_par' dir='ltr' id='par_1_119' title="bbox 1020 2730 1802 2768">
     <span class='ocr_line' id='line_1_119' title="bbox 1020 2730 1802 2768; baseline 0.003 -11"><span class='ocrx_word' id='word_1_888' title='bbox 1020 2730 1094 2766; x_wconf 74' lang='grc' dir='ltr'><strong>αὑτῷ</strong></span> <span class='ocrx_word' id='word_1_889' title='bbox 1109 2730 1155 2757; x_wconf 76' lang='grc' dir='ltr'>τοῦ</span> <span class='ocrx_word' id='word_1_890' title='bbox 1174 2731 1326 2765; x_wconf 79' lang='grc' dir='ltr'>ποιήματος</span> <span class='ocrx_word' id='word_1_891' title='bbox 1347 2730 1475 2766; x_wconf 79' lang='grc' dir='ltr'>ὁμοιότης</span> <span class='ocrx_word' id='word_1_892' title='bbox 1492 2732 1521 2757; x_wconf 75' lang='grc' dir='ltr'>ἐν</span> <span class='ocrx_word' id='word_1_893' title='bbox 1541 2733 1574 2767; x_wconf 84' lang='grc' dir='ltr'><strong>τῇ</strong></span> <span class='ocrx_word' id='word_1_894' title='bbox 1599 2732 1650 2768; x_wconf 81' lang='grc' dir='ltr'><strong>ὕλῃ</strong></span> <span class='ocrx_word' id='word_1_895' title='bbox 1667 2735 1802 2760; x_wconf 77' lang='grc' dir='ltr'>κοινωνεῖ-</span> 
     </span>
    </p>
   </div>
   <div class='ocr_carea' id='block_1_120' title="bbox 1020 2777 1802 2815">
    <p class='ocr_par' dir='ltr' id='par_1_120' title="bbox 1020 2777 1802 2815">
     <span class='ocr_line' id='line_1_120' title="bbox 1020 2777 1802 2815; baseline 0.006 -13"><span class='ocrx_word' id='word_1_896' title='bbox 1020 2785 1064 2803; x_wconf 81' lang='grc' dir='ltr'><strong>ται</strong></span> <span class='ocrx_word' id='word_1_897' title='bbox 1087 2777 1196 2808; x_wconf 74' lang='grc' dir='ltr'>οῐκείως</span> <span class='ocrx_word' id='word_1_898' title='bbox 1213 2777 1295 2813; x_wconf 77' lang='grc' dir='ltr'>αὐτῇ,</span> <span class='ocrx_word' id='word_1_899' title='bbox 1315 2777 1355 2804; x_wconf 85' lang='grc' dir='ltr'>διὸ</span> <span class='ocrx_word' id='word_1_900' title='bbox 1371 2778 1419 2804; x_wconf 77' lang='grc' dir='ltr'>καὶ</span> <span class='ocrx_word' id='word_1_901' title='bbox 1442 2778 1559 2814; x_wconf 80' lang='grc' dir='ltr'>ἀσθενής</span> <span class='ocrx_word' id='word_1_902' title='bbox 1576 2779 1649 2805; x_wconf 77' lang='grc' dir='ltr'>ἐστιν</span> <span class='ocrx_word' id='word_1_903' title='bbox 1666 2779 1802 2815; x_wconf 61' lang='grc' dir='ltr'>ὁμοιότης.</span> 
     </span>
    </p>
   </div>
   <div class='ocr_carea' id='block_1_121' title="bbox 1021 2823 1806 2861">
    <p class='ocr_par' dir='ltr' id='par_1_121' title="bbox 1021 2823 1806 2861">
     <span class='ocr_line' id='line_1_121' title="bbox 1021 2823 1806 2861; baseline 0.004 -12"><span class='ocrx_word' id='word_1_904' title='bbox 1021 2823 1065 2855; x_wconf 77' lang='grc' dir='ltr'>Ὠς</span> <span class='ocrx_word' id='word_1_905' title='bbox 1086 2824 1140 2858; x_wconf 73' lang='grc' dir='ltr'>γὰρ</span> <span class='ocrx_word' id='word_1_906' title='bbox 1155 2823 1194 2859; x_wconf 85' lang='grc' dir='ltr'>τῷ</span> <span class='ocrx_word' id='word_1_907' title='bbox 1214 2823 1283 2859; x_wconf 81' lang='grc' dir='ltr'>ἴχνει</span> <span class='ocrx_word' id='word_1_908' title='bbox 1308 2824 1479 2859; x_wconf 83' lang='grc' dir='ltr'>γινώσκομεν</span> <span class='ocrx_word' id='word_1_909' title='bbox 1502 2825 1647 2861; x_wconf 78' lang='grc' dir='ltr'>ἄνθρωπον</span> <span class='ocrx_word' id='word_1_910' title='bbox 1665 2825 1712 2851; x_wconf 80' lang='grc' dir='ltr'>τὸν</span> <span class='ocrx_word' id='word_1_911' title='bbox 1731 2834 1806 2860; x_wconf 78' lang='grc' dir='ltr'>περι-</span> 
     </span>
    </p>
   </div>
   <div class='ocr_carea' id='block_1_122' title="bbox 1018 2870 1801 2909">
    <p class='ocr_par' dir='ltr' id='par_1_122' title="bbox 1018 2870 1801 2909">
     <span class='ocr_line' id='line_1_122' title="bbox 1018 2870 1801 2909; baseline 0.003 -11"><span class='ocrx_word' id='word_1_912' title='bbox 1018 2870 1178 2907; x_wconf 73' lang='grc' dir='ltr'>πατήσαντα</span> <span class='ocrx_word' id='word_1_913' title='bbox 1205 2870 1286 2905; x_wconf 71' lang='grc' dir='ltr'>εἶναι,</span> <span class='ocrx_word' id='word_1_914' title='bbox 1303 2870 1376 2900; x_wconf 76' lang='grc' dir='ltr'>οὕτω</span> <span class='ocrx_word' id='word_1_915' title='bbox 1393 2873 1439 2899; x_wconf 79' lang='grc' dir='ltr'><strong>καὶ</strong></span> <span class='ocrx_word' id='word_1_916' title='bbox 1457 2872 1545 2900; x_wconf 79' lang='grc' dir='ltr'>οἰκίαν</span> <span class='ocrx_word' id='word_1_917' title='bbox 1564 2872 1666 2905; x_wconf 73' lang='grc' dir='ltr'>ἰδόντες</span> <span class='ocrx_word' id='word_1_918' title='bbox 1690 2872 1801 2909; x_wconf 72' lang='grc' dir='ltr'>νοοῡμέν</span> 
     </span>
    </p>
   </div>
  </div>
