1879 3060
58 83 135 117 585

619 88 668 119 BE
690 88 762 120 υΕο
782 89 824 120 ΙΝ
843 89 1059 120 ΤΒΙΝῘΤΛΤΕ
1080 89 1172 120 UNO.

1657 90 1708 120 ενδ

52 145 95 165 τε
118 138 207 174 ἔργον
223 139 365 175 οἰκοδόμου
380 139 467 176 αὐτὴν
481 138 551 168 εἶναι
568 143 616 169 καὶ
631 144 681 179 τὴν
697 144 745 170 τοῦ
759 144 853 180 ᾠκοδα

920 144 1000 172 bitum
1009 149 1037 172 et
1046 149 1131 173 artem
1145 144 1329 180 intelligimus.
1340 144 1378 172 Ex
1392 153 1504 181 operum
1519 146 1621 181 quippe
1632 145 1708 174 diﬁ‘o-

57 186 198 219 μηκότος
217 185 277 219 ἕξιν
295 186 342 213 καὶ
356 185 472 222 δύναμιν
486 188 672 224 συννοοῦμενι·
693 191 726 226 τῇ
742 191 795 226 γὰρ
816 192 870 220 τῶν

54 232 243 267 Μιημάτων
256 232 374 268 διαφορᾷ
394 233 445 269 τὴν
461 232 591 269 διάφορον
606 235 661 262 τῶν
675 239 868 272 πεποιηκότων

53 276 134 308 ἕξιν
158 277 389 312 καταμετροῦμεν
411 277 451 313 τῷ
475 278 610 314 λογισμῷ,
631 281 680 307 καὶ
700 282 716 317 ἡ
742 283 871 318 ὁμοιότης

56 321 149 356 αὕτη
165 322 256 357 ῑκνους
277 322 406 358 ὁμοιότης
423 323 481 350 ἔστι
496 332 525 350 τε
548 324 596 352 καὶ
619 325 751 355 καλεῖται.
768 328 799 354 Ei
815 329 871 355 τοί-

55 375 122 393 νυν
141 369 188 394 ἐπὶ
202 368 258 394 τῶν
272 369 344 396 κατὰ
359 370 443 404 μέρος
459 371 609 397 ποιούντων
622 371 697 398 τοῦτ’
713 373 788 400 ἐστὶν
803 374 871 408 ἀλη-

56 411 133 444 es;
162 413 254 449 πολλῷ
279 414 381 448 μᾶλλον
405 416 452 441 ἐπὶ
491 416 539 443 τοῦ
570 418 684 445 καθόλου
718 419 868 453 ποιοῦντος,

67 459 166 485 Ἀλλὰ
188 459 278 487 ταῦτα
296 460 346 495 μὲν
369 461 498 498 σύστοιχά
523 471 582 495 πως
610 465 668 495 τοῖς
695 467 870 502 ποιουμένοις

59 505 149 531 εἰσὶν
162 505 202 536 ὡς
217 507 315 534 κτιστὰ
339 506 430 535 πάντα
444 507 485 542 τῷ
503 508 578 541 γένει
591 516 599 524 ⁸
612 510 629 544 ἠ
642 510 670 537 δὲ
687 511 783 548 πρώτη
802 514 870 540 πάν-

60 559 132 577 των
150 551 225 578 αἰτία
239 551 295 578 τῶν
312 553 471 588 ποιημάτων
485 554 572 589 αὐτῆς
583 556 732 590 ἀπειράκις
746 558 871 594 ἀπείρως

61 596 251 631 ὑπέρκειται.
267 597 314 624 Διὸ
330 598 377 625 καὶ
393 599 566 635 ἀμυδροτάτη
588 602 662 629 ἰστὶν
687 603 704 638 ή
729 603 759 631 ἃν
777 604 870 637 αὐτοῖς

62 644 218 678 ὁμοιότης,
234 644 286 679 τῆς
306 644 530 682 ὑπερϐαλλούσης
546 648 574 674 ὲν
594 648 632 683 τῷ
649 650 770 677 ποιοῦντι
788 652 868 678 δυνά.

66 698 155 723 μεως
169 690 221 725 τὴν
233 692 284 725 τῆς
294 691 456 726 ὁμοιότητος
474 693 619 721 ἀσθένειαν
635 696 663 722 ὲν
680 697 736 728 τοῖς
759 698 869 732 γινομέ-

63 743 134 766 νοις
152 734 224 762 οὕτω
241 735 370 771 ποιούσης
385 745 392 752 '
415 737 482 764 ἀλλὰ
500 740 547 764 καὶ
568 740 685 775 ἀσθενής
708 742 782 769 ἐστιν
797 743 868 770 οὕτω

65 782 125 807 καὶ
144 780 265 815 ἀμυδρὰ,
277 781 379 816 ἀληθὴς
400 783 490 816 μέντοι
508 792 552 817 γε,
570 785 609 817 ὼς
630 786 761 814 ἀδύνατον
775 788 805 815 ὃν
819 790 868 816 ἄλ-

65 825 131 857 λως
146 825 232 861 ἔχειν,
251 826 329 852 Ἐστι
347 827 397 862 μὲν
413 826 459 854 οὖν
477 829 566 856 πάντα
582 831 615 857 τὰ
631 831 678 858 τοῦ
700 832 768 860 Θεοῦ
788 836 865 870 ποιή-

67 879 154 905 ματα
177 872 260 906 ὅμοιά
287 881 345 904 πως
366 873 440 908 αὑτῷ
460 875 529 901 κατὰ
548 875 642 902 τοῦτον
657 877 704 904 τὸν
724 878 813 913 λόγον,
826 881 865 912 ὼς

65 916 125 950 τὴν
144 916 191 942 τοῦ
215 918 397 951 πεποιηκότος
423 920 451 945 ἐν
469 921 561 955 σφίσιν
577 922 670 954 αὐτοῖς
696 924 864 958 ἐμφαίνοντα

68 962 176 995 σοφίαν
201 962 249 989 καὶ
266 963 389 998 δύναμιν.
403 964 487 991 Οὐδὲν
512 967 566 1001 γάρ
589 968 657 1000 ἐστι,
671 969 723 996 κᾶν
746 971 777 997 τὸ
800 979 864 1006 σμι-

68 1007 211 1041 κρότατον
226 1006 255 1045 ᾖ,
270 1008 285 1034 ὃ
302 1009 339 1044 μὴ
357 1009 522 1045 θαυμάσειεν
537 1012 570 1039 ἄν
587 1021 630 1043 τις
650 1014 784 1048 ἐκτόπως,
802 1018 864 1044 ἀντὶ

65 1053 130 1081 τῶν
145 1055 178 1081 ἑκ
198 1055 248 1082 τοῦ
273 1056 407 1090 μεγέθους
429 1057 629 1094 ἐλαττωμάτων
655 1060 751 1094 σοφίας
771 1062 864 1094 αὐτοῖς

71 1101 124 1127 καὶ
136 1101 263 1135 μεθόδων
282 1101 366 1134 ξένων
387 1103 635 1140 ἔγκατῳκισμένων
653 1107 757 1136 θεόθεν.
774 1110 863 1144 Πρόσ-

67 1155 132 1174 εστι
162 1147 192 1174 δὲ
220 1148 313 1180 αὐτοῖς
330 1149 378 1176 καὶ
400 1150 431 1176 τὸ
453 1150 597 1186 δραστικόν
612 1162 641 1180 τε
663 1155 710 1181 καὶ
724 1155 864 1192 ὠφέλιμον

69 1193 193 1227 πλείοσι,
208 1195 256 1222 καὶ
282 1195 370 1222 ταῦτα
390 1196 479 1224 πάντα
503 1198 571 1233 πρὸς
594 1200 645 1235 τὴν
670 1201 797 1236 πρόνοιαν
812 1203 863 1237 τῆς

69 1239 252 1276 ἀνθρωπίνης
268 1242 407 1277 προῦργου
421 1245 605 1280 καταστρέφει
623 1246 705 1279 ζωῆς.
732 1247 803 1275 Ἀλλ’
815 1249 863 1276 οὐ·

68 1284 117 1311 διν
144 1285 251 1313 τούτων
273 1288 356 1315 εἰκὼν
371 1288 418 1316 τοῦ
441 1289 508 1317 Θεοῦ
537 1291 665 1326 λέγεται·
680 1294 795 1328 οὐρανὸς
811 1295 861 1329 μιν

70 1332 129 1367 γὰρ
143 1333 190 1358 καὶ
207 1333 241 1359 τὰ
252 1334 364 1368 οὐράνια
377 1335 493 1370 σώματα
513 1337 564 1364 οὐκ
583 1338 647 1365 ἄνευ
661 1338 726 1374 ὕλης
741 1340 800 1367 ἐστὶ
813 1342 862 1368 καὶ

72 1377 193 1413 σώματα
225 1379 305 1413 μόνον
332 1380 400 1407 εισὶν
426 1382 489 1409 ἄνευ
518 1383 631 1418 ψυχῶν
663 1380 806 1419 ἄνθρωπος
833 1386 862 1414 δὲ

73 1424 156 1457 μόνος
170 1424 253 1456 ἆῦλος
273 1425 319 1451 καὶ
335 1425 478 1461 ἀσώματος
496 1427 533 1462 τῷ
547 1429 597 1462 τῆς
617 1429 716 1464 ψυχῆς,
732 1430 770 1460 ὡς
784 1431 863 1466 εἴρη-

924 192 1010 218 rentia
1021 191 1112 219 varios
1121 191 1200 219 simul
1211 191 1339 226 opiﬁcum
1351 192 1458 219 habitus
1471 199 1520 227 per
1530 192 1703 220 ratiocinium

922 237 1091 270 dimetimur,
1103 242 1130 265 et
1142 237 1292 265 similitudo
1309 238 1361 265 hoc
1379 239 1491 273 vestigio
1505 246 1553 273 par
1564 243 1606 266 est
1625 243 1651 266 et
1662 239 1706 265 di-

922 281 1003 309 citur.
1022 281 1097 315 Quod
1117 286 1192 310 certe
1218 283 1241 310 si
1256 282 1290 310 de
1310 283 1352 310 his
1369 290 1462 310 verum
1482 288 1524 311 est
1541 284 1587 318 qui
1603 285 1701 318 partim

922 333 1080 361 operantur,
1099 327 1184 354 multo
1201 327 1285 362 magis
1299 328 1332 354 de
1344 327 1433 362 coqui
1454 335 1485 354 ex
1501 328 1617 362 integro.
1647 327 1699 354 Sed

922 369 1080 406 congenera'
1092 372 1147 398 fere
1163 375 1225 398 sunt
1242 372 1299 398 haec
1314 379 1374 399 cum
1400 372 1559 404 factoribus,
1574 372 1643 399 sicut
1659 379 1705 406 ge—

926 419 986 444 neri
999 425 1049 445 suo
1067 422 1156 445 creata
1172 417 1281 449 omnia;
1301 417 1388 452 prima
1404 424 1467 443 vero
1480 416 1602 443 omnium
1617 423 1700 452 causa

922 463 981 490 suis
1003 462 1133 498 operibus
1149 462 1255 490 inﬁnite
1273 467 1300 489 et
1319 469 1401 496 supra
1414 461 1524 488 modum
1535 462 1705 496 praecutiunt.

930 508 1048 543 Ideoque
1066 516 1114 543 per
1127 509 1243 536 obscura
1261 509 1287 535 in
1307 508 1360 535 illis
1393 513 1434 535 est
1460 507 1621 538 similitudo,
1636 515 1705 542 prte-

922 554 1094 582 stantissima
1107 561 1204 588 nempe
1219 554 1339 581 auctoris
1355 553 1475 587 potentia
1492 554 1560 579 hanc
1570 552 1701 579 similitu-

922 599 995 627 dinis
1010 601 1168 627 tenuitatem
1180 600 1221 627 sic
1234 599 1377 626 eﬁiciente.
1399 599 1507 626 Etenim
1520 598 1570 625 etsi
1581 597 1649 625 adeo
1664 601 1705 625 te-

923 646 986 673 nuis
996 649 1037 672 est
1049 649 1076 672 et
1091 645 1220 675 obscura,
1234 645 1280 671 sed
1299 652 1361 671 vero
1378 649 1478 676 tamen,
1492 648 1627 678 quatenus
1656 643 1705 670 ali-

922 697 962 720 ter
972 691 1030 718 fieri
1045 695 1171 725 nequeat.
1184 690 1211 716 In
1224 690 1330 717 cunctis
1344 690 1424 724 igitur
1438 689 1484 716 Dei
1496 689 1621 723 operibus
1632 697 1707 722 qlia:—

921 737 982 764 dam
998 745 1059 764 cum
1077 737 1137 771 ipso
1150 735 1360 769 csthujusmodi
1377 735 1537 764 similitudo.
1560 735 1586 761 iu
1605 735 1703 769 seipsis

921 782 1029 816 quidem
1045 781 1156 809 factoris
1169 782 1210 808 sui
1223 781 1385 815 sapientiam
1401 780 1601 808 declarantibus
1612 785 1637 806 et
1652 787 1701 814 po-

885 817 907 845 Β
924 832 1061 856 testatem.
1088 826 1163 854 Nihil
1194 834 1311 861 namque
1334 826 1376 854 vel
1403 826 1546 853 minimum
1572 829 1614 853 est
1630 825 1702 860 quod

922 879 1063 910 stuporem
1078 874 1167 901 cuivis
1185 873 1258 900 haud
1281 873 1408 905 incutiat,
1422 880 1477 899 non
1491 876 1579 898 autem
1595 871 1703 898 illortun

920 928 970 955 pro
995 920 1183 955 magnitudine
1214 927 1304 947 rerum
1331 918 1461 946 deﬁciens
1491 918 1624 952 sapientia
1654 920 1702 944 aut

921 966 1016 993 alienas
1032 965 1240 1000 disquisitioncs
1258 965 1350 991 divino
1363 968 1430 990 nutu
1450 962 1521 997 apud
1538 962 1600 989 illos
1617 962 1704 989 intro-

921 1013 1020 1040 ductae.
1038 1011 1111 1039 Inest
1130 1012 1213 1038 etiam
1227 1011 1279 1038 illis
1289 1010 1396 1037 entibus
1413 1007 1531 1036 elﬁcncia
1548 1012 1576 1035 et
1597 1008 1701 1035 utilitas

921 1058 1015 1090 multa,
1031 1062 1057 1084 et
1074 1057 1164 1084 omnia
1183 1057 1240 1083 haec
1261 1056 1288 1083 in
1314 1054 1471 1089 pmsidium
1505 1055 1632 1081 humanae
1666 1055 1704 1081 vit
1728 1082 1737 1091 χ

919 1103 1061 1130 commodo
1087 1106 1295 1129 convertuntur.
1330 1100 1458 1128 Attamen
1495 1099 1564 1127 nihil
1604 1100 1701 1126 horum

918 1149 1007 1184 imago
1018 1148 1064 1176 Dei
1076 1148 1191 1176 dicitur:
1215 1147 1315 1175 omium
1329 1146 1430 1182 quippe
1452 1151 1478 1174 et
1511 1153 1625 1180 corpora
1647 1153 1702 1174 cm-

918 1194 995 1223 lestia
1010 1202 1066 1223 non
1091 1196 1225 1223 exsistunt
1241 1195 1343 1230 absque
1356 1193 1479 1226 materia,
1494 1197 1521 1220 et
1535 1193 1603 1220 nihil
1627 1193 1702 1221 aliud

918 1246 985 1269 sunt
995 1249 1075 1277 quam
1089 1241 1237 1269 inanimnta
1251 1247 1374 1276 corpora.
1400 1238 1482 1267 Solus
1507 1239 1588 1266 homo
1601 1260 1609 1271 ,
1626 1238 1702 1274 quod

918 1287 1037 1315 animam
1050 1292 1163 1323 spectat,
1179 1291 1210 1315 ut
1226 1289 1428 1323 proposuimus,
1447 1285 1634 1314 immaterialis
1659 1291 1702 1314 est

918 1339 945 1363 et
959 1335 1146 1370 incorporeus,
1162 1335 1292 1368 solusque
1303 1333 1475 1367 intelligens;
1493 1331 1627 1367 siquidem
1653 1333 1700 1360 illa

919 1381 1012 1409 omnia
1027 1388 1110 1408 unam
1136 1379 1390 1408 communissimam
1410 1378 1627 1410 similitudinem,
1644 1386 1699 1405 esse

919 1429 1033 1461 scilicet,
1048 1435 1110 1456 cum
1124 1434 1175 1455 sua
1199 1434 1279 1454 causa
1295 1434 1351 1461 pra:
1361 1433 1390 1453 se
1401 1425 1504 1454 ferunt.
1514 1425 1581 1452 Nam
1595 1430 1622 1452 et
1636 1424 1695 1459 ipsa

70 1478 129 1502 ται,
150 1470 241 1505 μέρει,
254 1471 302 1497 καὶ
320 1471 400 1505 μόνος
415 1473 507 1508 νοερὸς
521 1474 586 1508 ἄρα,
603 1475 627 1501 εί
643 1476 757 1502 κάκεῖνα
774 1476 853 1504 πάντα

920 1481 981 1504 sunt
993 1480 1020 1504 et
1034 1476 1107 1504 Deus
1121 1478 1172 1507 est,
1189 1473 1295 1502 tametsi
1309 1473 1430 1500 divinum
1456 1480 1514 1500 esse
1529 1479 1626 1511 eorum
1638 1479 1699 1499 om-

73 1517 143 1549 μίαν
169 1516 319 1551 ὁμοιότητα
344 1518 504 1552 κοινοτάτην
529 1518 578 1555 τὴν
607 1520 676 1547 κατά
692 1529 724 1553 γε
744 1521 774 1548 τὸ
794 1519 864 1549 εἶναι

73 1562 143 1597 πρὸς
168 1561 218 1597 τὴν
234 1563 301 1589 ἰδίαν
325 1563 414 1590 αἰτίαν
429 1564 557 1599 ἔχουσιν⁴
584 1565 655 1592 αὐτά
678 1575 708 1593 τε
736 1567 789 1602 γάρ
811 1568 865 1595 εισι

72 1608 119 1634 καὶ
138 1607 208 1640 Θεός
223 1609 309 1640 ἐστιν,
323 1609 347 1635 εἰ
371 1610 419 1636 καὶ
433 1611 463 1637 τὺ
479 1610 550 1637 θεῖον
564 1610 634 1639 εἶναι
657 1612 704 1639 τοῦ
723 1613 752 1639 ἐν
772 1613 867 1646 αὐτοῖς

73 1656 159 1681 πᾶσιν
181 1653 251 1681 εἶναι
268 1656 414 1691 ἀπειράκις
437 1657 559 1693 ἀπείρως
583 1659 756 1694 ὑπέρκειται.
782 1661 864 1688 Ἔνια

71 1702 99 1728 δὲ
117 1701 173 1728 τῶν
189 1702 317 1729 ὑποκάτω
336 1703 384 1729 καὶ
405 1704 490 1738 μείζω
504 1704 553 1739 τὴν
568 1706 637 1732 κατά
654 1707 683 1732 τὸ
705 1706 756 1742 ζῇν
772 1707 866 1742 ὁμοιό-

72 1756 143 1783 τητα
172 1747 250 1782 ἔχει’
275 1747 332 1775 ἀλλ’
358 1749 374 1783 ἠ
400 1749 469 1775 κατὰ
494 1750 526 1776 τδ
547 1752 618 1777 νοεῖν
639 1752 768 1787 ὁμοιότης
793 1752 864 1788 ὑπὲρ

73 1795 166 1825 πάσας
177 1794 281 1826 ταύτας
295 1794 367 1827 ἰδίως
382 1795 467 1826 ἔστιν.
483 1795 520 1828 ὡς
534 1797 590 1824 οὐδ’
609 1797 666 1824 ἐστι
681 1799 863 1833 παραὸαλεῖν,

75 1841 150 1872 ἰδίως
163 1840 302 1876 ἀνθρώπῳ
321 1843 394 1876 μόνῳ
415 1844 591 1877 προσήκουσα.
606 1843 633 1869 ἔν
646 1852 678 1877 γε
693 1845 748 1875 τοῖς
769 1853 864 1878 φαινο-

73 1888 167 1922 μένοις
190 1888 306 1919 τούτοις.
331 1889 458 1923 Ἄγγελοι
486 1889 525 1921 δὲ,
554 1890 594 1915 vol
625 1890 673 1925 μὲν
701 1890 777 1923 ὄντες
799 1891 866 1917 εἰλι-

72 1934 188 1969 κρινεῖς,
203 1933 284 1965 ιὺθὺς
300 1935 348 1960 ἀπ’
369 1934 457 1970 ἀρχῆς
481 1935 530 1969 τῆς
555 1936 683 1970 τοιαύτης
707 1937 865 1971 ὁμοιότητος

72 1980 153 2016 ἡμῶν
168 1980 327 2015 μετέχουσιν
341 1980 453 2014 ἄμεινον
466 1988 473 1995 ·
492 1980 583 2012 ἄλλοις
595 1981 623 2008 δὲ
639 1981 728 2015 λόγοις
743 1983 789 2008 καὶ
809 1982 864 2008 τῶν

72 2026 198 2060 ἀγγέλων
216 2025 285 2060 αὕτη
302 2024 403 2051 πλείων
414 2025 472 2056 τοῖς
486 2026 685 2052 ἐσπουδακόσιν
706 2026 734 2059 ἐξ
754 2026 863 2062 ἀνθρώ-

72 2079 131 2098 πων
146 2070 290 2105 ἀρμόττει.
316 2070 403 2101 Μόνος
430 2069 521 2097 τοίνυν
549 2070 581 2097 ἑκ
608 2070 662 2097 τῶν
689 2071 862 2106 φαινομένων

73 2117 184 2143 πάντων
205 2117 220 2142 ό
242 2115 385 2149 ἄνθρωπος
409 2114 490 2142 εἰκὼν
507 2116 553 2142 τοῦ
576 2115 644 2142 Θεοῦ
667 2119 714 2154 καὶ
736 2116 794 2142 ἔστι
817 2126 865 2143 και

919 1522 994 1550 nium
1004 1522 1114 1559 inﬁnite
1129 1525 1247 1554 superet.
1267 1519 1403 1547 Nonnulla
1417 1526 1482 1546 vero
1501 1526 1534 1545 ex
1558 1517 1696 1546 inferiori-

918 1570 968 1597 bus
982 1569 1078 1605 majori
1094 1568 1196 1604 pollent
1206 1566 1398 1603 similitudine,
1409 1573 1441 1594 eo
1455 1573 1551 1600 nempe
1563 1564 1637 1600 quod
1654 1564 1696 1592 vi-

917 1619 993 1643 vunt.
1014 1615 1068 1643 Sed
1081 1623 1113 1643 ea
1128 1622 1189 1650 quae
1203 1614 1236 1641 ad
1251 1613 1417 1641 intellectum
1433 1613 1530 1639 attinet
1545 1619 1641 1640 omnes
1658 1611 1698 1638 fa-

916 1662 968 1689 cile
981 1661 1084 1694 vineit;
1100 1662 1167 1688 adeo
1183 1665 1213 1688 nt
1229 1661 1301 1687 nulla
1319 1661 1354 1688 sit
1366 1667 1428 1687 cum
1440 1660 1497 1694 ipsa
1509 1659 1697 1694 componenda

916 1707 1082 1743 paritas;ex
1099 1707 1132 1734 iis
1147 1707 1219 1734 enim
1235 1706 1390 1734 visibilibus
1405 1705 1512 1733 cunctis
1528 1705 1574 1732 uni
1588 1705 1699 1740 proprie

917 1754 1019 1780 homini
1033 1753 1174 1780 convenit:
1197 1752 1283 1786 angeli
1297 1752 1406 1786 quidem
1422 1754 1518 1785 utpote
1534 1751 1579 1785 qui
1595 1750 1701 1785 simpli-

916 1806 962 1826 ces
978 1798 1140 1830 intellectus,
1155 1798 1210 1830 iam
1226 1797 1289 1823 inde
1304 1804 1318 1822 a
1331 1795 1465 1830 principio
1477 1795 1599 1822 eamdem
1611 1799 1638 1821 et
1653 1802 1703 1828 pn-

915 1843 1012 1870 tiorem
1028 1850 1061 1869 ac
1073 1849 1122 1868 nos
1132 1840 1336 1869 similitudinem
1352 1840 1530 1874 participant;
1544 1847 1598 1874 quo
1609 1845 1700 1866 tamen

915 1889 977 1915 aliis
993 1889 1025 1915 de
1037 1887 1140 1917 causis.
1159 1887 1279 1914 strenuis
1309 1885 1463 1920 quibusque
1492 1892 1526 1911 ex
1540 1885 1698 1913 hominibus

916 1941 965 1968 pro
983 1933 1084 1968 angelis
1101 1931 1236 1966 congruit.
1257 1931 1336 1959 Unus
1351 1931 1445 1965 itaque
1463 1932 1534 1958 inter
1551 1930 1609 1958 haec
1628 1931 1696 1958 visi-

917 1979 980 2007 bilia
1012 1983 1112 2006 cuncta
1143 1979 1233 2011 imago
1266 1978 1311 2004 Dei
1327 1981 1369 2004 est.
1393 1982 1420 2004 et
1436 1977 1538 2004 dicitur
1557 1978 1657 2010 homo;
1673 1981 1702 2004 et

916 2026 1026 2060 quidem
1058 2032 1112 2051 non
1129 2024 1279 2051 immerito.
1307 2022 1373 2050 Nam
1397 2031 1430 2051 ex
1443 2024 1532 2050 anima
1549 2025 1699 2058 praesertim

916 2072 998 2099 homo
1017 2075 1211 2104 nuncupatur;
1241 2071 1340 2104 quippe
1367 2071 1411 2097 cui
1437 2070 1496 2097 vice
1523 2070 1700 2098 iusu‘umenﬂ

915 2122 1023 2153 aptatur
1033 2125 1142 2152 corpus.
1159 2116 1284 2144 Hominis
1299 2122 1389 2143 autem
1399 2118 1489 2143 anima
1503 2125 1551 2152 per
1565 2125 1594 2144 se
1611 2118 1701 2145 incor-

72 2162 182 2195 λέγεται
196 2168 204 2176 ’
222 2161 270 2187 καὶ
291 2161 351 2186 λίαν
366 2160 496 2194 εὐλόγω;.
511 2161 629 2194 Λέγεται
647 2162 697 2195 μὲν
720 2163 774 2197 γὰρ
791 2163 853 2188 κατέ

920 2171 998 2199 porca
1027 2168 1079 2196 est,
1100 2163 1302 2195 immaterialis,
1325 2168 1353 2190 et
1378 2163 1543 2197 intelligens.
1569 2164 1616 2190 llln
1633 2172 1698 2192 vero

71 2209 121 2244 τὴν
143 2207 236 2243 ψυχὴν
249 2206 367 2241 μάλιστα
389 2207 543 2241 ἄνθρωπος,
561 2206 599 2238 ὡς
620 2207 642 2234 δ’
658 2207 773 2241 ὄργανον
790 2209 858 2243 αὐτῇ

72 2256 102 2281 τὸ
126 2254 210 2289 σῶμα
235 2253 385 2288 συνῆπται·
400 2252 544 2287 ἀνθρώπου
560 2253 588 2279 δὲ
603 2252 675 2288 ψυχὴ
693 2253 754 2280 καθ’
772 2254 859 2289 αὐτὴν

72 2299 220 2335 ἀξιώματός
235 2300 292 2324 ἐστι
313 2298 360 2324 καὶ
380 2298 461 2328 ἇῠλος
477 2299 524 2323 καὶ
543 2298 634 2333 γοερά.
653 2298 736 2324 Ταυτὶ
753 2299 782 2325 δὲ
799 2299 858 2325 θεῖα

74 2345 302 2379 πλεονεκτήματα
320 2344 368 2370 καὶ
391 2343 437 2369 τοῦ
462 2342 531 2369 Θεοῦ
556 2343 736 2378 τελειότητες,
763 2344 788 2371 εἰ
811 2344 858 2370 καὶ

73 2392 180 2426 ἀπείρῳ
195 2392 228 2425 τῇ
243 2390 363 2424 ὑπεροχῇ
378 2388 571 2423 διενηνόχασιν,
584 2389 621 2421 ὡς
641 2389 725 2416 ἔνεισι
739 2389 779 2424 τῷ
798 2390 858 2425 Θεῷ

73 2443 88 2477 ἦ
106 2442 143 2473 ὡς
170 2441 199 2467 ὲν
216 2439 353 2474 ἀνθρώπῳ
368 2438 436 2465 εἰσίν
450 2446 456 2453 ·
479 2437 661 2472 ἁσωματότης
678 2438 728 2472 μὲν
749 2435 796 2465 οὖν
811 2441 860 2467 καὶ

74 2487 153 2514 ἁῦλία
174 2486 313 2520 ἀπόφασις
338 2485 403 2520 ῠλης
427 2484 491 2511 ὅντα
508 2484 555 2510 καὶ
577 2483 701 2518 σώματος
720 2484 815 2515 ἁπλῶς
828 2486 857 2512 ἐν

74 2534 209 2570 ἀνθρώπῳ
235 2532 408 2567 θεωροῦνται,
430 2531 558 2566 νοερότης
578 2530 606 2557 δὲ
629 2531 710 2564 φύσιν
734 2532 764 2558 ὲν
788 2531 856 2567 αὐτῇ

75 2582 174 2607 τιθεῖσα
200 2580 248 2606 καὶ
263 2580 371 2612 φύσεως
388 2578 505 2612 δύναμιν
525 2577 556 2603 οὐ
574 2577 748 2604 παντάπασιν
762 2577 856 2609 ἁπλῶς

75 2627 226 2661 θεωρεῖται,
252 2625 309 2658 μετ’
335 2623 487 2657 ἀναγκαίας
510 2623 539 2649 δέ
576 2631 648 2654 τινος
681 2622 867 2658 διακρίσεωςί,

75 2671 141 2702 Νοῦς
161 2671 252 2697 τοίνυν
277 2671 290 2696 ό
311 2669 453 2704 ἄνθρωπος
467 2668 504 2695 ὢν
521 2669 592 2695 κατὰ
606 2669 655 2703 τὴν
676 2668 765 2704 ψυχὴν
777 2669 867 2705 ὲνέρε

75 2725 146 2749 γειαν
165 2716 222 2750 ἔχει
245 2715 292 2750 τὴν
306 2715 409 2749 νόησιν,
424 2714 470 2740 νοῦ
495 2714 549 2748 γὰρ
577 2715 702 2749 ἐνέργεια
730 2715 761 2740 τὸ
783 2716 855 2741 νοεῖν

75 2763 105 2792 ὡς
121 2762 223 2796 Θερμοῦ
251 2761 281 2787 τὸ
305 2760 472 2794 Θερμαίνειν.
490 2759 522 2785 Ἣ
545 2759 573 2785 δὲ
594 2759 705 2796 τοιαύτη
729 2759 853 2795 ἐνέργεια

78 2809 136 2843 πρὸς
161 2815 188 2833 τι
205 2807 317 2841 φέρεται
341 2806 414 2837 τέλος
430 2813 436 2821 ·
455 2805 532 2831 τοῦτο
547 2805 568 2831 δ’
593 2806 625 2832 ἂν
648 2805 692 2840 εἴη
715 2805 744 2831 τὺ
759 2806 853 2840 νοητὸν

234 2855 366 2886 Ρλτιωι..
390 2855 448 2886 Gn.
467 2854 559 2884 CLX.

917 2210 965 2238 Dei
982 2211 1137 2244 praestantia
1157 2214 1185 2237 et
1222 2209 1414 2244 perfectiones,
1448 2210 1624 2244 quantumvis
1648 2210 1702 2237 im-

917 2264 1011 2285 "tensa
1030 2257 1129 2284 distent
1145 2255 1416 2291 prmcellcntiaﬁiaud
1432 2256 1510 2282 aliter
1527 2257 1552 2282 in
1571 2257 1625 2283 Deo
1638 2262 1700 2285 sunt

916 2302 994 2330 aliter
1014 2303 1041 2330 in
1057 2303 1178 2330 homine.
1198 2302 1250 2330 Sed
1265 2303 1462 2336 incorporeitas
1486 2307 1513 2330 et
1529 2303 1699 2330 immateriao

917 2349 990 2380 litas,
1008 2356 1069 2376 cum
1090 2349 1209 2377 materia!
1226 2354 1250 2376 el
1265 2349 1387 2384 corporis
1400 2348 1456 2376 sint
1478 2350 1597 2384 negatio,
1617 2349 1699 2378 facile

915 2395 943 2421 in
960 2395 1069 2422 homine
1083 2398 1194 2429 patent;
1209 2394 1417 2429 intelliglbilitas
1436 2402 1501 2422 vero
1518 2403 1579 2430 quae
1611 2403 1694 2422 natu-

916 2447 973 2467 ram
983 2445 1008 2467 et
1020 2444 1125 2467 natura:
1138 2440 1192 2467 vim
1206 2441 1233 2467 in
1246 2440 1336 2468 anima
1347 2441 1492 2468 constituit
1503 2449 1558 2468 non
1569 2441 1697 2469 omnibus

915 2487 953 2514 ita
967 2486 1042 2514 ultro
1056 2486 1224 2519 declaratur.
1240 2486 1289 2513 sed
1305 2486 1473 2515 discretione
1489 2488 1607 2522 quadam
1623 2496 1694 2524 opus

914 2536 967 2560 est.
984 2533 1078 2568 Itaque
1095 2531 1177 2560 homo
1192 2538 1253 2559 cum
1266 2532 1406 2560 intellectu
1420 2538 1526 2561 constet
1541 2535 1692 2562 secundum

914 2579 1046 2610 animam.
1076 2583 1204 2613 tanquam
1233 2583 1323 2606 actum
1352 2579 1435 2607 baltei
1466 2580 1696 2618 intelligentiam;

912 2626 1070 2653 intellectus
1090 2626 1162 2652 enim
1184 2629 1262 2653 actus
1275 2629 1318 2652 est
1333 2625 1493 2661 intelligere,
1510 2629 1583 2655 sicut
1597 2629 1696 2658 caloris

913 2670 1073 2698 calefacere.
1086 2671 1122 2697 At
1143 2670 1277 2705 ejusmodi
1294 2673 1372 2698 actus
1387 2671 1419 2698 ad
1444 2674 1588 2706 quemdam
1613 2675 1693 2703 ﬁnem

913 2716 1019 2749 tendit;
1035 2717 1139 2744 scilicet
1155 2717 1329 2752 intelligibile
1342 2723 1371 2744 ut
1389 2718 1447 2744 fluis
1458 2719 1617 2754 intelligenti
1628 2729 1693 2756 pro-

911 2763 1039 2797 positum.
1050 2762 1228 2799 intelligentia
1243 2772 1334 2792 verum
1346 2765 1458 2792 interest
1479 2767 1555 2799 quasi
1570 2769 1692 2802 quaedam

911 2809 1064 2836 communis
1086 2816 1152 2837 ansa
1166 2834 1168 2836 .
1182 2814 1331 2845 utrumque
1355 2811 1543 2846 coniungens;
1561 2820 1621 2847 quae
1634 2816 1694 2849 qui.

1486 2860 1520 2891 19
