1879 3060
174 92 223 125 591

704 93 896 127 GENNADII
916 95 970 129 (ΣΡ.
994 96 1252 132 ΡᾹΤΗΙᾹΒΟΗᾸΞ
1284 95 1288 99 Α

1748 105 1799 137 592

175 158 239 178 vero
258 158 342 178 unum
362 155 427 179 sunt
440 155 468 178 et
487 151 595 179 sibimet
623 151 738 180 invicem
758 157 785 180 et
812 153 960 181 intellectui

1029 155 1091 191 όγος
1117 158 1163 185 νοῦ
1189 159 1235 185 καὶ
1251 159 1344 195 νοητοῦ
1371 161 1469 193 παντός
1493 162 1566 189 ἐστιν
1583 163 1669 194 αἴτιος
1691 164 1721 190 ἐν
1743 166 1798 196 τοῖς

175 197 346 231 producenti.
375 197 500 225 Divinum
532 203 623 226 autem
650 199 764 226 verbum
793 199 854 234 (seu
877 199 958 235 ratio)

173 243 293 278 cujusvis
318 243 470 271 intellectus
501 247 527 271 et
558 244 735 280 intelligibilis
762 251 846 272 causa
866 250 904 272 est
933 245 959 272 in

174 289 291 321 mitibus,
303 289 450 323 omnisque
461 289 621 316 substantia
638 289 720 316 simul
734 295 762 317 et
775 294 889 317 naturae.
901 289 959 316 Non

172 334 245 362 enim
257 334 432 369 producentis
449 339 552 362 tantum
566 334 732 366 intellectus,
748 335 795 362 sed
808 339 835 362 et
847 343 959 371 operum

173 388 234 415 qum
251 388 299 415 per
324 382 414 416 ipsum
445 385 646 415 cognoscuntur
672 380 706 408 ad
733 384 808 408 extra
829 376 960 408 naturalis

173 430 215 454 est
244 426 408 455 similitudo.
438 425 637 454 Unde‘innata
665 425 816 453 similitudo
848 431 960 453 vocatur

173 472 352 508 generatricis
368 471 521 499 intellectus
534 475 560 498 et
574 478 682 505 semper
706 471 873 506 generantis,
899 471 960 498 ideo

175 525 239 545 vero
264 521 464 545 creaturarum.
490 516 558 544 [line
587 516 658 552 apud
685 515 769 543 Deum
792 521 819 543 et
844 523 878 543 ex
906 515 960 543 Deo

174 563 241 590 illud
259 563 360 591 dicitur
371 571 440 597 esse,
463 571 510 598 per
529 563 617 597 ipsum
642 566 733 589 autem
759 561 829 590 facta
857 562 958 590 omnia.

174 609 213 636 Ita
231 614 258 636 et
268 609 358 636 omnis
374 609 437 636 boni
451 615 534 635 causa
549 607 658 635 entibus
682 608 792 635 divinus
817 612 857 634 est
871 614 957 640 amor,

174 655 200 681 id
214 659 266 688 est,
279 654 398 689 Spiritus
425 657 554 687 sanctus;
575 654 666 681 omnia
696 660 815 687 namque
839 654 960 681 continet.

173 703 200 726 et
215 699 247 726 ad
259 699 360 726 bonum
379 699 524 726 convertit.
542 698 697 726 :Praeterea
725 706 786 725 cum
814 698 866 726 illis
889 706 959 726 unus

173 750 215 772 est
230 746 300 772 Deus
312 749 338 772 et
351 749 511 772 cunctorum
525 745 628 772 emium
638 750 762 777 creator;
777 745 959 779 universaque

173 799 186 817 a
201 790 340 825 primariis
354 791 512 817 ultimorum
527 794 605 817 tenus
618 797 700 825 opera
727 794 790 816 sunt
812 794 839 817 et
855 791 958 817 manci-

174 835 216 869 pia
231 835 313 862 unius
325 834 370 862 Dei
383 842 416 861 ac
431 834 458 861 in
475 835 534 869 ipso
549 835 700 870 congenitm
714 834 869 862 Trinitatis.

210 881 250 908 Re
264 881 347 916 igitur
359 881 418 916 ipsa
433 881 511 908 beata
527 885 554 908 et
567 881 658 908 divina
681 880 803 909 Trinitas
835 881 960 908 humanae

172 927 305 955 trinitatis
342 935 424 955 causa
466 931 532 960 est;
562 931 663 954 nostrai
704 923 794 955 autem
837 928 961 955 inmane

170 971 504 1008 COgnitioniquasieausa
518 977 561 1000 est
588 973 698 1001 trinitas
731 974 811 1000 nobis
847 973 955 1008 propria

171 1026 225 1046 cur
241 1023 269 1047 et
285 1019 357 1046 illam
379 1019 469 1054 aliqua
489 1026 703 1054 cognoscamus;
720 1023 750 1046 ut
772 1019 828 1054 jam
862 1019 960 1046 exinde

172 1065 264 1092 divina
280 1073 339 1100 qure
356 1065 435 1093 nobis
463 1066 534 1093 inest
548 1065 666 1101 imagine
685 1064 739 1092 l'rui
764 1065 902 1100 possimus
933 1069 959 1091 et

170 1118 219 1144 per
236 1111 308 1137 illam
325 1112 445 1138 omnium
461 1119 572 1138 causam
589 1119 749 1147 agnoscere,
777 1118 867 1138 veram
885 1119 959 1138 nem-

173 1164 206 1192 pe
225 1162 253 1184 ιιι
279 1157 456 1192 principalem
477 1157 649 1186 Trinitatem.
666 1157 729 1185 Haec
756 1157 792 1184 ita
823 1157 960 1192 loquimur

171 1206 282 1238 propter
298 1211 346 1230 eos
362 1203 408 1238 qui
423 1203 581 1238 imperfecte
600 1203 691 1231 adhuc
706 1203 828 1231 sentiunt
847 1207 875 1230 et
890 1211 958 1238 qna-

172 1250 194 1276 si
215 1249 261 1284 qui
276 1250 386 1277 vixdum
404 1250 560 1277 initiantur.
582 1249 636 1277 Illis
655 1257 722 1277 vero
746 1250 791 1284 qui
811 1250 959 1284 periei-tius

169 1296 282 1323 novisse
291 1295 462 1322 contendunt
476 1300 523 1322 aut
535 1295 626 1322 divina
638 1300 819 1330 perCeperunt
833 1302 957 1328 munera,

171 1342 242 1376 quod
260 1341 373 1368 omnino
385 1345 513 1376 praestat,
526 1341 682 1368 accuratius
700 1341 764 1368 inde
784 1348 845 1376 qum
867 1341 894 1367 in
911 1347 959 1367 no-

172 1387 214 1414 bis
226 1392 268 1414 est
281 1387 388 1414 trinitis
401 1387 574 1414 innostescit.
589 1387 665 1414 Unde
681 1387 718 1414 ni!
734 1387 835 1414 mirum
852 1387 875 1414 si
891 1387 959 1414 mul-

171 1437 214 1458 tos
226 1431 307 1459 lateat
323 1432 414 1459 divina
431 1431 625 1463 Trinitas,cum
644 1439 730 1466 neque
742 1432 880 1467 propriam
908 1440 958 1459 na-

175 1483 265 1504 turam
278 1485 374 1505 omnes
383 1478 474 1505 norint
497 1482 544 1504 aut
567 1485 648 1505 nosse
669 1477 787 1505 valeant.
805 1478 859 1505 Nec
876 1478 957 1505 etiam

171 1524 331 1551 mirandum
361 1523 395 1550 de
407 1523 521 1558 reliquis
532 1523 693 1560 dili‘erentiis
701 1523 917 1558 exemplarinter
933 1529 959 1551 et

171 1571 320 1605 imaginem
336 1570 477 1597 trinitatis.
486 1569 564 1602 Nam,
576 1574 605 1596 ιιι
617 1570 673 1604 jam
691 1570 819 1601 diximus,
828 1570 899 1603 quod
910 1570 960 1597 Ιιο-

171 1623 215 1644 mo
228 1618 264 1644 sit
279 1616 333 1643 Deo
347 1616 456 1647 similis,
466 1616 491 1642 id
506 1615 575 1643 ratio
588 1615 706 1650 postulat
721 1620 748 1643 et
758 1615 845 1643 Moses
858 1617 960 1642 contir-

172 1667 228 1689 mat
239 1668 266 1689 et
278 1662 411 1696 quotlibet
427 1662 479 1689 alia
496 1663 522 1689 in
537 1662 607 1689 idem
621 1666 803 1695 conveniunt;
819 1669 850 1689 ac
864 1663 959 1689 similis

168 1709 276 1743 quidem
295 1708 408 1734 trinitati
419 1708 587 1735 internorum
599 1713 722 1740 actuum,
738 1715 786 1742 per
799 1716 867 1743 quos
877 1708 958 1736 bomo

168 1758 251 1782 estet
285 1753 350 1781 vivit
376 1754 526 1780 secundum
557 1753 686 1785 animam,
716 1759 883 1789 caaterasquc
913 1755 958 1782 Dei

170 1803 309 1827 creaturas
326 1803 446 1833 Superat.
469 1799 554 1826 Porro
567 1799 595 1826 in
611 1798 665 1826 Deo
675 1798 794 1827 Trinitas
804 1807 864 1827 esse
878 1800 958 1827 debet

169 1846 395 1880 supernaturalis,
426 1847 542 1873 creatori
557 1853 677 1873 consona
704 1853 736 1873 ac
763 1853 876 1881 prorsus
904 1845 957 1873 Deo

168 1893 267 1928 digna;
283 1892 311 1919 in
330 1891 440 1919 homine
453 1899 526 1925 vero,
548 1897 790 1926 proutcreaturam
808 1894 895 1925 decet,
907 1893 956 1919 in—

168 1939 262 1966 ferior.
277 1938 369 1966 Primo
399 1939 501 1965 etenim
519 1938 629 1966 divinus
652 1939 809 1967 intellectus
826 1944 867 1967 est
883 1947 956 1967 sem-

169 1993 216 2020 per
231 1986 256 2012 in
271 1990 345 2016 actu,
361 1988 497 2019 quatenus
513 1990 614 2012 teterno
632 1990 659 2012 et
683 1986 788 2013 iniinito
813 1985 956 2021 congruit;

172 2032 307 2057 humanus
327 2037 342 2057 e
360 2033 455 2057 contra
470 2038 484 2056 a
502 2030 555 2057 Deo
569 2035 678 2058 creatus
698 2032 853 2060 virlualiter
867 2033 957 2068 quoad

172 2075 281 2102 initium
303 2082 381 2110 aeque
392 2079 437 2102 est
453 2075 479 2102 in
493 2076 620 2104 omnibus
639 2077 671 2104 ad
687 2085 716 2104 ea
734 2078 876 2106 ordinatus
898 2087 958 2114 qua:

169 2126 285 2156 possunt
298 2121 411 2157 intelligi
426 2126 453 2149 ct
467 2121 499 2149 ad
515 2122 711 2157 intelligentem
741 2131 788 2158 per
813 2130 844 2150 ea
876 2125 957 2159 perii-

167 2168 313 2201 ciendum;
328 2175 359 2195 ac
384 2172 477 2203 postea
494 2168 520 2195 in
535 2173 597 2195 actu
617 2169 647 2195 lit
671 2176 704 2195 ex
728 2176 823 2195 eorum
845 2170 952 2202 notitia,
970 2185 992 2213 ο

169 2214 289 2242 collectis
321 2214 347 2240 in
365 2214 426 2250 ipso
455 2214 598 2249 speciebus
623 2214 675 2241 alia
695 2219 757 2248 post
786 2213 877 2246 aliam,
907 2222 953 2249 per

169 2261 240 2289 viam
259 2261 364 2288 scilicet
396 2260 599 2288 abstractionis.
613 2260 725 2288 ‘lterum
755 2261 872 2287 humana
886 2262 954 2287 ratio

165 2306 238 2342 apud
253 2307 375 2341 singulos
394 2307 488 2335 multis
505 2307 649 2342 speciebus
684 2307 822 2335 eﬂ'orntata
835 2307 954 2341 comple~

168 2359 223 2387 tur,
236 2363 306 2389 quae,
320 2358 347 2381 ut
361 2354 462 2381 dictum
476 2359 527 2387 est,
537 2354 607 2389 apud
621 2360 841 2388 unumquemque
855 2356 955 2380 coeunt

168 2407 218 2435 pro
234 2400 397 2427 liabitudinis
409 2399 499 2427 modo.
514 2399 609 2426 Divina
623 2404 713 2426 autem
730 2399 801 2426 ratio
811 2405 863 2425 una
877 2401 917 2425 est
928 2403 955 2425 et

165 2447 368 2481 simplicissima
384 2446 488 2481 species
509 2445 720 2480 simplicissima}
736 2445 762 2471 in
775 2445 863 2479 primo
876 2444 953 2470 intel-

164 2493 259 2528 ligibili
274 2492 470 2527 intelligentiae.
487 2491 553 2518 Nam
569 2491 677 2518 dirinus
696 2491 862 2528 intellectus,
875 2490 954 2517 Pater

163 2541 277 2573 scilicet,
307 2547 360 2566 una
381 2538 533 2572 cadentque
553 2537 732 2573 intelligentia
747 2537 839 2564 omnia
851 2542 951 2564 aeterne

163 2586 249 2618 novit,
269 2589 296 2612 ct
313 2584 435 2618 seipsnni
451 2583 628 2618 intelligendo
650 2583 845 2617 intelligibilem
871 2590 949 2610 suam

163 2638 281 2665 spectent
297 2630 406 2656 sibimet
418 2628 523 2662 objicit,
553 2636 652 2662 nempe
670 2627 802 2656 Verbum.
828 2627 947 2655 Verbum

163 2685 251 2705 autem
267 2678 384 2703 novitac
416 2676 536 2711 scipsum
548 2675 640 2702 simul.
670 2676 704 2702 At
732 2680 829 2702 caetera
867 2675 948 2702 etiam

163 2729 238 2751 extra
261 2731 290 2750 se
309 2723 394 2755 novit,
424 2727 554 2749 aeternum
585 2722 695 2757 quidem
740 2722 892 2757 intelligetis
921 2725 950 2748 ιιι

164 2773 254 2798 l'utnra
293 2771 316 2797 vi
351 2771 476 2804 potentia:
516 2778 592 2802 suat,
630 2772 657 2797 in
694 2769 813 2797 futurum
858 2774 885 2795 ut
917 2769 949 2795 ad

165 2823 282 2850 praesens
301 2816 478 2850 intelligentia
495 2824 524 2844 se
542 2820 682 2849 movente;
704 2824 808 2843 necnon
833 2820 861 2843 et
887 2823 949 2848 pr0<

1010 198 1071 228 οὖσι
1085 202 1132 229 καὶ
1150 203 1240 240 πάσης
1255 205 1349 237 ἁπλῶς
1372 206 1467 238 οὐσίας
1489 208 1537 234 καὶ
1553 208 1662 242 φύσεως
1674 216 1681 224 ·
1696 208 1728 235 οὗ
1746 209 1798 244 γὰρ

1011 244 1057 272 τοῦ
1084 247 1249 282 προάγοντος
1270 249 1315 276 »οὗ
1342 250 1432 285 μόνον,
1449 252 1517 278 ἀλλὰ
1530 253 1577 280 καὶ
1597 253 1651 280 τῶν
1666 254 1702 280 δι’
1718 254 1800 281 αὑτοῦ

978 326 980 329 Ι
1012 292 1165 326 νοουμένων
1182 293 1271 328 ἔργων
1290 295 1343 328 ἔξω
1356 296 1437 323 αὐτοῦ
1452 298 1574 332 πέφυκεν
1585 299 1727 334 όμοιότηςυ
1739 299 1799 326 ὄθεν

1013 335 1095 363 εἰκὼν
1116 338 1166 373 μὲν
1184 339 1303 374 ἔμφυτος
1329 342 1437 376 λέγεται
1467 343 1514 370 τοῦ
1544 345 1730 380 γεννήσαντος
1755 345 1802 372 νοῠ

1012 383 1058 408 καὶ
1070 383 1114 409 ἀεὶ
1131 384 1290 418 γεννῶντος,
1303 386 1359 413 ἰδέα
1375 387 1402 413 δὲ
1418 387 1471 414 τῶν
1485 389 1655 422 κτισμάτων,
1670 391 1719 416 καὶ
1733 390 1803 424 προς

1011 429 1058 455 τὸν
1076 429 1142 456 Θεὸν
1163 431 1213 465 μὲν
1230 432 1311 464 αὐτὸς
1339 432 1408 460 εἶναι
1428 435 1475 460 καὶ
1498 435 1546 461 τοῦ
1563 435 1642 467 Θεοῦ,
1660 436 1752 463 πάντα
1774 436 1804 463 δὲ

1008 475 1044 501 ’δι’
1067 475 1149 502 αὐτοῦ
1165 479 1322 512 γεγονέναι’
1340 480 1425 506 αῐτιον
1447 480 1476 507 δὲ
1501 482 1602 514 παντὸς
1619 481 1727 516 ἀγαθοῦ
1745 484 1805 514 τοῖς

1011 519 1089 548 οὖσιν
1115 523 1191 550 ἐστιν
1210 525 1226 558 ἡ
1247 523 1306 552 θεία
1328 525 1434 561 ἀγάπη,
1447 526 1477 553 τδ
1493 527 1607 563 Πνεῦμα
1629 527 1757 562 δηλονότι
1772 527 1805 555 τδ

1011 567 1098 602 ἅγιον,
1114 570 1219 605 συνέχει
1236 572 1290 606 γὰρ
1311 571 1399 598 πάντα
1415 574 1462 599 καὶ
1485 574 1643 608 ἐπιστρέφει
1660 574 1731 610 πρὸς
1754 576 1806 602 τά-

1009 615 1103 648 γαθόν.
1122 616 1176 642 Καὶ
1198 616 1241 643 διὰ
1255 616 1334 644 τοῦτο
1357 618 1416 652 μετ’
1431 618 1521 645 αὐτῶν
1538 617 1577 651 εἷς
1594 621 1652 646 ἐστι
1667 620 1735 652 Θεὸς
1753 622 1805 648 καὶ

1010 661 1174 698 δημιουργὸς
1190 663 1204 690 ὁ
1219 664 1311 699 πατὴρ
1327 664 1455 692 ἁπάντων
1469 665 1524 692 τῶν
1534 665 1630 700 ὄντων,
1645 667 1693 693 καὶ
1709 667 1803 695 πάντα

994 706 1043 732 lx
1061 706 1116 732 τῶν
1136 706 1252 741 πρώτων
1264 708 1328 743 ἄχρι
1343 709 1391 735 καὶ
1407 710 1460 737 τῶν
1476 710 1598 746 ἐσχάτων
1614 711 1684 746 ἔργα
1701 721 1731 738 τε
1751 714 1802 739 καὶ

1010 751 1092 779 δοῦλα
1107 752 1154 779 τοῦ
1167 753 1226 785 ἑνός
1239 755 1292 782 εισι
1305 754 1373 782 Θεοῦ
1390 755 1438 782 καὶ
1455 756 1504 791 τῆς
1521 757 1549 784 ὲν
1565 756 1638 792 αὐτῷ
1654 757 1804 793 συμφύτου

1011 799 1134 834 Τριὰὃος.

1050 882 1094 916 Τῷ
1109 883 1159 917 μὲν
1176 883 1222 910 οὖν
1238 884 1380 918 πράγματι
1394 885 1468 911 alsia
1488 885 1561 912 ἐστὶν
1576 887 1592 922 ἡ
1608 887 1731 923 μακαρία
1751 887 1805 914 καὶ

1013 926 1071 953 θεία
1089 927 1171 962 Τριὰς
1182 928 1232 962 τῆς
1247 929 1275 955 ὲν
1290 928 1426 965 ἀνθρώπῳ
1437 931 1545 965 τριάδος
1560 939 1567 945 ·
1581 932 1614 967 τῇ
1638 931 1661 958 δ’
1675 931 1805 969 ἡμετέρᾲ

1012 972 1065 998 τῶν
1080 972 1230 1006 ἀνθρώπιον
1244 973 1343 1007 γνώσει
1354 975 1370 1009 ὴ
1382 975 1446 1010 παρ’
1458 975 1522 1010 ἡμῖν
1536 977 1613 1011 τριὰς
1635 977 1722 1004 αἴτιόν
1739 986 1804 1011 πως

1011 1018 1057 1045 τοῦ
1084 1019 1213 1051 κάκείνην
1235 1019 1272 1051 ὼς
1302 1016 1357 1046 οἶόν
1386 1029 1416 1046 τε
1442 1021 1634 1055 γινώσκεσθαι,
1657 1023 1695 1054 ὼς
1719 1024 1805 1051 τοῦτο

1012 1064 1119 1099 πρῶτον
1133 1064 1281 1092 ἀπολαύειν
1299 1065 1371 1100 ἔχειν
1393 1067 1464 1102 ἡμᾶς
1482 1067 1531 1100 τῆς
1555 1068 1659 1095 ἐκεῖθεν
1676 1070 1704 1095 ὲν
1731 1071 1803 1105 ἡμῖν

1011 1111 1124 1141 εἰκόνος,
1135 1110 1166 1136 τὸ
1179 1110 1310 1138 δύνασθαι
1321 1111 1355 1137 δι’
1374 1111 1459 1146 αὐτῆς
1475 1112 1524 1147 τὴν
1535 1113 1622 1148 ἀληθῆ
1649 1115 1696 1141 καὶ
1723 1115 1805 1150 πρώ-

1010 1163 1060 1190 την
1076 1156 1177 1182 καὶτοῦ
1195 1157 1291 1187 παντὸς
1304 1157 1393 1184 αἰτίαν
1406 1158 1503 1185 ειδέναι
1520 1158 1633 1193 Τριάδα.
1661 1161 1744 1187 Τουτὶ
1771 1163 1803 1188 δέ

1012 1209 1100 1235 φαμεν
1128 1203 1192 1236 περὶ
1212 1201 1266 1228 τῶν
1293 1202 1396 1234 ἀτελῶς
1425 1202 1464 1230 ἔτι
1489 1204 1622 1230 νοούντων
1638 1206 1688 1232 κάν
1698 1208 1730 1241 τῇ
1743 1207 1804 1234 τῶν

1011 1246 1195 1281 εἰσαγομένων
1206 1247 1283 1279 τάξει
1293 1256 1300 1264 ν
1312 1249 1367 1280 τοῖς
1381 1249 1411 1275 δὲ
1424 1249 1586 1287 τελεώτερον
1598 1253 1803 1291 ἐσπουδακόσιν

1011 1291 1108 1318 εἰδέναι
1122 1291 1139 1326 ἢ
1156 1291 1229 1327 δῶρα
1244 1294 1276 1319 ὲκ
1289 1293 1356 1320 Θεοῦ
1372 1294 1520 1329 εἰληφόσιν,
1543 1295 1558 1322 δ
1572 1297 1618 1324 καὶ
1647 1298 1717 1325 πάνυ
1739 1300 1804 1334 μετ-

1010 1337 1056 1368 ζον
1074 1338 1156 1370 ἐστιν,
1174 1338 1305 1374 ὲκεῖθενή
1326 1340 1354 1366 ὲν
1367 1340 1433 1376 ἡμῖν
1448 1341 1642 1378 ἀκριϐέστερον
1655 1348 1803 1373 κατανοεῖ-

1009 1393 1053 1411 ται
1067 1385 1165 1420 τριάς·
1181 1385 1242 1413 ὅθεν
1270 1386 1346 1414 οὐδὲν
1370 1387 1539 1423 θαυμαστὸν,
1572 1390 1597 1416 ει
1628 1391 1719 1418 πολλοὶ
1747 1392 1802 1429 τὴν

1010 1429 1085 1456 θείαν
1100 1430 1227 1464 ἀγνοοῦσι
1240 1430 1354 1465 Τριάδα,
1370 1433 1427 1467 εἴγε
1452 1433 1520 1468 μηδὲ
1554 1436 1654 1467 πάντες
1679 1437 1728 1469 τὴν
1757 1439 1801 1465 ol-

1010 1476 1087 1502 κείαν
1104 1477 1217 1512 οῑδσσιῆ
1234 1477 1333 1504 ειδέναι
1355 1478 1445 1513 ἔχουσι
1465 1479 1555 1514 φύσιν.
1577 1482 1614 1508 Οὐ
1628 1482 1711 1509 δεῖδὲ
1726 1483 1798 1510 θαυ-
1822 1502 1831 1510 .

972 1511 993 1540 (ἶ
1013 1520 1109 1555 μάζειν
1123 1522 1186 1557 περὶ
1198 1511 1253 1549 τῶν
1271 1523 1357 1550 ἄλλων
1370 1511 1510 1559 ξιαφόριιιν
1519 1525 1569 1561 τῆς
1590 1527 1619 1553 ἐν
1635 1527 1673 1562 τῷ
1704 1537 1799 1564 παρα-

1010 1567 1136 1602 δείγματι
1149 1568 1197 1595 καὶ
1214 1569 1247 1604 τῇ
1266 1570 1350 1596 εικόνι
1379 1570 1496 1605 τριάδος.
1522 1571 1637 1606 Εἴρηται
1661 1574 1725 1608 γὰρ,
1758 1575 1800 1608 ὡς

1010 1612 1167 1647 ὼμοιῶσθαι
1198 1614 1247 1649 μὲν
1273 1614 1310 1650 τῷ
1340 1615 1399 1650 Θεῷ
1422 1616 1468 1642 τὸν
1489 1617 1630 1651 ἄνθρωπον
1643 1619 1657 1646 ὅ
1673 1628 1703 1646 τε
1716 1620 1799 1655 λόγος

1010 1661 1121 1686 ἀπαιτεῖ
1135 1661 1182 1687 καὶ
1198 1661 1214 1695 ἡ
1229 1661 1276 1688 τοῦ
1293 1661 1415 1694 Μωσέως
1435 1662 1557 1696 ἀξίωσις,
1579 1665 1625 1690 καὶ
1652 1665 1702 1692 ὅσα
1727 1667 1799 1694 ἄλλα

1009 1706 1094 1741 ταύτῃ
1112 1707 1261 1742 συντρέχει,
1274 1708 1320 1734 καὶ
1333 1708 1491 1743 ὡμοιῶσθαι
1517 1711 1549 1745 τῇ
1567 1711 1655 1746 τριάδι
1669 1712 1724 1739 τῶν
1756 1713 1800 1739 ὲν-

1008 1752 1124 1786 δοτέρων
1137 1753 1290 1787 ἐνεργειῶν,
1323 1751 1366 1786 αἷς
1388 1754 1530 1789 ἄνθρωπός
1555 1756 1612 1782 ἐστι
1638 1765 1667 1783 τε
1696 1759 1744 1785 καὶ
1761 1759 1796 1796 ζῇ

1009 1799 1080 1825 κατὰ
1094 1799 1143 1834 τὴν
1155 1799 1243 1834 ψυχὴν
1257 1800 1302 1826 καὶ
1317 1800 1371 1827 τῶν
1384 1801 1471 1828 ἄλλων
1485 1801 1532 1828 τοῦ
1548 1802 1615 1829 Θεοῦ
1635 1806 1798 1840 κτισμάτων

1009 1843 1130 1878 προέχει.
1147 1845 1192 1870 Δεῖ
1207 1844 1234 1871 δὲ
1250 1846 1277 1871 ἐν
1293 1845 1342 1880 μὶν
1357 1846 1396 1880 τῷ
1410 1845 1470 1881 Θεῷ
1483 1846 1531 1882 τὴν
1546 1847 1650 1882 Τριάδα
1666 1849 1798 1884 ὑπερφυᾶ

1008 1897 1037 1916 τε
1053 1890 1099 1916 καὶ
1114 1891 1212 1925 ποιητῇ
1230 1890 1388 1925 πρέπουσαν
1401 1889 1470 1918 εἶναι
1488 1892 1534 1918 iui.
1547 1892 1615 1925 ὅλως
1639 1893 1795 1931 θεοπρεπῆ,

1008 1936 1036 1961 ὲν
1049 1935 1185 1971 ἀνθρώπῳ
1197 1936 1225 1963 δὲ
1240 1937 1309 1970 μετὰ
1327 1937 1375 1972 τῆς
1390 1938 1428 1973 τῷ
1447 1938 1574 1973 κτίσματι
1600 1941 1796 1978 προσηκούσης

1009 1981 1140 2016 ὑφέσεως.
1171 1982 1274 2009 Αὐτίκα
1292 1983 1346 2017 γὰρ
1372 1983 1386 2009 ὁ
1417 1983 1467 2017 μὲν
1497 1984 1567 2016 θεῖος
1592 1986 1655 2017 νοῦς
1668 1988 1796 2026 ἐνεργείᾳ

1008 2027 1082 2053 ἐστὶν
1111 2028 1164 2060 ἀεὶ,
1184 2028 1221 2059 ὡς
1237 2028 1313 2064 ἀϊδίῳ
1322 2029 1369 2056 καὶ
1384 2030 1490 2066 ἀπείρῳ
1505 2032 1648 2067 προσήκει,
1671 2036 1685 2061 ὁ
1709 2035 1737 2062 δέ
1761 2045 1814 2070 ys,-

1007 2074 1176 2108 ἀνθρώπινος
1190 2075 1401 2110 δημιουργηθεῖς
1411 2077 1443 2102 ὲκ
1457 2077 1525 2105 Θεοῦ
1538 2078 1651 2113 δυνάμει
1667 2082 1718 2114 μὲν
1733 2082 1794 2110 ἔστι

1007 2121 1056 2153 τὴν
1070 2119 1155 2154 ἀρχὴν
1167 2121 1195 2146 ὲν
1209 2121 1292 2146 πᾶσιν
1307 2120 1461 2156 ἀνθρώποις
1478 2124 1578 2159 ὁμοίως
1596 2126 1664 2161 πρὸς
1685 2127 1720 2154 τὰ
1745 2137 1792 2155 νο-

1007 2165 1093 2191 εῖσθαι
1107 2165 1242 2200 δυνάμενα
1255 2167 1301 2192 καὶ
1316 2167 1384 2202 πρὸς
1395 2168 1425 2194 τὺ
1435 2168 1470 2195 δι’
1485 2170 1598 2197 ἐκείνων
1619 2172 1791 2203 τελειοῦσθαι

1007 2210 1127 2242 νοοῦντα,
1143 2210 1310 2248 ἐνεργειαίγ
1327 2212 1441 2249 ὕστερον
1455 2215 1559 2248 γίνεται
1573 2218 1606 2252 τῇ
1621 2219 1684 2253 περὶ
1699 2220 1791 2248 αὐτῶν
1806 2211 1808 2214 ν

1005 2257 1157 2292 ἐπιστήμῃ,
1174 2257 1375 2293 ἀθροιζομένων
1392 2261 1421 2287 ὲν
1437 2261 1511 2297 αὐτῷ
1526 2263 1579 2290 τῶν
1601 2263 1679 2292 εἱδῶν
1707 2265 1789 2294 ἄλλου

1007 2303 1064 2337 μετ’
1080 2303 1143 2330 ἄλλο
1158 2305 1191 2339 τῇ
1206 2304 1258 2340 ὁδῷ
1272 2313 1303 2339 γε
1317 2305 1368 2340 τῆς
1382 2307 1562 2342 ἀφαιρέσεως.
1589 2310 1643 2337 Καὶ
1656 2310 1734 2345 λόγος
1756 2310 1790 2340 αὖ

1004 2352 1017 2376 ό
1033 2349 1082 2385 μὲν
1096 2350 1264 2386 ἀνθρώπινος
1277 2353 1305 2378 ὲν
1326 2352 1433 2388 ἑκάστῳ
1447 2354 1554 2386 πολλοῖς
1570 2356 1652 2382 εἴδεσι
1669 2358 1791 2392 μορφοῦ-

1006 2405 1084 2431 μενος
1104 2397 1307 2432 συμπληροῦται
1317 2399 1520 2433 συναγομένοις,
1537 2400 1574 2432 ὠς
1589 2402 1706 2437 εἴρηται,
1720 2404 1788 2431 κατὰ

1007 2443 1104 2478 μικρὸν
1115 2443 1143 2469 ἐν
1159 2443 1233 2478 αὐτῷ
1253 2444 1299 2470 καὶ
1314 2443 1422 2470 συνοῦσι
1436 2445 1528 2472 λοιπὶν
1551 2447 1590 2481 τῷ
1615 2448 1708 2483 τρόπῳ
1740 2449 1790 2485 τῆς

1004 2488 1088 2519 ἕξεως
1101 2496 1109 2503 ·
1128 2488 1179 2514 ὀδὲ
1193 2488 1263 2520 θεῖος
1277 2489 1354 2523 λόγος
1369 2490 1398 2516 ἓν
1415 2490 1473 2517 ἐστι
1490 2491 1536 2518 καὶ
1551 2491 1735 2520 ἁπλούστατον
1750 2492 1789 2520 εἷ-

1004 2534 1047 2565 δος
1062 2534 1111 2568 τῆς
1131 2534 1320 2570 ἀπλουστάτης
1336 2536 1364 2561 ὲν
1380 2535 1419 2571 τῷ
1435 2535 1536 2572 πρώτῳ
1551 2537 1637 2573 νοητῷ
1650 2539 1769 2574 νοήσεως
1779 2548 1785 2554 ·

1003 2581 1017 2606 ὁ
1030 2581 1082 2616 γὰρ
1098 2581 1168 2612 Οεῖος
1182 2580 1254 2612 νοῦς,
1270 2581 1284 2606 ό
1298 2581 1393 2617 Πατὴρ
1405 2582 1536 2616 δηλονότι,
1547 2584 1597 2618 μιᾷ
1611 2585 1655 2609 καὶ
1667 2585 1700 2618 τῇ
1718 2585 1787 2621 αὐτῇ

1004 2626 1095 2660 νοήσει
1111 2625 1200 2652 πάντα
1212 2624 1305 2656 ἀῖὸξως
1321 2627 1384 2659 νοεῖ,
1399 2627 1446 2652 καὶ
1471 2627 1565 2654 ἑαυτὸν
1589 2628 1639 2662 μὲν
1667 2629 1735 2656 νοῶν
1759 2630 1788 2656 τὸ

1003 2672 1097 2705 νοητὸν
1114 2670 1258 2706 ὑφιστησιν
1270 2669 1338 2702 εἶδος
1357 2672 1454 2698 ἑαυτοῦ
1467 2672 1494 2698 δὲ
1515 2673 1583 2708 πρὸς
1600 2674 1705 2707 ἑαυτὸν,
1727 2683 1786 2703 του-

1003 2719 1076 2744 τέστι
1091 2718 1136 2744 τὸν
1152 2710 1249 2752 λόγον,
1262 2720 1317 2745 νοεῖ
1333 2719 1361 2745 δὲ
1378 2719 1423 2746 τὸν
1436 2719 1522 2751 Λόγον
1540 2720 1584 2746 καὶ
1607 2721 1703 2747 ἑαυτὸν
1731 2721 1786 2757 ἅμα

1003 2766 1067 2792 νοεῖ.
1083 2765 1149 2791 Νοεῑ
1162 2764 1189 2791 δὲ
1208 2765 1254 2791 καὶ
1270 2765 1304 2791 τὰ
1319 2766 1385 2792 ἄλλα
1415 2766 1479 2800 παρ’
1501 2767 1596 2792 ἑαυτὸν
1620 2767 1711 2798 ἁῖδίως
1741 2770 1786 2803 μὲν

1004 2812 1071 2839 νοῶν
1088 2811 1126 2842 ὡς
1141 2810 1257 2845 ἐσόμενα
1273 2812 1416 2846 περιουσίᾳ
1428 2811 1578 2851 δμνάμεως,
1598 2813 1643 2839 ἐπὶ
1664 2813 1704 2839 ⁴τδ
1729 2815 1783 2840 ἑσόι
