  <div class='ocr_page' id='page_1' title='image "/cluster/home/n/w/nwhite01/storage/ocr_20150623/160/njp.32101010941936/362.png"; bbox 0 0 1879 3060; ppageno 0'>
   <div class='ocr_carea' id='block_1_1' title="bbox 42 173 95 205">
    <p class='ocr_par' dir='ltr' id='par_1_1' title="bbox 42 173 95 205">
     <span class='ocr_line' id='line_1_1' title="bbox 42 173 95 205; baseline 0 0"><span class='ocrx_word' id='word_1_1' title='bbox 42 173 95 205; x_wconf 82' lang='grc'><strong>593</strong></span> 
     </span>
    </p>
   </div>
   <div class='ocr_carea' id='block_1_2' title="bbox 578 175 1121 207">
    <p class='ocr_par' dir='ltr' id='par_1_2' title="bbox 578 175 1121 207">
     <span class='ocr_line' id='line_1_2' title="bbox 578 175 1121 207; baseline 0.002 -2"><span class='ocrx_word' id='word_1_2' title='bbox 578 175 627 205; x_wconf 88' lang='lat' dir='ltr'><strong>DE</strong></span> <span class='ocrx_word' id='word_1_3' title='bbox 650 176 723 207; x_wconf 81' lang='grc' dir='ltr'><strong>Ι)Εο</strong></span> <span class='ocrx_word' id='word_1_4' title='bbox 744 175 783 206; x_wconf 85' lang='lat' dir='ltr'><strong>IN</strong></span> <span class='ocrx_word' id='word_1_5' title='bbox 803 175 1014 207; x_wconf 80' lang='lat' dir='ltr'><strong>TRINITATE</strong></span> <span class='ocrx_word' id='word_1_6' title='bbox 1032 175 1121 206; x_wconf 80' lang='lat' dir='ltr'><strong>UNO.</strong></span> 
     </span>
    </p>
   </div>
   <div class='ocr_carea' id='block_1_3' title="bbox 1614 175 1664 205">
    <p class='ocr_par' dir='ltr' id='par_1_3' title="bbox 1614 175 1664 205">
     <span class='ocr_line' id='line_1_3' title="bbox 1614 175 1664 205; baseline -0.02 0"><span class='ocrx_word' id='word_1_7' title='bbox 1614 175 1664 205; x_wconf 66' lang='lat'><strong>591</strong></span> 
     </span>
    </p>
   </div>
   <div class='ocr_carea' id='block_1_4' title="bbox 44 231 786 271">
    <p class='ocr_par' dir='ltr' id='par_1_4' title="bbox 44 231 786 271">
     <span class='ocr_line' id='line_1_4' title="bbox 44 231 786 271; baseline 0.001 -12"><span class='ocrx_word' id='word_1_8' title='bbox 44 241 125 268; x_wconf 81' lang='grc' dir='ltr'>μενον</span> <span class='ocrx_word' id='word_1_9' title='bbox 137 240 189 266; x_wconf 80' lang='grc' dir='ltr'><strong>της</strong></span> <span class='ocrx_word' id='word_1_10' title='bbox 200 231 317 266; x_wconf 78' lang='grc' dir='ltr'><strong>νοήσεως</strong></span> <span class='ocrx_word' id='word_1_11' title='bbox 344 233 380 265; x_wconf 78' lang='grc' dir='ltr'><strong>ὥς</strong></span> <span class='ocrx_word' id='word_1_12' title='bbox 405 234 437 269; x_wconf 81' lang='grc' dir='ltr'>δὴ</span> <span class='ocrx_word' id='word_1_13' title='bbox 456 234 548 270; x_wconf 73' lang='grc' dir='ltr'>παρὸν.</span> <span class='ocrx_word' id='word_1_14' title='bbox 563 235 716 271; x_wconf 76' lang='grc' dir='ltr'><strong>φερομένης</strong></span> <span class='ocrx_word' id='word_1_15' title='bbox 733 243 741 250; x_wconf 77' lang='grc' dir='ltr'><strong>ο</strong></span> <span class='ocrx_word' id='word_1_16' title='bbox 767 245 786 261; x_wconf 80' lang='grc' dir='ltr'><strong>νι</strong></span> 
     </span>
    </p>
   </div>
   <div class='ocr_carea' id='block_1_5' title="bbox 925 231 1667 271">
    <p class='ocr_par' dir='ltr' id='par_1_5' title="bbox 926 232 1667 270">
     <span class='ocr_line' id='line_1_5' title="bbox 926 232 1667 270; baseline -0.007 -8"><span class='ocrx_word' id='word_1_17' title='bbox 926 242 980 268; x_wconf 84' lang='lat' dir='ltr'><strong>cta,</strong></span> <span class='ocrx_word' id='word_1_18' title='bbox 998 235 1109 270; x_wconf 83' lang='lat' dir='ltr'><strong>quando</strong></span> <span class='ocrx_word' id='word_1_19' title='bbox 1124 234 1249 266; x_wconf 90' lang='lat' dir='ltr'><strong>voluerit,</strong></span> <span class='ocrx_word' id='word_1_20' title='bbox 1268 233 1408 268; x_wconf 81' lang='lat' dir='ltr'><strong>intelligit;</strong></span> <span class='ocrx_word' id='word_1_21' title='bbox 1428 240 1488 260; x_wconf 90' lang='lat' dir='ltr'><strong>cum</strong></span> <span class='ocrx_word' id='word_1_22' title='bbox 1502 232 1599 259; x_wconf 73' lang='lat' dir='ltr'><strong>divinae</strong></span> <span class='ocrx_word' id='word_1_23' title='bbox 1622 240 1667 258; x_wconf 87' lang='lat' dir='ltr'><strong>vn-</strong></span> 
     </span>
    </p>
   </div>
   <div class='ocr_carea' id='block_1_6' title="bbox 39 279 830 319">
    <p class='ocr_par' dir='ltr' id='par_1_6' title="bbox 39 279 830 319">
     <span class='ocr_line' id='line_1_6' title="bbox 39 279 830 319; baseline 0.006 -14"><span class='ocrx_word' id='word_1_24' title='bbox 39 279 67 305; x_wconf 78' lang='grc' dir='ltr'>δὲ</span> <span class='ocrx_word' id='word_1_25' title='bbox 83 281 127 306; x_wconf 76' lang='grc' dir='ltr'>ὅτε</span> <span class='ocrx_word' id='word_1_26' title='bbox 144 279 262 315; x_wconf 75' lang='grc' dir='ltr'>ἠθέλησε</span> <span class='ocrx_word' id='word_1_27' title='bbox 290 281 336 307; x_wconf 75' lang='grc' dir='ltr'><strong>καὶ</strong></span> <span class='ocrx_word' id='word_1_28' title='bbox 365 283 560 317; x_wconf 77' lang='grc' dir='ltr'><strong>γεγεννημένα,</strong></span> <span class='ocrx_word' id='word_1_29' title='bbox 589 283 657 319; x_wconf 72' lang='grc' dir='ltr'>ἔργα</span> <span class='ocrx_word' id='word_1_30' title='bbox 683 283 732 318; x_wconf 81' lang='grc' dir='ltr'>τῆς</span> <span class='ocrx_word' id='word_1_31' title='bbox 756 283 830 315; x_wconf 81' lang='grc' dir='ltr'>θείας</span> 
     </span>
    </p>
   </div>
   <div class='ocr_carea' id='block_1_7' title="bbox 39 323 828 362">
    <p class='ocr_par' dir='ltr' id='par_1_7' title="bbox 39 323 828 362">
     <span class='ocr_line' id='line_1_7' title="bbox 39 323 828 362; baseline 0.006 -13"><span class='ocrx_word' id='word_1_32' title='bbox 39 323 104 350; x_wconf 74' lang='grc' dir='ltr'>ὂντα</span> <span class='ocrx_word' id='word_1_33' title='bbox 130 324 280 359; x_wconf 76' lang='grc' dir='ltr'>θελήσεως,</span> <span class='ocrx_word' id='word_1_34' title='bbox 311 325 379 352; x_wconf 82' lang='grc' dir='ltr'>καθό</span> <span class='ocrx_word' id='word_1_35' title='bbox 396 327 453 353; x_wconf 76' lang='grc' dir='ltr'>ἐστι</span> <span class='ocrx_word' id='word_1_36' title='bbox 478 327 526 354; x_wconf 78' lang='grc' dir='ltr'><strong>καὶ</strong></span> <span class='ocrx_word' id='word_1_37' title='bbox 542 327 629 354; x_wconf 73' lang='grc' dir='ltr'>ἄλλων</span> <span class='ocrx_word' id='word_1_38' title='bbox 656 327 828 362; x_wconf 75' lang='grc' dir='ltr'>εὐποιητική.</span> 
     </span>
    </p>
   </div>
   <div class='ocr_carea' id='block_1_8' title="bbox 46 369 831 408">
    <p class='ocr_par' dir='ltr' id='par_1_8' title="bbox 46 369 831 408">
     <span class='ocr_line' id='line_1_8' title="bbox 46 369 831 408; baseline 0.006 -13"><span class='ocrx_word' id='word_1_39' title='bbox 46 369 102 395; x_wconf 72' lang='grc' dir='ltr'><strong>Ἀεὶ</strong></span> <span class='ocrx_word' id='word_1_40' title='bbox 121 369 177 407; x_wconf 35' lang='grc' dir='ltr'>μὲν.</span> <span class='ocrx_word' id='word_1_41' title='bbox 196 371 252 405; x_wconf 80' lang='grc' dir='ltr'>γὰρ</span> <span class='ocrx_word' id='word_1_42' title='bbox 273 370 398 398; x_wconf 72' lang='grc' dir='ltr'>ἐϐούλετο</span> <span class='ocrx_word' id='word_1_43' title='bbox 421 372 468 398; x_wconf 70' lang='grc' dir='ltr'>τὸν</span> <span class='ocrx_word' id='word_1_44' title='bbox 492 372 594 408; x_wconf 80' lang='grc' dir='ltr'><strong>κόσμον</strong></span> <span class='ocrx_word' id='word_1_45' title='bbox 629 373 748 406; x_wconf 73' lang='grc' dir='ltr'>ἔσεσθαι,</span> <span class='ocrx_word' id='word_1_46' title='bbox 781 374 831 400; x_wconf 79' lang='grc' dir='ltr'><strong>οὐκ</strong></span> 
     </span>
    </p>
   </div>
   <div class='ocr_carea' id='block_1_9' title="bbox 42 414 832 454">
    <p class='ocr_par' dir='ltr' id='par_1_9' title="bbox 42 414 832 454">
     <span class='ocr_line' id='line_1_9' title="bbox 42 414 832 454; baseline 0.008 -14"><span class='ocrx_word' id='word_1_47' title='bbox 42 414 169 441; x_wconf 74' lang='grc' dir='ltr'>ἐϐούλετο</span> <span class='ocrx_word' id='word_1_48' title='bbox 178 415 207 441; x_wconf 81' lang='grc' dir='ltr'>δὲ</span> <span class='ocrx_word' id='word_1_49' title='bbox 223 415 271 443; x_wconf 56' lang='grc' dir='ltr'><strong>καλ⁴</strong></span> <span class='ocrx_word' id='word_1_50' title='bbox 285 416 329 444; x_wconf 76' lang='grc' dir='ltr'>ἀεὶ</span> <span class='ocrx_word' id='word_1_51' title='bbox 339 417 420 444; x_wconf 77' lang='grc' dir='ltr'>αὑτὸν</span> <span class='ocrx_word' id='word_1_52' title='bbox 430 416 548 449; x_wconf 79' lang='grc' dir='ltr'>ἔσεσθαι,</span> <span class='ocrx_word' id='word_1_53' title='bbox 567 418 597 445; x_wconf 77' lang='grc' dir='ltr'>οὺ</span> <span class='ocrx_word' id='word_1_54' title='bbox 615 419 670 454; x_wconf 79' lang='grc' dir='ltr'>γὰρ</span> <span class='ocrx_word' id='word_1_55' title='bbox 684 417 740 446; x_wconf 79' lang='grc' dir='ltr'>οἷόν</span> <span class='ocrx_word' id='word_1_56' title='bbox 759 420 783 446; x_wconf 71' lang='grc' dir='ltr'>τ’</span> <span class='ocrx_word' id='word_1_57' title='bbox 799 419 832 446; x_wconf 82' lang='grc' dir='ltr'>ἂν</span> 
     </span>
    </p>
   </div>
   <div class='ocr_carea' id='block_1_10' title="bbox 42 457 833 500">
    <p class='ocr_par' dir='ltr' id='par_1_10' title="bbox 42 457 833 500">
     <span class='ocr_line' id='line_1_10' title="bbox 42 457 833 500; baseline 0.009 -15"><span class='ocrx_word' id='word_1_58' title='bbox 42 457 74 494; x_wconf 81' lang='grc' dir='ltr'>ἦν</span> <span class='ocrx_word' id='word_1_59' title='bbox 88 461 171 487; x_wconf 73' lang='grc' dir='ltr'>αὐτὸν</span> <span class='ocrx_word' id='word_1_60' title='bbox 188 462 232 487; x_wconf 65' lang='grc' dir='ltr'>ἀεὶ</span> <span class='ocrx_word' id='word_1_61' title='bbox 247 459 316 488; x_wconf 79' lang='grc' dir='ltr'>εἶναι</span> <span class='ocrx_word' id='word_1_62' title='bbox 329 462 384 489; x_wconf 78' lang='grc' dir='ltr'>οὒτ’</span> <span class='ocrx_word' id='word_1_63' title='bbox 400 463 521 495; x_wconf 75' lang='grc' dir='ltr'>ἔσεσθαι,</span> <span class='ocrx_word' id='word_1_64' title='bbox 535 460 571 491; x_wconf 85' lang='grc' dir='ltr'>ὧν</span> <span class='ocrx_word' id='word_1_65' title='bbox 584 465 624 499; x_wconf 85' lang='grc' dir='ltr'>τῷ</span> <span class='ocrx_word' id='word_1_66' title='bbox 638 465 687 500; x_wconf 84' lang='grc' dir='ltr'>μὲν</span> <span class='ocrx_word' id='word_1_67' title='bbox 699 465 729 492; x_wconf 82' lang='grc' dir='ltr'>τὸ</span> <span class='ocrx_word' id='word_1_68' title='bbox 750 466 833 500; x_wconf 65' lang='grc' dir='ltr'>μηδὲν</span> 
     </span>
    </p>
   </div>
   <div class='ocr_carea' id='block_1_11' title="bbox 44 505 833 543">
    <p class='ocr_par' dir='ltr' id='par_1_11' title="bbox 44 505 833 543">
     <span class='ocr_line' id='line_1_11' title="bbox 44 505 833 543; baseline 0.008 -13"><span class='ocrx_word' id='word_1_69' title='bbox 44 505 147 531; x_wconf 71' lang='grc' dir='ltr'>ποτ’ἂν</span> <span class='ocrx_word' id='word_1_70' title='bbox 159 505 299 538; x_wconf 75' lang='grc' dir='ltr'>γενέσθαι,</span> <span class='ocrx_word' id='word_1_71' title='bbox 313 507 352 542; x_wconf 79' lang='grc' dir='ltr'><strong>τῷ</strong></span> <span class='ocrx_word' id='word_1_72' title='bbox 366 507 394 533; x_wconf 80' lang='grc' dir='ltr'>δὲ</span> <span class='ocrx_word' id='word_1_73' title='bbox 420 508 450 534; x_wconf 81' lang='grc' dir='ltr'>τὸ</span> <span class='ocrx_word' id='word_1_74' title='bbox 479 507 549 534; x_wconf 77' lang='grc' dir='ltr'>εἶναι</span> <span class='ocrx_word' id='word_1_75' title='bbox 582 510 670 535; x_wconf 87' lang='grc' dir='ltr'>καίτοι</span> <span class='ocrx_word' id='word_1_76' title='bbox 700 509 833 543; x_wconf 80' lang='grc' dir='ltr'>μηδέποτε</span> 
     </span>
    </p>
   </div>
   <div class='ocr_carea' id='block_1_12' title="bbox 44 550 834 590">
    <p class='ocr_par' dir='ltr' id='par_1_12' title="bbox 44 550 834 590">
     <span class='ocr_line' id='line_1_12' title="bbox 44 550 834 590; baseline 0.006 -14"><span class='ocrx_word' id='word_1_77' title='bbox 44 550 245 586; x_wconf 76' lang='grc' dir='ltr'><strong>γεγεννημένον</strong></span> <span class='ocrx_word' id='word_1_78' title='bbox 261 551 403 579; x_wconf 81' lang='grc' dir='ltr'>ἀκολουθεῖ</span> <span class='ocrx_word' id='word_1_79' title='bbox 417 560 424 568; x_wconf 78' lang='grc'><strong>⁸</strong></span> <span class='ocrx_word' id='word_1_80' title='bbox 441 553 458 588; x_wconf 85' lang='grc' dir='ltr'><strong>ή</strong></span> <span class='ocrx_word' id='word_1_81' title='bbox 472 553 561 580; x_wconf 86' lang='grc' dir='ltr'><strong>τοίνυν</strong></span> <span class='ocrx_word' id='word_1_82' title='bbox 573 554 658 586; x_wconf 76' lang='grc' dir='ltr'>ἀΐδιος</span> <span class='ocrx_word' id='word_1_83' title='bbox 676 554 748 590; x_wconf 73' lang='grc' dir='ltr'>αὕτη</span> <span class='ocrx_word' id='word_1_84' title='bbox 771 555 817 590; x_wconf 83' lang='grc' dir='ltr'>νὸη</span> <span class='ocrx_word' id='word_1_85' title='bbox 828 571 834 575; x_wconf 98' lang='lat'><strong><em>-</em></strong></span> 
     </span>
    </p>
   </div>
   <div class='ocr_carea' id='block_1_13' title="bbox 45 597 834 635">
    <p class='ocr_par' dir='ltr' id='par_1_13' title="bbox 45 597 834 635">
     <span class='ocr_line' id='line_1_13' title="bbox 45 597 834 635; baseline 0.005 -13"><span class='ocrx_word' id='word_1_86' title='bbox 45 604 86 627; x_wconf 77' lang='grc' dir='ltr'><strong>σις</strong></span> <span class='ocrx_word' id='word_1_87' title='bbox 115 597 168 632; x_wconf 85' lang='grc' dir='ltr'><strong>μία</strong></span> <span class='ocrx_word' id='word_1_88' title='bbox 194 597 323 630; x_wconf 77' lang='grc' dir='ltr'><strong>καθάπαξ</strong></span> <span class='ocrx_word' id='word_1_89' title='bbox 349 599 424 624; x_wconf 79' lang='grc' dir='ltr'>ἐστιν</span> <span class='ocrx_word' id='word_1_90' title='bbox 438 600 466 625; x_wconf 89' lang='grc' dir='ltr'><strong>ἐν</strong></span> <span class='ocrx_word' id='word_1_91' title='bbox 482 600 519 634; x_wconf 87' lang='grc' dir='ltr'>τῷ</span> <span class='ocrx_word' id='word_1_92' title='bbox 531 599 630 634; x_wconf 81' lang='grc' dir='ltr'>πρώτῳ</span> <span class='ocrx_word' id='word_1_93' title='bbox 655 599 693 635; x_wconf 84' lang='grc' dir='ltr'>νῷ</span> <span class='ocrx_word' id='word_1_94' title='bbox 713 599 834 635; x_wconf 82' lang='grc' dir='ltr'><strong>σημείοις</strong></span> 
     </span>
    </p>
   </div>
   <div class='ocr_carea' id='block_1_14' title="bbox 48 642 835 680">
    <p class='ocr_par' dir='ltr' id='par_1_14' title="bbox 48 642 835 680">
     <span class='ocr_line' id='line_1_14' title="bbox 48 642 835 680; baseline 0.006 -13"><span class='ocrx_word' id='word_1_95' title='bbox 48 643 140 675; x_wconf 80' lang='grc' dir='ltr'>μόνοις</span> <span class='ocrx_word' id='word_1_96' title='bbox 156 642 349 678; x_wconf 70' lang='grc' dir='ltr'><strong>διακρινομένη</strong></span> <span class='ocrx_word' id='word_1_97' title='bbox 366 644 495 678; x_wconf 80' lang='grc' dir='ltr'>νοήσεως.</span> <span class='ocrx_word' id='word_1_98' title='bbox 527 645 590 672; x_wconf 79' lang='grc' dir='ltr'><strong>Ἐπὶ</strong></span> <span class='ocrx_word' id='word_1_99' title='bbox 607 644 711 676; x_wconf 83' lang='grc' dir='ltr'>τοῦτοις</span> <span class='ocrx_word' id='word_1_100' title='bbox 726 645 756 671; x_wconf 78' lang='grc' dir='ltr'><strong>ἐν</strong></span> <span class='ocrx_word' id='word_1_101' title='bbox 787 645 835 680; x_wconf 78' lang='grc' dir='ltr'><strong>μὲν</strong></span> 
     </span>
    </p>
   </div>
   <div class='ocr_carea' id='block_1_15' title="bbox 46 687 835 726">
    <p class='ocr_par' dir='ltr' id='par_1_15' title="bbox 46 687 835 726">
     <span class='ocr_line' id='line_1_15' title="bbox 46 687 835 726; baseline 0.005 -12"><span class='ocrx_word' id='word_1_102' title='bbox 46 687 84 722; x_wconf 74' lang='grc' dir='ltr'><strong>τῷ</strong></span> <span class='ocrx_word' id='word_1_103' title='bbox 111 688 278 723; x_wconf 73' lang='grc' dir='ltr'>ἀνθρωπίνῳ</span> <span class='ocrx_word' id='word_1_104' title='bbox 306 689 343 724; x_wconf 86' lang='grc' dir='ltr'>νῷ</span> <span class='ocrx_word' id='word_1_105' title='bbox 359 689 422 716; x_wconf 71' lang='grc' dir='ltr'>ἄλλο</span> <span class='ocrx_word' id='word_1_106' title='bbox 435 690 494 716; x_wconf 73' lang='grc' dir='ltr'>ἐστὶ</span> <span class='ocrx_word' id='word_1_107' title='bbox 510 691 540 716; x_wconf 82' lang='grc' dir='ltr'><strong>τὸ</strong></span> <span class='ocrx_word' id='word_1_108' title='bbox 551 692 622 718; x_wconf 85' lang='grc' dir='ltr'>νοεῖν</span> <span class='ocrx_word' id='word_1_109' title='bbox 651 691 681 717; x_wconf 83' lang='grc' dir='ltr'><strong>τδ</strong></span> <span class='ocrx_word' id='word_1_110' title='bbox 707 692 835 726; x_wconf 82' lang='grc' dir='ltr'>πρᾶγμα,</span> 
     </span>
    </p>
   </div>
   <div class='ocr_carea' id='block_1_16' title="bbox 48 734 837 771">
    <p class='ocr_par' dir='ltr' id='par_1_16' title="bbox 48 734 837 771">
     <span class='ocr_line' id='line_1_16' title="bbox 48 734 837 771; baseline 0.004 -12"><span class='ocrx_word' id='word_1_111' title='bbox 48 734 93 760; x_wconf 71' lang='grc' dir='ltr'><strong>καὶ</strong></span> <span class='ocrx_word' id='word_1_112' title='bbox 108 734 174 761; x_wconf 76' lang='grc' dir='ltr'>ἄλλο</span> <span class='ocrx_word' id='word_1_113' title='bbox 187 734 218 760; x_wconf 77' lang='grc' dir='ltr'>τὸ</span> <span class='ocrx_word' id='word_1_114' title='bbox 241 736 312 761; x_wconf 79' lang='grc' dir='ltr'>νοεῖν</span> <span class='ocrx_word' id='word_1_115' title='bbox 326 735 355 762; x_wconf 73' lang='grc' dir='ltr'>τὺ</span> <span class='ocrx_word' id='word_1_116' title='bbox 369 735 514 770; x_wconf 78' lang='grc' dir='ltr'>νοούμενον</span> <span class='ocrx_word' id='word_1_117' title='bbox 545 736 644 771; x_wconf 82' lang='grc' dir='ltr'>νόημα,</span> <span class='ocrx_word' id='word_1_118' title='bbox 665 736 728 762; x_wconf 82' lang='grc' dir='ltr'>ὅταν</span> <span class='ocrx_word' id='word_1_119' title='bbox 753 737 793 767; x_wconf 85' lang='grc' dir='ltr'>εἰς</span> <span class='ocrx_word' id='word_1_120' title='bbox 807 736 837 762; x_wconf 77' lang='grc' dir='ltr'>τὸ</span> 
     </span>
    </p>
   </div>
   <div class='ocr_carea' id='block_1_17' title="bbox 48 779 838 819">
    <p class='ocr_par' dir='ltr' id='par_1_17' title="bbox 48 779 838 819">
     <span class='ocr_line' id='line_1_17' title="bbox 48 779 838 819; baseline 0.004 -14"><span class='ocrx_word' id='word_1_121' title='bbox 48 780 149 806; x_wconf 77' lang='grc' dir='ltr'>οἰκεῖον</span> <span class='ocrx_word' id='word_1_122' title='bbox 164 779 245 814; x_wconf 73' lang='grc' dir='ltr'>ἔργον</span> <span class='ocrx_word' id='word_1_123' title='bbox 259 781 273 806; x_wconf 90' lang='grc' dir='ltr'><strong>ὁ</strong></span> <span class='ocrx_word' id='word_1_124' title='bbox 285 779 347 812; x_wconf 81' lang='grc' dir='ltr'>νοῦς</span> <span class='ocrx_word' id='word_1_125' title='bbox 369 781 531 817; x_wconf 78' lang='grc' dir='ltr'>ἐπιστρέφῃ,</span> <span class='ocrx_word' id='word_1_126' title='bbox 549 781 610 808; x_wconf 78' lang='grc' dir='ltr'>ὅθεν</span> <span class='ocrx_word' id='word_1_127' title='bbox 634 782 727 819; x_wconf 73' lang='grc' dir='ltr'>ἕτεραι</span> <span class='ocrx_word' id='word_1_128' title='bbox 743 782 792 817; x_wconf 75' lang='grc' dir='ltr'>μὲν</span> <span class='ocrx_word' id='word_1_129' title='bbox 809 782 838 809; x_wconf 81' lang='grc' dir='ltr'><strong>αι</strong></span> 
     </span>
    </p>
   </div>
   <div class='ocr_carea' id='block_1_18' title="bbox 49 822 839 863">
    <p class='ocr_par' dir='ltr' id='par_1_18' title="bbox 49 822 839 863">
     <span class='ocr_line' id='line_1_18' title="bbox 49 822 839 863; baseline 0.005 -13"><span class='ocrx_word' id='word_1_130' title='bbox 49 824 102 850; x_wconf 77' lang='grc' dir='ltr'>τῶν</span> <span class='ocrx_word' id='word_1_131' title='bbox 117 825 300 859; x_wconf 81' lang='grc' dir='ltr'>πραγμάτων,</span> <span class='ocrx_word' id='word_1_132' title='bbox 318 825 411 859; x_wconf 73' lang='grc' dir='ltr'>ἕτεραι</span> <span class='ocrx_word' id='word_1_133' title='bbox 422 826 445 852; x_wconf 89' lang='grc' dir='ltr'>δ’</span> <span class='ocrx_word' id='word_1_134' title='bbox 461 827 489 852; x_wconf 91' lang='grc' dir='ltr'><strong>αί</strong></span> <span class='ocrx_word' id='word_1_135' title='bbox 505 827 559 853; x_wconf 82' lang='grc' dir='ltr'>τῶν</span> <span class='ocrx_word' id='word_1_136' title='bbox 575 827 619 853; x_wconf 81' lang='grc' dir='ltr'>ἐπ’</span> <span class='ocrx_word' id='word_1_137' title='bbox 632 827 722 859; x_wconf 79' lang='grc' dir='ltr'>αὐτοῖς</span> <span class='ocrx_word' id='word_1_138' title='bbox 738 822 839 863; x_wconf 77' lang='grc' dir='ltr'>νόημά-</span> 
     </span>
    </p>
   </div>
   <div class='ocr_carea' id='block_1_19' title="bbox 48 870 838 907">
    <p class='ocr_par' dir='ltr' id='par_1_19' title="bbox 48 870 838 907">
     <span class='ocr_line' id='line_1_19' title="bbox 48 870 838 907; baseline 0.006 -12"><span class='ocrx_word' id='word_1_139' title='bbox 48 878 103 895; x_wconf 84' lang='grc' dir='ltr'><strong>των</strong></span> <span class='ocrx_word' id='word_1_140' title='bbox 118 870 190 896; x_wconf 74' lang='grc' dir='ltr'>εἰσιν</span> <span class='ocrx_word' id='word_1_141' title='bbox 204 870 357 906; x_wconf 75' lang='grc' dir='ltr'>ἐπιστῆμαι</span> <span class='ocrx_word' id='word_1_142' title='bbox 371 878 377 885; x_wconf 90' lang='grc'><em>’</em></span> <span class='ocrx_word' id='word_1_143' title='bbox 395 871 423 896; x_wconf 80' lang='grc' dir='ltr'><strong>ἐν</strong></span> <span class='ocrx_word' id='word_1_144' title='bbox 433 871 461 897; x_wconf 83' lang='grc' dir='ltr'><strong>δέ</strong></span> <span class='ocrx_word' id='word_1_145' title='bbox 471 871 509 905; x_wconf 85' lang='grc' dir='ltr'><strong>τῷ</strong></span> <span class='ocrx_word' id='word_1_146' title='bbox 525 871 583 907; x_wconf 85' lang='grc' dir='ltr'><strong>Θεῷ</strong></span> <span class='ocrx_word' id='word_1_147' title='bbox 600 872 685 899; x_wconf 81' lang='grc' dir='ltr'>ταῦτα</span> <span class='ocrx_word' id='word_1_148' title='bbox 707 873 737 899; x_wconf 90' lang='grc' dir='ltr'>οὺ</span> <span class='ocrx_word' id='word_1_149' title='bbox 752 873 838 907; x_wconf 82' lang='grc' dir='ltr'>διενή-</span> 
     </span>
    </p>
   </div>
   <div class='ocr_carea' id='block_1_20' title="bbox 51 906 875 952">
    <p class='ocr_par' dir='ltr' id='par_1_20' title="bbox 51 906 875 952">
     <span class='ocr_line' id='line_1_20' title="bbox 51 906 875 952; baseline 0.004 -10"><span class='ocrx_word' id='word_1_150' title='bbox 51 924 120 950; x_wconf 80' lang='grc' dir='ltr'>νοχε,</span> <span class='ocrx_word' id='word_1_151' title='bbox 137 916 185 942; x_wconf 73' lang='grc' dir='ltr'><strong>καὶ</strong></span> <span class='ocrx_word' id='word_1_152' title='bbox 197 917 211 943; x_wconf 87' lang='grc' dir='ltr'>ὁ</span> <span class='ocrx_word' id='word_1_153' title='bbox 227 916 276 950; x_wconf 88' lang='grc' dir='ltr'><strong>μέν</strong></span> <span class='ocrx_word' id='word_1_154' title='bbox 289 917 317 942; x_wconf 87' lang='grc' dir='ltr'><strong>ἐν</strong></span> <span class='ocrx_word' id='word_1_155' title='bbox 331 916 466 952; x_wconf 84' lang='grc' dir='ltr'>ἀνθρώπῳ</span> <span class='ocrx_word' id='word_1_156' title='bbox 479 917 556 952; x_wconf 80' lang='grc' dir='ltr'>λόγος</span> <span class='ocrx_word' id='word_1_157' title='bbox 574 918 621 946; x_wconf 79' lang='grc' dir='ltr'>καὶ</span> <span class='ocrx_word' id='word_1_158' title='bbox 643 919 659 952; x_wconf 87' lang='grc' dir='ltr'><strong>ή</strong></span> <span class='ocrx_word' id='word_1_159' title='bbox 678 918 786 952; x_wconf 82' lang='grc' dir='ltr'>θέλησις</span> <span class='ocrx_word' id='word_1_160' title='bbox 807 906 837 946; x_wconf 81' lang='grc' dir='ltr'>οὐ</span> <span class='ocrx_word' id='word_1_161' title='bbox 854 906 875 935; x_wconf 72' lang='grc' dir='ltr'>Β</span> 
     </span>
    </p>
   </div>
   <div class='ocr_carea' id='block_1_21' title="bbox 52 963 838 999">
    <p class='ocr_par' dir='ltr' id='par_1_21' title="bbox 52 963 838 999">
     <span class='ocr_line' id='line_1_21' title="bbox 52 963 838 999; baseline 0.006 -12"><span class='ocrx_word' id='word_1_162' title='bbox 52 963 254 997; x_wconf 76' lang='grc' dir='ltr'><strong>πραγματικῶς</strong></span> <span class='ocrx_word' id='word_1_163' title='bbox 271 963 339 998; x_wconf 77' lang='grc' dir='ltr'>πρὸς</span> <span class='ocrx_word' id='word_1_164' title='bbox 353 964 398 990; x_wconf 75' lang='grc' dir='ltr'><strong>τὸν</strong></span> <span class='ocrx_word' id='word_1_165' title='bbox 412 963 522 994; x_wconf 77' lang='grc' dir='ltr'>νοοῦντα</span> <span class='ocrx_word' id='word_1_166' title='bbox 536 965 583 991; x_wconf 78' lang='grc' dir='ltr'>καὶ</span> <span class='ocrx_word' id='word_1_167' title='bbox 597 964 708 992; x_wconf 82' lang='grc' dir='ltr'>οέλοντα</span> <span class='ocrx_word' id='word_1_168' title='bbox 733 965 838 999; x_wconf 80' lang='grc' dir='ltr'>διακρί-</span> 
     </span>
    </p>
   </div>
   <div class='ocr_carea' id='block_1_22' title="bbox 52 1008 839 1046">
    <p class='ocr_par' dir='ltr' id='par_1_22' title="bbox 52 1008 839 1046">
     <span class='ocr_line' id='line_1_22' title="bbox 52 1008 839 1046; baseline 0.006 -13"><span class='ocrx_word' id='word_1_169' title='bbox 52 1016 142 1034; x_wconf 78' lang='grc' dir='ltr'>νοιιται</span> <span class='ocrx_word' id='word_1_170' title='bbox 159 1008 224 1034; x_wconf 81' lang='grc' dir='ltr'>νοῦν</span> <span class='ocrx_word' id='word_1_171' title='bbox 241 1016 248 1024; x_wconf 92' lang='grc'><strong>·</strong></span> <span class='ocrx_word' id='word_1_172' title='bbox 265 1009 278 1035; x_wconf 80' lang='grc' dir='ltr'>ὁ</span> <span class='ocrx_word' id='word_1_173' title='bbox 302 1009 329 1035; x_wconf 86' lang='grc' dir='ltr'>δὲ</span> <span class='ocrx_word' id='word_1_174' title='bbox 345 1009 415 1039; x_wconf 84' lang='grc' dir='ltr'>θεῖος</span> <span class='ocrx_word' id='word_1_175' title='bbox 440 1010 526 1043; x_wconf 87' lang='grc' dir='ltr'>Λόγος</span> <span class='ocrx_word' id='word_1_176' title='bbox 552 1010 598 1037; x_wconf 81' lang='grc' dir='ltr'><strong>και</strong></span> <span class='ocrx_word' id='word_1_177' title='bbox 620 1011 650 1038; x_wconf 77' lang='grc' dir='ltr'>τὸ</span> <span class='ocrx_word' id='word_1_178' title='bbox 673 1011 784 1046; x_wconf 79' lang='grc' dir='ltr'>Πνεῦμα</span> <span class='ocrx_word' id='word_1_179' title='bbox 809 1011 839 1037; x_wconf 80' lang='grc' dir='ltr'>τὸ</span> 
     </span>
    </p>
   </div>
   <div class='ocr_carea' id='block_1_23' title="bbox 52 1054 841 1092">
    <p class='ocr_par' dir='ltr' id='par_1_23' title="bbox 52 1054 841 1092">
     <span class='ocr_line' id='line_1_23' title="bbox 52 1054 841 1092; baseline 0.005 -12"><span class='ocrx_word' id='word_1_180' title='bbox 52 1054 130 1087; x_wconf 72' lang='grc' dir='ltr'>ἅγιον</span> <span class='ocrx_word' id='word_1_181' title='bbox 143 1055 344 1091; x_wconf 69' lang='grc' dir='ltr'><strong>πραγματικῶς</strong></span> <span class='ocrx_word' id='word_1_182' title='bbox 366 1055 412 1082; x_wconf 88' lang='grc' dir='ltr'><strong>τοῦ</strong></span> <span class='ocrx_word' id='word_1_183' title='bbox 433 1056 538 1090; x_wconf 81' lang='grc' dir='ltr'>Πατρδς</span> <span class='ocrx_word' id='word_1_184' title='bbox 568 1057 750 1092; x_wconf 84' lang='grc' dir='ltr'>διακρίνονται</span> <span class='ocrx_word' id='word_1_185' title='bbox 769 1065 776 1072; x_wconf 94' lang='grc'><strong>·</strong></span> <span class='ocrx_word' id='word_1_186' title='bbox 800 1057 841 1084; x_wconf 83' lang='grc' dir='ltr'>δεῖ</span> 
     </span>
    </p>
   </div>
   <div class='ocr_carea' id='block_1_24' title="bbox 53 1099 840 1139">
    <p class='ocr_par' dir='ltr' id='par_1_24' title="bbox 53 1099 840 1139">
     <span class='ocr_line' id='line_1_24' title="bbox 53 1099 840 1139; baseline 0.005 -13"><span class='ocrx_word' id='word_1_187' title='bbox 53 1100 107 1136; x_wconf 73' lang='grc' dir='ltr'>γὰρ</span> <span class='ocrx_word' id='word_1_188' title='bbox 124 1102 184 1127; x_wconf 82' lang='grc' dir='ltr'>ἐκεῖ</span> <span class='ocrx_word' id='word_1_189' title='bbox 197 1102 244 1128; x_wconf 79' lang='grc' dir='ltr'><strong>καὶ</strong></span> <span class='ocrx_word' id='word_1_190' title='bbox 257 1100 305 1136; x_wconf 80' lang='grc' dir='ltr'>τὴν</span> <span class='ocrx_word' id='word_1_191' title='bbox 317 1100 367 1136; x_wconf 86' lang='grc' dir='ltr'>τῆς</span> <span class='ocrx_word' id='word_1_192' title='bbox 383 1101 490 1135; x_wconf 84' lang='grc' dir='ltr'>φύσεως</span> <span class='ocrx_word' id='word_1_193' title='bbox 504 1101 601 1128; x_wconf 80' lang='grc' dir='ltr'>ἐνωσιν</span> <span class='ocrx_word' id='word_1_194' title='bbox 623 1103 711 1137; x_wconf 81' lang='grc' dir='ltr'>ἄκραν</span> <span class='ocrx_word' id='word_1_195' title='bbox 726 1100 807 1135; x_wconf 76' lang='grc' dir='ltr'>εἶναι,</span> 
     </span>
    </p>
   </div>
   <div class='ocr_carea' id='block_1_25' title="bbox 55 1145 841 1183">
    <p class='ocr_par' dir='ltr' id='par_1_25' title="bbox 55 1145 841 1183">
     <span class='ocr_line' id='line_1_25' title="bbox 55 1145 841 1183; baseline 0.005 -12"><span class='ocrx_word' id='word_1_196' title='bbox 55 1146 189 1182; x_wconf 77' lang='grc' dir='ltr'>προσήκει</span> <span class='ocrx_word' id='word_1_197' title='bbox 202 1146 273 1181; x_wconf 86' lang='grc' dir='ltr'><strong>Θεῷ,</strong></span> <span class='ocrx_word' id='word_1_198' title='bbox 290 1147 337 1173; x_wconf 76' lang='grc' dir='ltr'><strong>καὶ</strong></span> <span class='ocrx_word' id='word_1_199' title='bbox 355 1146 404 1182; x_wconf 80' lang='grc' dir='ltr'>τὴν</span> <span class='ocrx_word' id='word_1_200' title='bbox 422 1147 556 1182; x_wconf 83' lang='grc' dir='ltr'><strong>διάκρισιν</strong></span> <span class='ocrx_word' id='word_1_201' title='bbox 581 1145 615 1174; x_wconf 81' lang='grc' dir='ltr'><strong>αὖ</strong></span> <span class='ocrx_word' id='word_1_202' title='bbox 636 1148 722 1183; x_wconf 80' lang='grc' dir='ltr'>ἀληθῆ</span> <span class='ocrx_word' id='word_1_203' title='bbox 736 1157 766 1174; x_wconf 90' lang='grc' dir='ltr'><strong>τε</strong></span> <span class='ocrx_word' id='word_1_204' title='bbox 794 1149 841 1175; x_wconf 81' lang='grc' dir='ltr'><strong>καὶ</strong></span> 
     </span>
    </p>
   </div>
   <div class='ocr_carea' id='block_1_26' title="bbox 53 1192 841 1229">
    <p class='ocr_par' dir='ltr' id='par_1_26' title="bbox 53 1192 841 1229">
     <span class='ocr_line' id='line_1_26' title="bbox 53 1192 841 1229; baseline 0.005 -12"><span class='ocrx_word' id='word_1_205' title='bbox 53 1192 227 1227; x_wconf 71' lang='grc' dir='ltr'>ἔμπρακτον,</span> <span class='ocrx_word' id='word_1_206' title='bbox 243 1192 275 1227; x_wconf 84' lang='grc' dir='ltr'>τῇ</span> <span class='ocrx_word' id='word_1_207' title='bbox 292 1192 381 1226; x_wconf 80' lang='grc' dir='ltr'>μέντοι</span> <span class='ocrx_word' id='word_1_208' title='bbox 396 1193 467 1219; x_wconf 81' lang='grc' dir='ltr'>κατὰ</span> <span class='ocrx_word' id='word_1_209' title='bbox 481 1192 529 1228; x_wconf 85' lang='grc' dir='ltr'>τὴν</span> <span class='ocrx_word' id='word_1_210' title='bbox 551 1193 631 1227; x_wconf 83' lang='grc' dir='ltr'>φύσιν</span> <span class='ocrx_word' id='word_1_211' title='bbox 646 1193 742 1221; x_wconf 82' lang='grc' dir='ltr'>ἐνώσει</span> <span class='ocrx_word' id='word_1_212' title='bbox 759 1194 841 1229; x_wconf 82' lang='grc' dir='ltr'>μηδό-</span> 
     </span>
    </p>
   </div>
   <div class='ocr_carea' id='block_1_27' title="bbox 53 1236 841 1274">
    <p class='ocr_par' dir='ltr' id='par_1_27' title="bbox 53 1236 841 1274">
     <span class='ocr_line' id='line_1_27' title="bbox 53 1236 841 1274; baseline 0.004 -12"><span class='ocrx_word' id='word_1_213' title='bbox 53 1236 106 1268; x_wconf 83' lang='grc' dir='ltr'><strong>λως</strong></span> <span class='ocrx_word' id='word_1_214' title='bbox 120 1238 355 1272; x_wconf 78' lang='grc' dir='ltr'>προσισταμένην.</span> <span class='ocrx_word' id='word_1_215' title='bbox 384 1237 417 1264; x_wconf 85' lang='grc' dir='ltr'><strong><em>Ἦ</em></strong></span> <span class='ocrx_word' id='word_1_216' title='bbox 443 1237 496 1273; x_wconf 73' lang='grc' dir='ltr'>γὰρ</span> <span class='ocrx_word' id='word_1_217' title='bbox 517 1238 634 1273; x_wconf 83' lang='grc' dir='ltr'>άτομικὴ</span> <span class='ocrx_word' id='word_1_218' title='bbox 665 1239 712 1265; x_wconf 80' lang='grc' dir='ltr'><strong>καὶ</strong></span> <span class='ocrx_word' id='word_1_219' title='bbox 733 1247 841 1274; x_wconf 82' lang='grc' dir='ltr'>προσω-</span> 
     </span>
    </p>
   </div>
   <div class='ocr_carea' id='block_1_28' title="bbox 56 1282 841 1320">
    <p class='ocr_par' dir='ltr' id='par_1_28' title="bbox 56 1282 841 1320">
     <span class='ocr_line' id='line_1_28' title="bbox 56 1282 841 1320; baseline 0.004 -12"><span class='ocrx_word' id='word_1_220' title='bbox 56 1282 123 1317; x_wconf 68' lang='lat' dir='ltr'><strong>min</strong></span> <span class='ocrx_word' id='word_1_221' title='bbox 139 1282 276 1317; x_wconf 79' lang='grc' dir='ltr'>διάκρισις</span> <span class='ocrx_word' id='word_1_222' title='bbox 291 1283 319 1309; x_wconf 80' lang='grc' dir='ltr'><strong>ἐν</strong></span> <span class='ocrx_word' id='word_1_223' title='bbox 339 1283 387 1318; x_wconf 83' lang='grc' dir='ltr'>μὲν</span> <span class='ocrx_word' id='word_1_224' title='bbox 408 1285 463 1315; x_wconf 82' lang='grc' dir='ltr'>τοῖς</span> <span class='ocrx_word' id='word_1_225' title='bbox 477 1285 609 1318; x_wconf 72' lang='grc' dir='ltr'>ὁμοφυέσι</span> <span class='ocrx_word' id='word_1_226' title='bbox 636 1284 766 1319; x_wconf 75' lang='grc' dir='ltr'><strong>κτίσμασι</strong></span> <span class='ocrx_word' id='word_1_227' title='bbox 792 1285 841 1320; x_wconf 80' lang='grc' dir='ltr'>τὴν</span> 
     </span>
    </p>
   </div>
   <div class='ocr_carea' id='block_1_29' title="bbox 55 1327 843 1364">
    <p class='ocr_par' dir='ltr' id='par_1_29' title="bbox 55 1327 843 1364">
     <span class='ocr_line' id='line_1_29' title="bbox 55 1327 843 1364; baseline 0.005 -11"><span class='ocrx_word' id='word_1_228' title='bbox 55 1327 122 1362; x_wconf 78' lang='grc' dir='ltr'>ὓλην</span> <span class='ocrx_word' id='word_1_229' title='bbox 133 1328 224 1354; x_wconf 74' lang='grc' dir='ltr'>αἰτίαν</span> <span class='ocrx_word' id='word_1_230' title='bbox 239 1328 337 1362; x_wconf 73' lang='grc' dir='ltr'>ἔχουσα</span> <span class='ocrx_word' id='word_1_231' title='bbox 351 1329 468 1363; x_wconf 82' lang='grc' dir='ltr'><strong>εὐλόγως</strong></span> <span class='ocrx_word' id='word_1_232' title='bbox 482 1330 511 1356; x_wconf 72' lang='grc' dir='ltr'>δὲ</span> <span class='ocrx_word' id='word_1_233' title='bbox 525 1330 573 1364; x_wconf 86' lang='grc' dir='ltr'>τὴν</span> <span class='ocrx_word' id='word_1_234' title='bbox 585 1330 664 1364; x_wconf 84' lang='grc' dir='ltr'>φύσιν</span> <span class='ocrx_word' id='word_1_235' title='bbox 678 1330 706 1356; x_wconf 88' lang='grc' dir='ltr'><strong>ἐν</strong></span> <span class='ocrx_word' id='word_1_236' title='bbox 725 1331 781 1362; x_wconf 84' lang='grc' dir='ltr'>τοῖς</span> <span class='ocrx_word' id='word_1_237' title='bbox 797 1330 843 1357; x_wconf 86' lang='grc' dir='ltr'>οὖ-</span> 
     </span>
    </p>
   </div>
   <div class='ocr_carea' id='block_1_30' title="bbox 56 1372 843 1410">
    <p class='ocr_par' dir='ltr' id='par_1_30' title="bbox 56 1372 843 1410">
     <span class='ocr_line' id='line_1_30' title="bbox 56 1372 843 1410; baseline 0.004 -12"><span class='ocrx_word' id='word_1_238' title='bbox 56 1381 93 1398; x_wconf 85' lang='grc' dir='ltr'>·ιω</span> <span class='ocrx_word' id='word_1_239' title='bbox 106 1372 284 1408; x_wconf 76' lang='grc' dir='ltr'>διῃρημένοις</span> <span class='ocrx_word' id='word_1_240' title='bbox 298 1373 423 1407; x_wconf 76' lang='grc' dir='ltr'>ἀριθμοῖς</span> <span class='ocrx_word' id='word_1_241' title='bbox 434 1373 551 1408; x_wconf 83' lang='grc' dir='ltr'>διαιρεῖ·</span> <span class='ocrx_word' id='word_1_242' title='bbox 576 1375 604 1401; x_wconf 82' lang='grc' dir='ltr'><strong>ἐν</strong></span> <span class='ocrx_word' id='word_1_243' title='bbox 624 1374 652 1401; x_wconf 77' lang='grc' dir='ltr'>δὲ</span> <span class='ocrx_word' id='word_1_244' title='bbox 678 1374 716 1410; x_wconf 85' lang='grc' dir='ltr'>τῷ</span> <span class='ocrx_word' id='word_1_245' title='bbox 742 1375 843 1401; x_wconf 82' lang='grc' dir='ltr'>ἁπλου-</span> 
     </span>
    </p>
   </div>
   <div class='ocr_carea' id='block_1_31' title="bbox 58 1419 844 1456">
    <p class='ocr_par' dir='ltr' id='par_1_31' title="bbox 58 1419 844 1456">
     <span class='ocr_line' id='line_1_31' title="bbox 58 1419 844 1456; baseline 0.004 -12"><span class='ocrx_word' id='word_1_246' title='bbox 58 1419 149 1454; x_wconf 79' lang='grc' dir='ltr'>στάτῳ</span> <span class='ocrx_word' id='word_1_247' title='bbox 169 1419 217 1445; x_wconf 85' lang='grc' dir='ltr'><strong>καὶ</strong></span> <span class='ocrx_word' id='word_1_248' title='bbox 235 1419 393 1454; x_wconf 82' lang='grc' dir='ltr'>νοερωτάτῳ</span> <span class='ocrx_word' id='word_1_249' title='bbox 403 1419 463 1454; x_wconf 87' lang='grc' dir='ltr'><strong>Θεῷ</strong></span> <span class='ocrx_word' id='word_1_250' title='bbox 475 1419 524 1455; x_wconf 82' lang='grc' dir='ltr'>τὴν</span> <span class='ocrx_word' id='word_1_251' title='bbox 535 1421 636 1456; x_wconf 87' lang='grc' dir='ltr'>νοητὴν</span> <span class='ocrx_word' id='word_1_252' title='bbox 649 1421 786 1455; x_wconf 74' lang='grc' dir='ltr'>ἀναφορὰν</span> <span class='ocrx_word' id='word_1_253' title='bbox 802 1422 844 1447; x_wconf 82' lang='grc' dir='ltr'>αι-</span> 
     </span>
    </p>
   </div>
   <div class='ocr_carea' id='block_1_32' title="bbox 57 1463 844 1500">
    <p class='ocr_par' dir='ltr' id='par_1_32' title="bbox 57 1463 844 1500">
     <span class='ocr_line' id='line_1_32' title="bbox 57 1463 844 1500; baseline 0.004 -10"><span class='ocrx_word' id='word_1_254' title='bbox 57 1463 117 1491; x_wconf 84' lang='grc' dir='ltr'>τίαν</span> <span class='ocrx_word' id='word_1_255' title='bbox 131 1463 229 1498; x_wconf 74' lang='grc' dir='ltr'>ἔχουσα</span> <span class='ocrx_word' id='word_1_256' title='bbox 246 1465 330 1499; x_wconf 86' lang='grc' dir='ltr'>μόνην</span> <span class='ocrx_word' id='word_1_257' title='bbox 340 1465 370 1491; x_wconf 86' lang='grc' dir='ltr'>οὑ</span> <span class='ocrx_word' id='word_1_258' title='bbox 384 1465 482 1499; x_wconf 75' lang='grc' dir='ltr'>διαιρεῖ</span> <span class='ocrx_word' id='word_1_259' title='bbox 496 1465 544 1500; x_wconf 80' lang='grc' dir='ltr'>τὴν</span> <span class='ocrx_word' id='word_1_260' title='bbox 560 1466 630 1493; x_wconf 83' lang='grc' dir='ltr'>κατὰ</span> <span class='ocrx_word' id='word_1_261' title='bbox 655 1466 735 1500; x_wconf 80' lang='grc' dir='ltr'>φύσιν</span> <span class='ocrx_word' id='word_1_262' title='bbox 753 1466 844 1500; x_wconf 80' lang='grc' dir='ltr'>ἑνότη-</span> 
     </span>
    </p>
   </div>
   <div class='ocr_carea' id='block_1_33' title="bbox 58 1508 844 1546">
    <p class='ocr_par' dir='ltr' id='par_1_33' title="bbox 58 1508 844 1546">
     <span class='ocr_line' id='line_1_33' title="bbox 58 1508 844 1546; baseline 0.005 -12"><span class='ocrx_word' id='word_1_263' title='bbox 58 1517 104 1536; x_wconf 85' lang='grc' dir='ltr'>τα.</span> <span class='ocrx_word' id='word_1_264' title='bbox 122 1509 179 1541; x_wconf 75' lang='grc' dir='ltr'>Καὶ</span> <span class='ocrx_word' id='word_1_265' title='bbox 195 1509 294 1541; x_wconf 66' lang='grc' dir='ltr'>πολλὰς</span> <span class='ocrx_word' id='word_1_266' title='bbox 317 1509 398 1541; x_wconf 80' lang='grc' dir='ltr'>ἄλλοις</span> <span class='ocrx_word' id='word_1_267' title='bbox 414 1511 487 1542; x_wconf 77' lang='grc' dir='ltr'>είκδς</span> <span class='ocrx_word' id='word_1_268' title='bbox 502 1508 571 1538; x_wconf 75' lang='grc' dir='ltr'>εἶναι</span> <span class='ocrx_word' id='word_1_269' title='bbox 590 1511 720 1546; x_wconf 70' lang='grc' dir='ltr'>διαφορὰς</span> <span class='ocrx_word' id='word_1_270' title='bbox 740 1511 791 1545; x_wconf 83' lang='grc' dir='ltr'>τῆς</span> <span class='ocrx_word' id='word_1_271' title='bbox 815 1520 844 1538; x_wconf 83' lang='grc' dir='ltr'><strong>τε</strong></span> 
     </span>
    </p>
   </div>
   <div class='ocr_carea' id='block_1_34' title="bbox 881 279 1666 315">
    <p class='ocr_par' dir='ltr' id='par_1_34' title="bbox 881 279 1666 315">
     <span class='ocr_line' id='line_1_34' title="bbox 881 279 1666 315; baseline -0.004 -8"><span class='ocrx_word' id='word_1_272' title='bbox 881 281 993 308; x_wconf 89' lang='lat' dir='ltr'><strong>luntatis</strong></span> <span class='ocrx_word' id='word_1_273' title='bbox 1007 281 1062 308; x_wconf 88' lang='lat' dir='ltr'><strong>sint</strong></span> <span class='ocrx_word' id='word_1_274' title='bbox 1080 288 1174 315; x_wconf 75' lang='lat' dir='ltr'><strong>opera,</strong></span> <span class='ocrx_word' id='word_1_275' title='bbox 1188 286 1323 315; x_wconf 74' lang='lat' dir='ltr'><strong>quatenus</strong></span> <span class='ocrx_word' id='word_1_276' title='bbox 1340 285 1381 306; x_wconf 87' lang='lat' dir='ltr'><strong>est</strong></span> <span class='ocrx_word' id='word_1_277' title='bbox 1401 283 1427 307; x_wconf 89' lang='lat' dir='ltr'><strong>et</strong></span> <span class='ocrx_word' id='word_1_278' title='bbox 1452 279 1511 305; x_wconf 87' lang='lat' dir='ltr'><strong>aliis</strong></span> <span class='ocrx_word' id='word_1_279' title='bbox 1530 279 1648 306; x_wconf 86' lang='lat' dir='ltr'><strong>benetica</strong></span> <span class='ocrx_word' id='word_1_280' title='bbox 1660 298 1666 305; x_wconf 92' lang='lat'><em>.</em></span> 
     </span>
    </p>
   </div>
   <div class='ocr_carea' id='block_1_35' title="bbox 882 325 1667 360">
    <p class='ocr_par' dir='ltr' id='par_1_35' title="bbox 882 325 1667 360">
     <span class='ocr_line' id='line_1_35' title="bbox 882 325 1667 360; baseline -0.005 -7"><span class='ocrx_word' id='word_1_281' title='bbox 882 325 949 354; x_wconf 84' lang='lat' dir='ltr'><strong>Nam</strong></span> <span class='ocrx_word' id='word_1_282' title='bbox 968 334 1076 360; x_wconf 81' lang='lat' dir='ltr'><strong>semper</strong></span> <span class='ocrx_word' id='word_1_283' title='bbox 1102 327 1211 353; x_wconf 73' lang='lat' dir='ltr'><strong>volebat</strong></span> <span class='ocrx_word' id='word_1_284' title='bbox 1238 326 1295 352; x_wconf 79' lang='lat' dir='ltr'><strong>fore</strong></span> <span class='ocrx_word' id='word_1_285' title='bbox 1308 329 1337 353; x_wconf 90' lang='lat' dir='ltr'><strong>ut</strong></span> <span class='ocrx_word' id='word_1_286' title='bbox 1354 326 1472 352; x_wconf 86' lang='lat' dir='ltr'><strong>mundus</strong></span> <span class='ocrx_word' id='word_1_287' title='bbox 1504 329 1584 357; x_wconf 80' lang='lat' dir='ltr'><strong>esset,</strong></span> <span class='ocrx_word' id='word_1_288' title='bbox 1615 333 1667 351; x_wconf 87' lang='lat' dir='ltr'><strong>non</strong></span> 
     </span>
    </p>
   </div>
   <div class='ocr_carea' id='block_1_36' title="bbox 882 370 1669 406">
    <p class='ocr_par' dir='ltr' id='par_1_36' title="bbox 882 370 1669 406">
     <span class='ocr_line' id='line_1_36' title="bbox 882 370 1669 406; baseline -0.004 -8"><span class='ocrx_word' id='word_1_289' title='bbox 882 377 971 399; x_wconf 87' lang='lat' dir='ltr'><strong>autem</strong></span> <span class='ocrx_word' id='word_1_290' title='bbox 988 378 1016 399; x_wconf 89' lang='lat' dir='ltr'><strong>ut</strong></span> <span class='ocrx_word' id='word_1_291' title='bbox 1034 380 1141 406; x_wconf 85' lang='lat' dir='ltr'><strong>semper</strong></span> <span class='ocrx_word' id='word_1_292' title='bbox 1157 371 1301 399; x_wconf 76' lang='lat' dir='ltr'><strong>exsisteret</strong></span> <span class='ocrx_word' id='word_1_293' title='bbox 1318 379 1325 403; x_wconf 85' lang='lat'><strong>;</strong></span> <span class='ocrx_word' id='word_1_294' title='bbox 1339 378 1388 398; x_wconf 90' lang='lat' dir='ltr'><strong>nec</strong></span> <span class='ocrx_word' id='word_1_295' title='bbox 1401 371 1473 397; x_wconf 91' lang='lat' dir='ltr'><strong>enim</strong></span> <span class='ocrx_word' id='word_1_296' title='bbox 1496 375 1557 404; x_wconf 85' lang='lat' dir='ltr'><strong>pote</strong></span> <span class='ocrx_word' id='word_1_297' title='bbox 1572 370 1669 397; x_wconf 74' lang='lat' dir='ltr'><strong>fuisset.</strong></span> 
     </span>
    </p>
   </div>
   <div class='ocr_carea' id='block_1_37' title="bbox 883 416 1670 453">
    <p class='ocr_par' dir='ltr' id='par_1_37' title="bbox 883 416 1670 453">
     <span class='ocr_line' id='line_1_37' title="bbox 883 416 1670 453; baseline -0.005 -7"><span class='ocrx_word' id='word_1_298' title='bbox 883 420 957 446; x_wconf 92' lang='lat' dir='ltr'><strong>illum</strong></span> <span class='ocrx_word' id='word_1_299' title='bbox 970 425 1077 453; x_wconf 87' lang='lat' dir='ltr'><strong>semper</strong></span> <span class='ocrx_word' id='word_1_300' title='bbox 1090 425 1152 445; x_wconf 85' lang='lat' dir='ltr'><strong>esse</strong></span> <span class='ocrx_word' id='word_1_301' title='bbox 1163 421 1209 444; x_wconf 89' lang='lat' dir='ltr'><strong>aut</strong></span> <span class='ocrx_word' id='word_1_302' title='bbox 1226 416 1295 448; x_wconf 80' lang='lat' dir='ltr'><strong>fore,</strong></span> <span class='ocrx_word' id='word_1_303' title='bbox 1307 424 1340 443; x_wconf 73' lang='lat' dir='ltr'><strong>ex</strong></span> <span class='ocrx_word' id='word_1_304' title='bbox 1350 423 1466 451; x_wconf 80' lang='lat' dir='ltr'><strong>quorum</strong></span> <span class='ocrx_word' id='word_1_305' title='bbox 1481 416 1565 443; x_wconf 88' lang='lat' dir='ltr'><strong>altero</strong></span> <span class='ocrx_word' id='word_1_306' title='bbox 1577 423 1670 443; x_wconf 88' lang='lat' dir='ltr'><strong>consc-</strong></span> 
     </span>
    </p>
   </div>
   <div class='ocr_carea' id='block_1_38' title="bbox 883 462 1670 499">
    <p class='ocr_par' dir='ltr' id='par_1_38' title="bbox 883 462 1670 499">
     <span class='ocr_line' id='line_1_38' title="bbox 883 462 1670 499; baseline -0.005 -10"><span class='ocrx_word' id='word_1_307' title='bbox 883 464 976 499; x_wconf 85' lang='lat' dir='ltr'><strong>quitnr</strong></span> <span class='ocrx_word' id='word_1_308' title='bbox 986 469 1013 491; x_wconf 91' lang='lat' dir='ltr'><strong>ut</strong></span> <span class='ocrx_word' id='word_1_309' title='bbox 1025 471 1164 499; x_wconf 85' lang='lat' dir='ltr'><strong>nunquam</strong></span> <span class='ocrx_word' id='word_1_310' title='bbox 1176 463 1326 495; x_wconf 74' lang='lat' dir='ltr'><strong>exsisteret,</strong></span> <span class='ocrx_word' id='word_1_311' title='bbox 1336 470 1368 489; x_wconf 83' lang='lat' dir='ltr'><strong>ex</strong></span> <span class='ocrx_word' id='word_1_312' title='bbox 1383 462 1467 489; x_wconf 84' lang='lat' dir='ltr'><strong>altero</strong></span> <span class='ocrx_word' id='word_1_313' title='bbox 1479 465 1508 488; x_wconf 85' lang='lat' dir='ltr'><strong>ut</strong></span> <span class='ocrx_word' id='word_1_314' title='bbox 1518 462 1654 488; x_wconf 80' lang='lat' dir='ltr'><strong>exsisterel</strong></span> <span class='ocrx_word' id='word_1_315' title='bbox 1663 481 1670 493; x_wconf 85' lang='lat'><strong>,</strong></span> 
     </span>
    </p>
   </div>
   <div class='ocr_carea' id='block_1_39' title="bbox 883 507 1673 544">
    <p class='ocr_par' dir='ltr' id='par_1_39' title="bbox 883 507 1673 544">
     <span class='ocr_line' id='line_1_39' title="bbox 883 507 1673 544; baseline -0.005 -8"><span class='ocrx_word' id='word_1_316' title='bbox 883 510 991 537; x_wconf 91' lang='lat' dir='ltr'><strong>tametsi</strong></span> <span class='ocrx_word' id='word_1_317' title='bbox 1015 517 1153 544; x_wconf 83' lang='lat' dir='ltr'><strong>nunquam</strong></span> <span class='ocrx_word' id='word_1_318' title='bbox 1182 508 1308 536; x_wconf 79' lang='lat' dir='ltr'><strong>eﬂ&#39;ectus.</strong></span> <span class='ocrx_word' id='word_1_319' title='bbox 1338 508 1400 534; x_wconf 54' lang='lat' dir='ltr'><strong>Haec</strong></span> <span class='ocrx_word' id='word_1_320' title='bbox 1422 508 1503 542; x_wconf 71' lang='lat' dir='ltr'><strong>igitur</strong></span> <span class='ocrx_word' id='word_1_321' title='bbox 1516 512 1616 534; x_wconf 74' lang='lat' dir='ltr'><strong>aeterna</strong></span> <span class='ocrx_word' id='word_1_322' title='bbox 1631 507 1673 533; x_wconf 90' lang='lat' dir='ltr'><strong>in-</strong></span> 
     </span>
    </p>
   </div>
   <div class='ocr_carea' id='block_1_40' title="bbox 885 552 1672 590">
    <p class='ocr_par' dir='ltr' id='par_1_40' title="bbox 885 552 1672 590">
     <span class='ocr_line' id='line_1_40' title="bbox 885 552 1672 590; baseline -0.005 -8"><span class='ocrx_word' id='word_1_323' title='bbox 885 555 1036 590; x_wconf 78' lang='lat' dir='ltr'><strong>telligentia</strong></span> <span class='ocrx_word' id='word_1_324' title='bbox 1067 563 1098 582; x_wconf 78' lang='lat' dir='ltr'><strong>ex</strong></span> <span class='ocrx_word' id='word_1_325' title='bbox 1122 555 1227 589; x_wconf 79' lang='lat' dir='ltr'><strong>integro</strong></span> <span class='ocrx_word' id='word_1_326' title='bbox 1249 562 1301 581; x_wconf 88' lang='lat' dir='ltr'><strong>una</strong></span> <span class='ocrx_word' id='word_1_327' title='bbox 1332 558 1373 581; x_wconf 85' lang='lat' dir='ltr'><strong>cst</strong></span> <span class='ocrx_word' id='word_1_328' title='bbox 1392 554 1419 579; x_wconf 91' lang='lat' dir='ltr'><strong>in</strong></span> <span class='ocrx_word' id='word_1_329' title='bbox 1449 553 1536 587; x_wconf 87' lang='lat' dir='ltr'><strong>primo</strong></span> <span class='ocrx_word' id='word_1_330' title='bbox 1568 552 1672 579; x_wconf 84' lang='lat' dir='ltr'><strong>intelle-</strong></span> 
     </span>
    </p>
   </div>
   <div class='ocr_carea' id='block_1_41' title="bbox 885 597 1671 636">
    <p class='ocr_par' dir='ltr' id='par_1_41' title="bbox 885 597 1671 636">
     <span class='ocr_line' id='line_1_41' title="bbox 885 597 1671 636; baseline -0.006 -8"><span class='ocrx_word' id='word_1_331' title='bbox 885 606 931 628; x_wconf 90' lang='lat' dir='ltr'><strong>ctu</strong></span> <span class='ocrx_word' id='word_1_332' title='bbox 948 601 1032 636; x_wconf 75' lang='lat' dir='ltr'><strong>signis</strong></span> <span class='ocrx_word' id='word_1_333' title='bbox 1046 606 1150 627; x_wconf 85' lang='lat' dir='ltr'><strong>tantum</strong></span> <span class='ocrx_word' id='word_1_334' title='bbox 1166 600 1200 627; x_wconf 88' lang='lat' dir='ltr'><strong>ab</strong></span> <span class='ocrx_word' id='word_1_335' title='bbox 1213 600 1388 634; x_wconf 69' lang='lat' dir='ltr'><strong>intelligentia</strong></span> <span class='ocrx_word' id='word_1_336' title='bbox 1399 599 1527 625; x_wconf 84' lang='lat' dir='ltr'><strong>discreta.</strong></span> <span class='ocrx_word' id='word_1_337' title='bbox 1539 597 1671 624; x_wconf 57' lang='lat' dir='ltr'><strong>Praeterea</strong></span> 
     </span>
    </p>
   </div>
   <div class='ocr_carea' id='block_1_42' title="bbox 886 643 1675 679">
    <p class='ocr_par' dir='ltr' id='par_1_42' title="bbox 886 643 1675 679">
     <span class='ocr_line' id='line_1_42' title="bbox 886 643 1675 679; baseline -0.004 -5"><span class='ocrx_word' id='word_1_338' title='bbox 886 647 914 674; x_wconf 92' lang='lat' dir='ltr'><strong>in</strong></span> <span class='ocrx_word' id='word_1_339' title='bbox 926 647 1046 674; x_wconf 85' lang='lat' dir='ltr'><strong>humano</strong></span> <span class='ocrx_word' id='word_1_340' title='bbox 1058 647 1196 674; x_wconf 83' lang='lat' dir='ltr'><strong>intellectu</strong></span> <span class='ocrx_word' id='word_1_341' title='bbox 1211 646 1283 673; x_wconf 81' lang='lat' dir='ltr'><strong>aliud</strong></span> <span class='ocrx_word' id='word_1_342' title='bbox 1299 650 1340 672; x_wconf 87' lang='lat' dir='ltr'><strong>est</strong></span> <span class='ocrx_word' id='word_1_343' title='bbox 1354 653 1410 672; x_wconf 89' lang='lat' dir='ltr'><strong>rem</strong></span> <span class='ocrx_word' id='word_1_344' title='bbox 1428 645 1589 679; x_wconf 79' lang='lat' dir='ltr'><strong>intelligere,</strong></span> <span class='ocrx_word' id='word_1_345' title='bbox 1602 643 1675 671; x_wconf 89' lang='lat' dir='ltr'><strong>aliud</strong></span> 
     </span>
    </p>
   </div>
   <div class='ocr_carea' id='block_1_43' title="bbox 887 691 1674 725">
    <p class='ocr_par' dir='ltr' id='par_1_43' title="bbox 887 691 1674 725">
     <span class='ocr_line' id='line_1_43' title="bbox 887 691 1674 725; baseline -0.005 -6"><span class='ocrx_word' id='word_1_346' title='bbox 887 692 1100 721; x_wconf 88' lang='lat' dir='ltr'><strong>intellectionem</strong></span> <span class='ocrx_word' id='word_1_347' title='bbox 1116 692 1291 724; x_wconf 86' lang='lat' dir='ltr'><strong>intellectam,</strong></span> <span class='ocrx_word' id='word_1_348' title='bbox 1306 699 1366 718; x_wconf 88' lang='lat' dir='ltr'><strong>cum</strong></span> <span class='ocrx_word' id='word_1_349' title='bbox 1381 691 1414 717; x_wconf 82' lang='lat' dir='ltr'><strong>ad</strong></span> <span class='ocrx_word' id='word_1_350' title='bbox 1426 691 1564 725; x_wconf 84' lang='lat' dir='ltr'><strong>propriam</strong></span> <span class='ocrx_word' id='word_1_351' title='bbox 1578 697 1674 724; x_wconf 87' lang='lat' dir='ltr'><strong>opera-</strong></span> 
     </span>
    </p>
   </div>
   <div class='ocr_carea' id='block_1_44' title="bbox 888 736 1674 770">
    <p class='ocr_par' dir='ltr' id='par_1_44' title="bbox 888 736 1674 770">
     <span class='ocr_line' id='line_1_44' title="bbox 888 736 1674 770; baseline -0.005 -5"><span class='ocrx_word' id='word_1_352' title='bbox 888 738 988 765; x_wconf 85' lang='lat' dir='ltr'><strong>tionem</strong></span> <span class='ocrx_word' id='word_1_353' title='bbox 999 738 1151 765; x_wconf 87' lang='lat' dir='ltr'><strong>intellectus</strong></span> <span class='ocrx_word' id='word_1_354' title='bbox 1160 738 1327 765; x_wconf 83' lang='lat' dir='ltr'><strong>convertitur</strong></span> <span class='ocrx_word' id='word_1_355' title='bbox 1336 745 1344 770; x_wconf 87' lang='lat'><strong>;</strong></span> <span class='ocrx_word' id='word_1_356' title='bbox 1354 736 1426 763; x_wconf 88' lang='lat' dir='ltr'><strong>unde</strong></span> <span class='ocrx_word' id='word_1_357' title='bbox 1434 737 1492 763; x_wconf 78' lang='lat' dir='ltr'><strong>aliae</strong></span> <span class='ocrx_word' id='word_1_358' title='bbox 1502 742 1562 763; x_wconf 86' lang='lat' dir='ltr'><strong>sunt</strong></span> <span class='ocrx_word' id='word_1_359' title='bbox 1573 743 1674 766; x_wconf 89' lang='lat' dir='ltr'><strong>rerum,</strong></span> 
     </span>
    </p>
   </div>
   <div class='ocr_carea' id='block_1_45' title="bbox 888 780 1670 811">
    <p class='ocr_par' dir='ltr' id='par_1_45' title="bbox 888 780 1670 811">
     <span class='ocr_line' id='line_1_45' title="bbox 888 780 1670 811; baseline -0.005 -1"><span class='ocrx_word' id='word_1_360' title='bbox 888 783 946 811; x_wconf 72' lang='lat' dir='ltr'><strong>alia:</strong></span> <span class='ocrx_word' id='word_1_361' title='bbox 960 783 993 810; x_wconf 86' lang='lat' dir='ltr'><strong>de</strong></span> <span class='ocrx_word' id='word_1_362' title='bbox 1009 783 1092 811; x_wconf 83' lang='lat' dir='ltr'><strong>rebus</strong></span> <span class='ocrx_word' id='word_1_363' title='bbox 1108 784 1320 810; x_wconf 84' lang='lat' dir='ltr'><strong>intellectionum</strong></span> <span class='ocrx_word' id='word_1_364' title='bbox 1333 782 1446 808; x_wconf 77' lang='lat' dir='ltr'><strong>notitiae.</strong></span> <span class='ocrx_word' id='word_1_365' title='bbox 1464 780 1626 807; x_wconf 79' lang='lat' dir='ltr'><strong>Verumboc</strong></span> <span class='ocrx_word' id='word_1_366' title='bbox 1643 781 1670 807; x_wconf 92' lang='lat' dir='ltr'><strong>in</strong></span> 
     </span>
    </p>
   </div>
   <div class='ocr_carea' id='block_1_46' title="bbox 890 828 1674 859">
    <p class='ocr_par' dir='ltr' id='par_1_46' title="bbox 890 828 1674 859">
     <span class='ocr_line' id='line_1_46' title="bbox 890 828 1674 859; baseline -0.006 0"><span class='ocrx_word' id='word_1_367' title='bbox 890 831 943 859; x_wconf 87' lang='lat' dir='ltr'><strong>Deo</strong></span> <span class='ocrx_word' id='word_1_368' title='bbox 957 838 1011 858; x_wconf 90' lang='lat' dir='ltr'><strong>non</strong></span> <span class='ocrx_word' id='word_1_369' title='bbox 1027 830 1168 859; x_wconf 77' lang='lat' dir='ltr'><strong>diil&#39;erunt.</strong></span> <span class='ocrx_word' id='word_1_370' title='bbox 1179 830 1293 857; x_wconf 82' lang='lat' dir='ltr'><strong>Aliunde</strong></span> <span class='ocrx_word' id='word_1_371' title='bbox 1306 830 1375 856; x_wconf 82' lang='lat' dir='ltr'><strong>ratio</strong></span> <span class='ocrx_word' id='word_1_372' title='bbox 1387 833 1414 856; x_wconf 87' lang='lat' dir='ltr'><strong>et</strong></span> <span class='ocrx_word' id='word_1_373' title='bbox 1429 829 1554 855; x_wconf 77' lang='lat' dir='ltr'><strong>voluntas</strong></span> <span class='ocrx_word' id='word_1_374' title='bbox 1581 828 1607 854; x_wconf 90' lang='lat' dir='ltr'><strong>in</strong></span> <span class='ocrx_word' id='word_1_375' title='bbox 1626 828 1674 854; x_wconf 89' lang='lat' dir='ltr'><strong>ho-</strong></span> 
     </span>
    </p>
   </div>
   <div class='ocr_carea' id='block_1_47' title="bbox 890 878 1676 912">
    <p class='ocr_par' dir='ltr' id='par_1_47' title="bbox 890 878 1676 912">
     <span class='ocr_line' id='line_1_47' title="bbox 890 878 1676 912; baseline -0.008 -6"><span class='ocrx_word' id='word_1_376' title='bbox 890 879 963 906; x_wconf 76' lang='lat' dir='ltr'><strong>mine</strong></span> <span class='ocrx_word' id='word_1_377' title='bbox 971 887 1025 906; x_wconf 91' lang='lat' dir='ltr'><strong>non</strong></span> <span class='ocrx_word' id='word_1_378' title='bbox 1039 885 1130 905; x_wconf 84' lang='lat' dir='ltr'><strong>revera</strong></span> <span class='ocrx_word' id='word_1_379' title='bbox 1142 878 1347 912; x_wconf 82' lang='lat' dir='ltr'><strong>distinguuntur</strong></span> <span class='ocrx_word' id='word_1_380' title='bbox 1359 884 1421 911; x_wconf 77' lang='lat' dir='ltr'><strong>erga</strong></span> <span class='ocrx_word' id='word_1_381' title='bbox 1435 880 1640 911; x_wconf 70' lang='lat' dir='ltr'><strong>cognoscentem</strong></span> <span class='ocrx_word' id='word_1_382' title='bbox 1651 880 1676 900; x_wconf 72' lang='grc' dir='ltr'>(ιι,</span> 
     </span>
    </p>
   </div>
   <div class='ocr_carea' id='block_1_48' title="bbox 889 921 1677 956">
    <p class='ocr_par' dir='ltr' id='par_1_48' title="bbox 889 921 1677 956">
     <span class='ocr_line' id='line_1_48' title="bbox 889 921 1677 956; baseline -0.006 -4"><span class='ocrx_word' id='word_1_383' title='bbox 889 925 1025 952; x_wconf 88' lang='lat' dir='ltr'><strong>volentem</strong></span> <span class='ocrx_word' id='word_1_384' title='bbox 1044 924 1222 952; x_wconf 81' lang='lat' dir='ltr'><strong>intellectum.</strong></span> <span class='ocrx_word' id='word_1_385' title='bbox 1232 923 1357 950; x_wconf 87' lang='lat' dir='ltr'><strong>Divinum</strong></span> <span class='ocrx_word' id='word_1_386' title='bbox 1371 930 1435 950; x_wconf 89' lang='lat' dir='ltr'><strong>vero</strong></span> <span class='ocrx_word' id='word_1_387' title='bbox 1446 922 1563 949; x_wconf 83' lang='lat' dir='ltr'><strong>Verbum</strong></span> <span class='ocrx_word' id='word_1_388' title='bbox 1579 926 1605 948; x_wconf 86' lang='lat' dir='ltr'><strong>et</strong></span> <span class='ocrx_word' id='word_1_389' title='bbox 1616 921 1677 956; x_wconf 86' lang='lat' dir='ltr'><strong>Spi-</strong></span> 
     </span>
    </p>
   </div>
   <div class='ocr_carea' id='block_1_49' title="bbox 890 966 1678 1002">
    <p class='ocr_par' dir='ltr' id='par_1_49' title="bbox 890 966 1678 1002">
     <span class='ocr_line' id='line_1_49' title="bbox 890 966 1678 1002; baseline -0.006 -4"><span class='ocrx_word' id='word_1_390' title='bbox 890 972 960 998; x_wconf 86' lang='lat' dir='ltr'><strong>ritus</strong></span> <span class='ocrx_word' id='word_1_391' title='bbox 971 974 1085 998; x_wconf 87' lang='lat' dir='ltr'><strong>sanctus</strong></span> <span class='ocrx_word' id='word_1_392' title='bbox 1100 969 1207 997; x_wconf 87' lang='lat' dir='ltr'><strong>realiter</strong></span> <span class='ocrx_word' id='word_1_393' title='bbox 1218 977 1232 995; x_wconf 90' lang='lat' dir='ltr'><strong>a</strong></span> <span class='ocrx_word' id='word_1_394' title='bbox 1243 969 1324 996; x_wconf 88' lang='lat' dir='ltr'><strong>Patre</strong></span> <span class='ocrx_word' id='word_1_395' title='bbox 1340 968 1554 1002; x_wconf 78' lang='lat' dir='ltr'><strong>distinguuntur.</strong></span> <span class='ocrx_word' id='word_1_396' title='bbox 1565 966 1631 994; x_wconf 87' lang='lat' dir='ltr'><strong>Nam</strong></span> <span class='ocrx_word' id='word_1_397' title='bbox 1644 967 1678 993; x_wconf 89' lang='lat' dir='ltr'><strong>il-</strong></span> 
     </span>
    </p>
   </div>
   <div class='ocr_carea' id='block_1_50' title="bbox 889 1013 1679 1051">
    <p class='ocr_par' dir='ltr' id='par_1_50' title="bbox 889 1013 1679 1051">
     <span class='ocr_line' id='line_1_50' title="bbox 889 1013 1679 1051; baseline -0.008 -7"><span class='ocrx_word' id='word_1_398' title='bbox 889 1017 926 1044; x_wconf 87' lang='lat' dir='ltr'><strong>lic</strong></span> <span class='ocrx_word' id='word_1_399' title='bbox 943 1020 1050 1051; x_wconf 83' lang='lat' dir='ltr'><strong>oportet</strong></span> <span class='ocrx_word' id='word_1_400' title='bbox 1065 1021 1095 1042; x_wconf 94' lang='lat' dir='ltr'><strong>ut</strong></span> <span class='ocrx_word' id='word_1_401' title='bbox 1114 1015 1149 1042; x_wconf 86' lang='lat' dir='ltr'><strong>sit</strong></span> <span class='ocrx_word' id='word_1_402' title='bbox 1164 1019 1268 1042; x_wconf 74' lang='lat' dir='ltr'><strong>natura:</strong></span> <span class='ocrx_word' id='word_1_403' title='bbox 1284 1021 1389 1041; x_wconf 89' lang='lat' dir='ltr'><strong>summa</strong></span> <span class='ocrx_word' id='word_1_404' title='bbox 1404 1014 1505 1046; x_wconf 80' lang='lat' dir='ltr'><strong>unitas,</strong></span> <span class='ocrx_word' id='word_1_405' title='bbox 1519 1016 1549 1039; x_wconf 91' lang='lat' dir='ltr'><strong>ut</strong></span> <span class='ocrx_word' id='word_1_406' title='bbox 1562 1013 1614 1040; x_wconf 91' lang='lat' dir='ltr'><strong>Deo</strong></span> <span class='ocrx_word' id='word_1_407' title='bbox 1631 1021 1679 1047; x_wconf 84' lang='lat' dir='ltr'><strong>par</strong></span> 
     </span>
    </p>
   </div>
   <div class='ocr_carea' id='block_1_51' title="bbox 889 1059 1677 1096">
    <p class='ocr_par' dir='ltr' id='par_1_51' title="bbox 889 1059 1677 1096">
     <span class='ocr_line' id='line_1_51' title="bbox 889 1059 1677 1096; baseline -0.008 -6"><span class='ocrx_word' id='word_1_408' title='bbox 889 1068 942 1096; x_wconf 86' lang='lat' dir='ltr'><strong>est,</strong></span> <span class='ocrx_word' id='word_1_409' title='bbox 958 1066 985 1090; x_wconf 84' lang='lat' dir='ltr'><strong>et</strong></span> <span class='ocrx_word' id='word_1_410' title='bbox 998 1069 1060 1089; x_wconf 83' lang='lat' dir='ltr'><strong>vera</strong></span> <span class='ocrx_word' id='word_1_411' title='bbox 1080 1061 1206 1089; x_wconf 73' lang='lat' dir='ltr'><strong>similiter</strong></span> <span class='ocrx_word' id='word_1_412' title='bbox 1225 1065 1252 1087; x_wconf 90' lang='lat' dir='ltr'><strong>ct</strong></span> <span class='ocrx_word' id='word_1_413' title='bbox 1263 1060 1386 1088; x_wconf 82' lang='lat' dir='ltr'><strong>etTectiva</strong></span> <span class='ocrx_word' id='word_1_414' title='bbox 1404 1059 1559 1092; x_wconf 86' lang='lat' dir='ltr'><strong>distinctio,</strong></span> <span class='ocrx_word' id='word_1_415' title='bbox 1579 1059 1677 1085; x_wconf 87' lang='lat' dir='ltr'><strong>unitati</strong></span> 
     </span>
    </p>
   </div>
   <div class='ocr_carea' id='block_1_52' title="bbox 891 1103 1673 1136">
    <p class='ocr_par' dir='ltr' id='par_1_52' title="bbox 891 1103 1673 1136">
     <span class='ocr_line' id='line_1_52' title="bbox 891 1103 1673 1136; baseline -0.01 0"><span class='ocrx_word' id='word_1_416' title='bbox 891 1114 978 1136; x_wconf 88' lang='lat' dir='ltr'><strong>tamen</strong></span> <span class='ocrx_word' id='word_1_417' title='bbox 1008 1111 1112 1135; x_wconf 65' lang='lat' dir='ltr'><strong>naturae</strong></span> <span class='ocrx_word' id='word_1_418' title='bbox 1139 1107 1252 1134; x_wconf 89' lang='lat' dir='ltr'><strong>minime</strong></span> <span class='ocrx_word' id='word_1_419' title='bbox 1279 1106 1403 1133; x_wconf 78' lang='lat' dir='ltr'><strong>obstans.</strong></span> <span class='ocrx_word' id='word_1_420' title='bbox 1420 1104 1526 1132; x_wconf 86' lang='lat' dir='ltr'><strong>Etenim</strong></span> <span class='ocrx_word' id='word_1_421' title='bbox 1558 1103 1673 1130; x_wconf 83' lang='lat' dir='ltr'><strong>indivisa</strong></span> 
     </span>
    </p>
   </div>
   <div class='ocr_carea' id='block_1_53' title="bbox 890 1149 1678 1189">
    <p class='ocr_par' dir='ltr' id='par_1_53' title="bbox 890 1149 1678 1189">
     <span class='ocr_line' id='line_1_53' title="bbox 890 1149 1678 1189; baseline -0.009 -7"><span class='ocrx_word' id='word_1_422' title='bbox 890 1159 916 1182; x_wconf 82' lang='lat' dir='ltr'><strong>et</strong></span> <span class='ocrx_word' id='word_1_423' title='bbox 932 1154 1083 1189; x_wconf 77' lang='lat' dir='ltr'><strong>personalis</strong></span> <span class='ocrx_word' id='word_1_424' title='bbox 1094 1153 1237 1180; x_wconf 89' lang='lat' dir='ltr'><strong>distinctio</strong></span> <span class='ocrx_word' id='word_1_425' title='bbox 1250 1160 1309 1187; x_wconf 68' lang='lat' dir='ltr'><strong>qua!</strong></span> <span class='ocrx_word' id='word_1_426' title='bbox 1325 1153 1351 1179; x_wconf 91' lang='lat' dir='ltr'><strong>in</strong></span> <span class='ocrx_word' id='word_1_427' title='bbox 1375 1152 1508 1179; x_wconf 86' lang='lat' dir='ltr'><strong>creaturis</strong></span> <span class='ocrx_word' id='word_1_428' title='bbox 1537 1149 1678 1177; x_wconf 79' lang='lat' dir='ltr'><strong>materiam</strong></span> 
     </span>
    </p>
   </div>
   <div class='ocr_carea' id='block_1_54' title="bbox 891 1196 1678 1232">
    <p class='ocr_par' dir='ltr' id='par_1_54' title="bbox 891 1196 1678 1232">
     <span class='ocr_line' id='line_1_54' title="bbox 891 1196 1678 1232; baseline -0.009 -5"><span class='ocrx_word' id='word_1_429' title='bbox 891 1200 973 1227; x_wconf 82' lang='lat' dir='ltr'><strong>habet</strong></span> <span class='ocrx_word' id='word_1_430' title='bbox 990 1206 1114 1231; x_wconf 81' lang='lat' dir='ltr'><strong>causam,</strong></span> <span class='ocrx_word' id='word_1_431' title='bbox 1143 1198 1263 1232; x_wconf 87' lang='lat' dir='ltr'><strong>approbe</strong></span> <span class='ocrx_word' id='word_1_432' title='bbox 1285 1205 1333 1232; x_wconf 86' lang='lat' dir='ltr'><strong>per</strong></span> <span class='ocrx_word' id='word_1_433' title='bbox 1358 1196 1515 1230; x_wconf 86' lang='lat' dir='ltr'><strong>hujusmodi</strong></span> <span class='ocrx_word' id='word_1_434' title='bbox 1550 1202 1678 1222; x_wconf 73' lang='lat' dir='ltr'><strong>numeros</strong></span> 
     </span>
    </p>
   </div>
   <div class='ocr_carea' id='block_1_55' title="bbox 891 1241 1679 1278">
    <p class='ocr_par' dir='ltr' id='par_1_55' title="bbox 891 1241 1679 1278">
     <span class='ocr_line' id='line_1_55' title="bbox 891 1241 1679 1278; baseline -0.009 -5"><span class='ocrx_word' id='word_1_435' title='bbox 891 1251 1016 1273; x_wconf 86' lang='lat' dir='ltr'><strong>naturam</strong></span> <span class='ocrx_word' id='word_1_436' title='bbox 1033 1245 1138 1272; x_wconf 83' lang='lat' dir='ltr'><strong>dividit.</strong></span> <span class='ocrx_word' id='word_1_437' title='bbox 1153 1243 1205 1271; x_wconf 74' lang='lat' dir='ltr'><strong>Sed</strong></span> <span class='ocrx_word' id='word_1_438' title='bbox 1223 1243 1293 1278; x_wconf 87' lang='lat' dir='ltr'><strong>apud</strong></span> <span class='ocrx_word' id='word_1_439' title='bbox 1309 1242 1540 1276; x_wconf 87' lang='lat' dir='ltr'><strong>simplicissimum</strong></span> <span class='ocrx_word' id='word_1_440' title='bbox 1558 1245 1583 1268; x_wconf 88' lang='lat' dir='ltr'><strong>ct</strong></span> <span class='ocrx_word' id='word_1_441' title='bbox 1600 1241 1679 1268; x_wconf 90' lang='lat' dir='ltr'><strong>intel-</strong></span> 
     </span>
    </p>
   </div>
   <div class='ocr_carea' id='block_1_56' title="bbox 892 1287 1675 1325">
    <p class='ocr_par' dir='ltr' id='par_1_56' title="bbox 892 1287 1675 1325">
     <span class='ocr_line' id='line_1_56' title="bbox 892 1287 1675 1325; baseline -0.008 -7"><span class='ocrx_word' id='word_1_442' title='bbox 892 1291 1101 1325; x_wconf 71' lang='lat' dir='ltr'><strong>ligentissimum</strong></span> <span class='ocrx_word' id='word_1_443' title='bbox 1120 1290 1214 1322; x_wconf 86' lang='lat' dir='ltr'><strong>Deum,</strong></span> <span class='ocrx_word' id='word_1_444' title='bbox 1231 1297 1294 1316; x_wconf 88' lang='lat' dir='ltr'><strong>cum</strong></span> <span class='ocrx_word' id='word_1_445' title='bbox 1310 1297 1343 1315; x_wconf 79' lang='lat' dir='ltr'><strong>ex</strong></span> <span class='ocrx_word' id='word_1_446' title='bbox 1372 1287 1535 1322; x_wconf 77' lang='lat' dir='ltr'><strong>intelligibili</strong></span> <span class='ocrx_word' id='word_1_447' title='bbox 1570 1291 1675 1313; x_wconf 86' lang='lat' dir='ltr'><strong>tantum</strong></span> 
     </span>
    </p>
   </div>
   <div class='ocr_carea' id='block_1_57' title="bbox 893 1332 1680 1366">
    <p class='ocr_par' dir='ltr' id='par_1_57' title="bbox 893 1332 1680 1366">
     <span class='ocr_line' id='line_1_57' title="bbox 893 1332 1680 1366; baseline -0.01 -2"><span class='ocrx_word' id='word_1_448' title='bbox 893 1337 1022 1364; x_wconf 80' lang='lat' dir='ltr'><strong>relatione</strong></span> <span class='ocrx_word' id='word_1_449' title='bbox 1033 1343 1144 1364; x_wconf 85' lang='lat' dir='ltr'><strong>causam</strong></span> <span class='ocrx_word' id='word_1_450' title='bbox 1162 1335 1272 1366; x_wconf 85' lang='lat' dir='ltr'><strong>habeat,</strong></span> <span class='ocrx_word' id='word_1_451' title='bbox 1287 1339 1392 1362; x_wconf 64' lang='lat' dir='ltr'><strong>naturae</strong></span> <span class='ocrx_word' id='word_1_452' title='bbox 1410 1341 1463 1361; x_wconf 90' lang='lat' dir='ltr'><strong>non</strong></span> <span class='ocrx_word' id='word_1_453' title='bbox 1480 1332 1576 1360; x_wconf 78' lang='lat' dir='ltr'><strong>dividit</strong></span> <span class='ocrx_word' id='word_1_454' title='bbox 1591 1333 1680 1359; x_wconf 81' lang='lat' dir='ltr'><strong>Imita—</strong></span> 
     </span>
    </p>
   </div>
   <div class='ocr_carea' id='block_1_58' title="bbox 893 1379 1678 1417">
    <p class='ocr_par' dir='ltr' id='par_1_58' title="bbox 893 1379 1678 1417">
     <span class='ocr_line' id='line_1_58' title="bbox 893 1379 1678 1417; baseline -0.008 -6"><span class='ocrx_word' id='word_1_455' title='bbox 893 1388 957 1411; x_wconf 81' lang='lat' dir='ltr'><strong>tem.</strong></span> <span class='ocrx_word' id='word_1_456' title='bbox 973 1383 1027 1410; x_wconf 87' lang='lat' dir='ltr'><strong>Nec</strong></span> <span class='ocrx_word' id='word_1_457' title='bbox 1040 1383 1100 1409; x_wconf 87' lang='lat' dir='ltr'><strong>aliis</strong></span> <span class='ocrx_word' id='word_1_458' title='bbox 1118 1382 1212 1417; x_wconf 80' lang='lat' dir='ltr'><strong>paucis</strong></span> <span class='ocrx_word' id='word_1_459' title='bbox 1228 1381 1405 1416; x_wconf 86' lang='lat' dir='ltr'><strong>probabiliter</strong></span> <span class='ocrx_word' id='word_1_460' title='bbox 1417 1380 1489 1407; x_wconf 90' lang='lat' dir='ltr'><strong>inter</strong></span> <span class='ocrx_word' id='word_1_461' title='bbox 1506 1387 1536 1406; x_wconf 87' lang='lat' dir='ltr'><strong>se</strong></span> <span class='ocrx_word' id='word_1_462' title='bbox 1547 1379 1678 1406; x_wconf 80' lang='lat' dir='ltr'><strong>diti‘erunt</strong></span> 
     </span>
    </p>
   </div>
   <div class='ocr_carea' id='block_1_59' title="bbox 894 1425 1680 1463">
    <p class='ocr_par' dir='ltr' id='par_1_59' title="bbox 894 1425 1680 1463">
     <span class='ocr_line' id='line_1_59' title="bbox 894 1425 1680 1463; baseline -0.006 -7"><span class='ocrx_word' id='word_1_463' title='bbox 894 1430 1014 1456; x_wconf 87' lang='lat' dir='ltr'><strong>increata</strong></span> <span class='ocrx_word' id='word_1_464' title='bbox 1033 1429 1152 1456; x_wconf 86' lang='lat' dir='ltr'><strong>Trinitas</strong></span> <span class='ocrx_word' id='word_1_465' title='bbox 1163 1428 1234 1463; x_wconf 87' lang='lat' dir='ltr'><strong>apud</strong></span> <span class='ocrx_word' id='word_1_466' title='bbox 1265 1427 1360 1462; x_wconf 80' lang='lat' dir='ltr'><strong>Deum,</strong></span> <span class='ocrx_word' id='word_1_467' title='bbox 1387 1431 1414 1454; x_wconf 83' lang='lat' dir='ltr'><strong>et.</strong></span> <span class='ocrx_word' id='word_1_468' title='bbox 1442 1427 1513 1461; x_wconf 90' lang='lat' dir='ltr'><strong>apud</strong></span> <span class='ocrx_word' id='word_1_469' title='bbox 1544 1425 1680 1452; x_wconf 85' lang='lat' dir='ltr'><strong>hominem</strong></span> 
     </span>
    </p>
   </div>
   <div class='ocr_carea' id='block_1_60' title="bbox 894 1471 1681 1508">
    <p class='ocr_par' dir='ltr' id='par_1_60' title="bbox 894 1471 1681 1508">
     <span class='ocr_line' id='line_1_60' title="bbox 894 1471 1681 1508; baseline -0.005 -6"><span class='ocrx_word' id='word_1_470' title='bbox 894 1479 995 1503; x_wconf 83' lang='lat' dir='ltr'><strong>creata.</strong></span> <span class='ocrx_word' id='word_1_471' title='bbox 1012 1475 1045 1501; x_wconf 88' lang='lat' dir='ltr'><strong>At</strong></span> <span class='ocrx_word' id='word_1_472' title='bbox 1071 1475 1248 1508; x_wconf 77' lang='lat' dir='ltr'><strong>quantumvis</strong></span> <span class='ocrx_word' id='word_1_473' title='bbox 1264 1474 1355 1500; x_wconf 68' lang='lat' dir='ltr'><strong>multae</strong></span> <span class='ocrx_word' id='word_1_474' title='bbox 1369 1473 1424 1500; x_wconf 87' lang='lat' dir='ltr'><strong>sint</strong></span> <span class='ocrx_word' id='word_1_475' title='bbox 1438 1473 1496 1500; x_wconf 44' lang='lat' dir='ltr'><strong>haec</strong></span> <span class='ocrx_word' id='word_1_476' title='bbox 1525 1471 1681 1499; x_wconf 68' lang='lat' dir='ltr'><strong>differentia:</strong></span> 
     </span>
    </p>
   </div>
   <div class='ocr_carea' id='block_1_61' title="bbox 895 1520 1682 1555">
    <p class='ocr_par' dir='ltr' id='par_1_61' title="bbox 895 1520 1682 1555">
     <span class='ocr_line' id='line_1_61' title="bbox 895 1520 1682 1555; baseline -0.005 -7"><span class='ocrx_word' id='word_1_477' title='bbox 895 1528 948 1548; x_wconf 91' lang='lat' dir='ltr'><strong>non</strong></span> <span class='ocrx_word' id='word_1_478' title='bbox 969 1525 1058 1548; x_wconf 83' lang='lat' dir='ltr'><strong>cessat</strong></span> <span class='ocrx_word' id='word_1_479' title='bbox 1076 1521 1102 1547; x_wconf 92' lang='lat' dir='ltr'><strong>in</strong></span> <span class='ocrx_word' id='word_1_480' title='bbox 1113 1520 1246 1547; x_wconf 85' lang='lat' dir='ltr'><strong>Trinitate</strong></span> <span class='ocrx_word' id='word_1_481' title='bbox 1262 1520 1456 1555; x_wconf 83' lang='lat' dir='ltr'><strong>proprietatum</strong></span> <span class='ocrx_word' id='word_1_482' title='bbox 1475 1526 1522 1546; x_wconf 86' lang='lat' dir='ltr'><strong>seu</strong></span> <span class='ocrx_word' id='word_1_483' title='bbox 1553 1525 1682 1552; x_wconf 83' lang='lat' dir='ltr'><strong>persona-</strong></span> 
     </span>
    </p>
   </div>
   <div class='ocr_carea' id='block_1_62' title="bbox 59 1554 801 1608">
    <p class='ocr_par' dir='ltr' id='par_1_62' title="bbox 59 1554 800 1593">
     <span class='ocr_line' id='line_1_62' title="bbox 59 1554 800 1593; baseline 0.004 -13"><span class='ocrx_word' id='word_1_484' title='bbox 59 1554 188 1581; x_wconf 81' lang='grc' dir='ltr'>ἀκτίστου</span> <span class='ocrx_word' id='word_1_485' title='bbox 205 1554 319 1589; x_wconf 82' lang='grc' dir='ltr'>Τριάδος</span> <span class='ocrx_word' id='word_1_486' title='bbox 335 1556 363 1581; x_wconf 89' lang='grc' dir='ltr'><strong>ἐν</strong></span> <span class='ocrx_word' id='word_1_487' title='bbox 380 1555 418 1590; x_wconf 87' lang='grc' dir='ltr'>τῷ</span> <span class='ocrx_word' id='word_1_488' title='bbox 434 1555 493 1591; x_wconf 84' lang='grc' dir='ltr'><strong>Θεῷ</strong></span> <span class='ocrx_word' id='word_1_489' title='bbox 509 1557 555 1583; x_wconf 85' lang='grc' dir='ltr'><strong>καὶ</strong></span> <span class='ocrx_word' id='word_1_490' title='bbox 576 1558 625 1590; x_wconf 85' lang='grc' dir='ltr'>τῆς</span> <span class='ocrx_word' id='word_1_491' title='bbox 656 1558 686 1584; x_wconf 89' lang='grc' dir='ltr'><strong>ἐν</strong></span> <span class='ocrx_word' id='word_1_492' title='bbox 710 1556 800 1593; x_wconf 85' lang='grc' dir='ltr'>ἀνθρώ</span> 
     </span>
    </p>
   </div>
   <div class='ocr_carea' id='block_1_63' title="bbox 936 1554 1678 1608">
    <p class='ocr_par' dir='ltr' id='par_1_63' title="bbox 936 1563 1678 1598">
     <span class='ocr_line' id='line_1_63' title="bbox 936 1563 1678 1598; baseline -0.005 -5"><span class='ocrx_word' id='word_1_493' title='bbox 936 1574 957 1592; x_wconf 81' lang='grc' dir='ltr'><strong>ιιι</strong></span> <span class='ocrx_word' id='word_1_494' title='bbox 971 1565 1144 1593; x_wconf 85' lang='lat' dir='ltr'><strong>assimilatio.</strong></span> <span class='ocrx_word' id='word_1_495' title='bbox 1171 1564 1316 1592; x_wconf 83' lang='lat' dir='ltr'><strong>Permanet</strong></span> <span class='ocrx_word' id='word_1_496' title='bbox 1338 1572 1403 1591; x_wconf 89' lang='lat' dir='ltr'><strong>vero</strong></span> <span class='ocrx_word' id='word_1_497' title='bbox 1424 1564 1503 1598; x_wconf 85' lang='lat' dir='ltr'><strong>juxta</strong></span> <span class='ocrx_word' id='word_1_498' title='bbox 1528 1563 1678 1598; x_wconf 84' lang='lat' dir='ltr'><strong>processio-</strong></span> 
     </span>
    </p>
   </div>
   <div class='ocr_carea' id='block_1_64' title="bbox 59 1600 843 1640">
    <p class='ocr_par' dir='ltr' id='par_1_64' title="bbox 59 1600 843 1640">
     <span class='ocr_line' id='line_1_64' title="bbox 59 1600 843 1640; baseline 0.008 -15"><span class='ocrx_word' id='word_1_499' title='bbox 59 1600 173 1635; x_wconf 80' lang='grc' dir='ltr'>χτιστῆς</span> <span class='ocrx_word' id='word_1_500' title='bbox 190 1608 197 1613; x_wconf 89' lang='grc'>·</span> <span class='ocrx_word' id='word_1_501' title='bbox 214 1600 283 1626; x_wconf 82' lang='grc' dir='ltr'>ἀλλὰ</span> <span class='ocrx_word' id='word_1_502' title='bbox 297 1601 325 1627; x_wconf 82' lang='grc' dir='ltr'><strong>δέ</strong></span> <span class='ocrx_word' id='word_1_503' title='bbox 342 1601 413 1636; x_wconf 78' lang='grc' dir='ltr'>μετὰ</span> <span class='ocrx_word' id='word_1_504' title='bbox 426 1602 561 1630; x_wconf 82' lang='grc' dir='ltr'><strong>τοσούτων</strong></span> <span class='ocrx_word' id='word_1_505' title='bbox 574 1603 628 1630; x_wconf 86' lang='grc' dir='ltr'>τῶν</span> <span class='ocrx_word' id='word_1_506' title='bbox 642 1603 777 1640; x_wconf 81' lang='grc' dir='ltr'>διαφόρων</span> <span class='ocrx_word' id='word_1_507' title='bbox 799 1604 843 1630; x_wconf 86' lang='grc' dir='ltr'><strong>οὺ-</strong></span> 
     </span>
    </p>
   </div>
   <div class='ocr_carea' id='block_1_65' title="bbox 58 1643 845 1685">
    <p class='ocr_par' dir='ltr' id='par_1_65' title="bbox 58 1643 845 1685">
     <span class='ocr_line' id='line_1_65' title="bbox 58 1643 845 1685; baseline 0.006 -13"><span class='ocrx_word' id='word_1_508' title='bbox 58 1646 104 1673; x_wconf 81' lang='grc' dir='ltr'><strong>δέν</strong></span> <span class='ocrx_word' id='word_1_509' title='bbox 116 1643 199 1682; x_wconf 75' lang='grc' dir='ltr'>ἧττον</span> <span class='ocrx_word' id='word_1_510' title='bbox 212 1646 228 1682; x_wconf 78' lang='grc' dir='ltr'><strong>ἡ</strong></span> <span class='ocrx_word' id='word_1_511' title='bbox 246 1646 315 1674; x_wconf 74' lang='grc' dir='ltr'>κατὰ</span> <span class='ocrx_word' id='word_1_512' title='bbox 329 1648 379 1682; x_wconf 84' lang='grc' dir='ltr'>τὴν</span> <span class='ocrx_word' id='word_1_513' title='bbox 392 1647 487 1684; x_wconf 78' lang='grc' dir='ltr'><strong>τριάδα</strong></span> <span class='ocrx_word' id='word_1_514' title='bbox 511 1648 565 1675; x_wconf 88' lang='grc' dir='ltr'>τῶν</span> <span class='ocrx_word' id='word_1_515' title='bbox 582 1649 733 1685; x_wconf 78' lang='grc' dir='ltr'>ἰδιωμάτων</span> <span class='ocrx_word' id='word_1_516' title='bbox 756 1650 773 1685; x_wconf 86' lang='grc' dir='ltr'>ἢ</span> <span class='ocrx_word' id='word_1_517' title='bbox 789 1651 845 1677; x_wconf 86' lang='grc' dir='ltr'><strong>τῶν</strong></span> 
     </span>
    </p>
   </div>
   <div class='ocr_carea' id='block_1_66' title="bbox 60 1693 843 1732">
    <p class='ocr_par' dir='ltr' id='par_1_66' title="bbox 60 1693 843 1732">
     <span class='ocr_line' id='line_1_66' title="bbox 60 1693 843 1732; baseline 0.005 -13"><span class='ocrx_word' id='word_1_518' title='bbox 60 1693 238 1720; x_wconf 79' lang='grc' dir='ltr'>ὐποστάσεων</span> <span class='ocrx_word' id='word_1_519' title='bbox 253 1693 381 1727; x_wconf 77' lang='grc' dir='ltr'>ὁμοίωσις</span> <span class='ocrx_word' id='word_1_520' title='bbox 397 1694 471 1728; x_wconf 74' lang='grc' dir='ltr'>μένει</span> <span class='ocrx_word' id='word_1_521' title='bbox 483 1701 490 1709; x_wconf 89' lang='grc'>·</span> <span class='ocrx_word' id='word_1_522' title='bbox 503 1696 548 1722; x_wconf 69' lang='grc' dir='ltr'>καὶ</span> <span class='ocrx_word' id='word_1_523' title='bbox 560 1694 617 1722; x_wconf 82' lang='grc' dir='ltr'>ἐστι</span> <span class='ocrx_word' id='word_1_524' title='bbox 630 1695 699 1723; x_wconf 74' lang='grc' dir='ltr'>κατὰ</span> <span class='ocrx_word' id='word_1_525' title='bbox 712 1696 763 1732; x_wconf 82' lang='grc' dir='ltr'>τὴν</span> <span class='ocrx_word' id='word_1_526' title='bbox 778 1697 843 1732; x_wconf 84' lang='grc' dir='ltr'>πρό-</span> 
     </span>
    </p>
   </div>
   <div class='ocr_carea' id='block_1_67' title="bbox 60 1737 845 1775">
    <p class='ocr_par' dir='ltr' id='par_1_67' title="bbox 60 1737 845 1775">
     <span class='ocr_line' id='line_1_67' title="bbox 60 1737 845 1775; baseline 0.006 -12"><span class='ocrx_word' id='word_1_527' title='bbox 60 1738 120 1763; x_wconf 83' lang='grc' dir='ltr'>οδον</span> <span class='ocrx_word' id='word_1_528' title='bbox 132 1737 224 1763; x_wconf 81' lang='grc' dir='ltr'>αὐτῶν</span> <span class='ocrx_word' id='word_1_529' title='bbox 241 1737 287 1764; x_wconf 75' lang='grc' dir='ltr'><strong>και</strong></span> <span class='ocrx_word' id='word_1_530' title='bbox 302 1738 352 1773; x_wconf 78' lang='grc' dir='ltr'>τὴν</span> <span class='ocrx_word' id='word_1_531' title='bbox 368 1738 445 1772; x_wconf 80' lang='grc' dir='ltr'>τάξιν</span> <span class='ocrx_word' id='word_1_532' title='bbox 461 1739 508 1766; x_wconf 79' lang='grc' dir='ltr'><strong>καὶ</strong></span> <span class='ocrx_word' id='word_1_533' title='bbox 522 1739 567 1767; x_wconf 76' lang='grc' dir='ltr'>τὸν</span> <span class='ocrx_word' id='word_1_534' title='bbox 580 1740 628 1775; x_wconf 78' lang='grc' dir='ltr'>τῆς</span> <span class='ocrx_word' id='word_1_535' title='bbox 639 1741 752 1775; x_wconf 82' lang='grc' dir='ltr'>προόδου</span> <span class='ocrx_word' id='word_1_536' title='bbox 767 1741 845 1775; x_wconf 73' lang='grc' dir='ltr'>λόγον</span> 
     </span>
    </p>
   </div>
   <div class='ocr_carea' id='block_1_68' title="bbox 60 1782 845 1821">
    <p class='ocr_par' dir='ltr' id='par_1_68' title="bbox 60 1782 845 1821">
     <span class='ocr_line' id='line_1_68' title="bbox 60 1782 845 1821; baseline 0.006 -12"><span class='ocrx_word' id='word_1_537' title='bbox 60 1791 91 1809; x_wconf 83' lang='grc' dir='ltr'><strong>τε</strong></span> <span class='ocrx_word' id='word_1_538' title='bbox 104 1782 214 1816; x_wconf 75' lang='grc' dir='ltr'>καὶτῆς</span> <span class='ocrx_word' id='word_1_539' title='bbox 228 1783 330 1815; x_wconf 79' lang='grc' dir='ltr'>τάξεως</span> <span class='ocrx_word' id='word_1_540' title='bbox 339 1783 386 1810; x_wconf 81' lang='grc' dir='ltr'><strong>καὶ</strong></span> <span class='ocrx_word' id='word_1_541' title='bbox 401 1783 450 1819; x_wconf 83' lang='grc' dir='ltr'>τὴν</span> <span class='ocrx_word' id='word_1_542' title='bbox 466 1784 495 1811; x_wconf 87' lang='grc' dir='ltr'><strong>ἐν</strong></span> <span class='ocrx_word' id='word_1_543' title='bbox 512 1785 551 1820; x_wconf 84' lang='grc' dir='ltr'>τῷ</span> <span class='ocrx_word' id='word_1_544' title='bbox 564 1785 661 1821; x_wconf 85' lang='grc' dir='ltr'>πλήθει</span> <span class='ocrx_word' id='word_1_545' title='bbox 686 1786 766 1813; x_wconf 81' lang='grc' dir='ltr'>πάλιν</span> <span class='ocrx_word' id='word_1_546' title='bbox 789 1787 845 1814; x_wconf 88' lang='grc' dir='ltr'>ἐνό-</span> 
     </span>
    </p>
   </div>
   <div class='ocr_carea' id='block_1_69' title="bbox 62 1830 846 1868">
    <p class='ocr_par' dir='ltr' id='par_1_69' title="bbox 62 1830 846 1868">
     <span class='ocr_line' id='line_1_69' title="bbox 62 1830 846 1868; baseline 0.005 -12"><span class='ocrx_word' id='word_1_547' title='bbox 62 1839 132 1865; x_wconf 86' lang='grc' dir='ltr'>τητα</span> <span class='ocrx_word' id='word_1_548' title='bbox 144 1830 194 1864; x_wconf 77' lang='grc' dir='ltr'><strong>τῆς</strong></span> <span class='ocrx_word' id='word_1_549' title='bbox 210 1830 304 1861; x_wconf 78' lang='grc' dir='ltr'>οὐσίας</span> <span class='ocrx_word' id='word_1_550' title='bbox 323 1832 370 1857; x_wconf 69' lang='grc' dir='ltr'><strong>καὶ</strong></span> <span class='ocrx_word' id='word_1_551' title='bbox 389 1830 503 1857; x_wconf 84' lang='grc' dir='ltr'>καθόλου</span> <span class='ocrx_word' id='word_1_552' title='bbox 519 1832 597 1865; x_wconf 84' lang='grc' dir='ltr'>φάνει</span> <span class='ocrx_word' id='word_1_553' title='bbox 623 1832 671 1867; x_wconf 83' lang='grc' dir='ltr'>τὴν</span> <span class='ocrx_word' id='word_1_554' title='bbox 687 1833 846 1868; x_wconf 76' lang='grc' dir='ltr'>νοερότηῖα.</span> 
     </span>
    </p>
   </div>
   <div class='ocr_carea' id='block_1_70' title="bbox 64 1876 847 1912">
    <p class='ocr_par' dir='ltr' id='par_1_70' title="bbox 64 1876 847 1912">
     <span class='ocr_line' id='line_1_70' title="bbox 64 1876 847 1912; baseline 0.003 -10"><span class='ocrx_word' id='word_1_555' title='bbox 64 1876 95 1903; x_wconf 82' lang='lat' dir='ltr'><strong>Et</strong></span> <span class='ocrx_word' id='word_1_556' title='bbox 112 1876 139 1902; x_wconf 77' lang='grc' dir='ltr'>δὲ</span> <span class='ocrx_word' id='word_1_557' title='bbox 157 1876 226 1911; x_wconf 80' lang='grc' dir='ltr'>μετὰ</span> <span class='ocrx_word' id='word_1_558' title='bbox 241 1876 367 1911; x_wconf 80' lang='grc' dir='ltr'>πλείστης</span> <span class='ocrx_word' id='word_1_559' title='bbox 381 1876 439 1903; x_wconf 81' lang='grc' dir='ltr'>ἐκεῖ</span> <span class='ocrx_word' id='word_1_560' title='bbox 455 1877 504 1911; x_wconf 90' lang='grc' dir='ltr'><strong>μέν</strong></span> <span class='ocrx_word' id='word_1_561' title='bbox 518 1877 567 1911; x_wconf 86' lang='grc' dir='ltr'>τῆς</span> <span class='ocrx_word' id='word_1_562' title='bbox 583 1877 729 1912; x_wconf 82' lang='grc' dir='ltr'>ὑπεροχῆς,</span> <span class='ocrx_word' id='word_1_563' title='bbox 754 1878 847 1904; x_wconf 76' lang='grc' dir='ltr'>ἐνταῦ-</span> 
     </span>
    </p>
   </div>
   <div class='ocr_carea' id='block_1_71' title="bbox 61 1922 846 1958">
    <p class='ocr_par' dir='ltr' id='par_1_71' title="bbox 61 1922 846 1958">
     <span class='ocr_line' id='line_1_71' title="bbox 61 1922 846 1958; baseline 0.003 -10"><span class='ocrx_word' id='word_1_564' title='bbox 61 1922 96 1949; x_wconf 83' lang='grc' dir='ltr'><strong>θα</strong></span> <span class='ocrx_word' id='word_1_565' title='bbox 108 1922 138 1948; x_wconf 80' lang='grc' dir='ltr'>δὲ</span> <span class='ocrx_word' id='word_1_566' title='bbox 153 1922 203 1956; x_wconf 80' lang='grc' dir='ltr'>τῆς</span> <span class='ocrx_word' id='word_1_567' title='bbox 222 1922 354 1955; x_wconf 82' lang='grc' dir='ltr'>ὑφέσεως,</span> <span class='ocrx_word' id='word_1_568' title='bbox 364 1922 453 1950; x_wconf 84' lang='grc' dir='ltr'>καίτοι</span> <span class='ocrx_word' id='word_1_569' title='bbox 469 1923 520 1949; x_wconf 84' lang='grc' dir='ltr'>κᾶν</span> <span class='ocrx_word' id='word_1_570' title='bbox 543 1923 583 1958; x_wconf 87' lang='grc' dir='ltr'>τῷ</span> <span class='ocrx_word' id='word_1_571' title='bbox 609 1924 737 1958; x_wconf 79' lang='grc' dir='ltr'>κτίσματι</span> <span class='ocrx_word' id='word_1_572' title='bbox 763 1924 846 1958; x_wconf 74' lang='grc' dir='ltr'>πολλή</span> 
     </span>
    </p>
   </div>
   <div class='ocr_carea' id='block_1_72' title="bbox 62 1968 849 2004">
    <p class='ocr_par' dir='ltr' id='par_1_72' title="bbox 62 1968 849 2004">
     <span class='ocr_line' id='line_1_72' title="bbox 62 1968 849 2004; baseline 0 -9"><span class='ocrx_word' id='word_1_573' title='bbox 62 1977 104 2000; x_wconf 86' lang='grc' dir='ltr'><strong>τις</strong></span> <span class='ocrx_word' id='word_1_574' title='bbox 127 1969 225 2003; x_wconf 80' lang='grc' dir='ltr'>ὁρᾶται</span> <span class='ocrx_word' id='word_1_575' title='bbox 241 1968 356 2002; x_wconf 77' lang='grc' dir='ltr'>διαφορὰ</span> <span class='ocrx_word' id='word_1_576' title='bbox 368 1968 417 2002; x_wconf 87' lang='grc' dir='ltr'>τῆς</span> <span class='ocrx_word' id='word_1_577' title='bbox 428 1968 529 2000; x_wconf 86' lang='grc' dir='ltr'>είκόνος</span> <span class='ocrx_word' id='word_1_578' title='bbox 542 1976 550 1983; x_wconf 88' lang='grc'><strong>·</strong></span> <span class='ocrx_word' id='word_1_579' title='bbox 578 1969 594 2003; x_wconf 82' lang='grc' dir='ltr'><strong>ή</strong></span> <span class='ocrx_word' id='word_1_580' title='bbox 607 1968 656 2002; x_wconf 75' lang='grc' dir='ltr'>μὲν</span> <span class='ocrx_word' id='word_1_581' title='bbox 667 1970 720 2004; x_wconf 87' lang='grc' dir='ltr'>γὰρ</span> <span class='ocrx_word' id='word_1_582' title='bbox 734 1970 789 2000; x_wconf 87' lang='grc' dir='ltr'>τοῖς</span> <span class='ocrx_word' id='word_1_583' title='bbox 802 1970 849 1995; x_wconf 85' lang='grc' dir='ltr'>ἀν-</span> 
     </span>
    </p>
   </div>
   <div class='ocr_carea' id='block_1_73' title="bbox 63 2013 848 2049">
    <p class='ocr_par' dir='ltr' id='par_1_73' title="bbox 63 2013 848 2049">
     <span class='ocr_line' id='line_1_73' title="bbox 63 2013 848 2049; baseline 0.001 -9"><span class='ocrx_word' id='word_1_584' title='bbox 63 2013 186 2049; x_wconf 83' lang='grc' dir='ltr'>θρώποις</span> <span class='ocrx_word' id='word_1_585' title='bbox 200 2013 278 2045; x_wconf 78' lang='grc' dir='ltr'>ἐδόθη</span> <span class='ocrx_word' id='word_1_586' title='bbox 293 2014 359 2040; x_wconf 78' lang='grc' dir='ltr'>πᾶσι</span> <span class='ocrx_word' id='word_1_587' title='bbox 371 2014 455 2048; x_wconf 81' lang='grc' dir='ltr'>δῶρον</span> <span class='ocrx_word' id='word_1_588' title='bbox 467 2013 555 2040; x_wconf 67' lang='grc' dir='ltr'>κοινὸν</span> <span class='ocrx_word' id='word_1_589' title='bbox 571 2014 693 2048; x_wconf 74' lang='grc' dir='ltr'>μείζονος</span> <span class='ocrx_word' id='word_1_590' title='bbox 707 2015 848 2047; x_wconf 81' lang='grc' dir='ltr'>κοινωνίας</span> 
     </span>
    </p>
   </div>
   <div class='ocr_carea' id='block_1_74' title="bbox 63 2059 848 2096">
    <p class='ocr_par' dir='ltr' id='par_1_74' title="bbox 63 2059 848 2096">
     <span class='ocr_line' id='line_1_74' title="bbox 63 2059 848 2096; baseline -0.001 -8"><span class='ocrx_word' id='word_1_591' title='bbox 63 2061 135 2096; x_wconf 80' lang='grc' dir='ltr'>ἀρχὴ</span> <span class='ocrx_word' id='word_1_592' title='bbox 149 2059 220 2087; x_wconf 83' lang='grc' dir='ltr'>κατὰ</span> <span class='ocrx_word' id='word_1_593' title='bbox 235 2059 280 2086; x_wconf 79' lang='grc' dir='ltr'>τὸν</span> <span class='ocrx_word' id='word_1_594' title='bbox 297 2059 427 2094; x_wconf 79' lang='grc' dir='ltr'>μέλλοντα</span> <span class='ocrx_word' id='word_1_595' title='bbox 447 2059 504 2094; x_wconf 82' lang='grc' dir='ltr'>βίον</span> <span class='ocrx_word' id='word_1_596' title='bbox 523 2061 578 2091; x_wconf 82' lang='grc' dir='ltr'>τοῖς</span> <span class='ocrx_word' id='word_1_597' title='bbox 599 2060 725 2087; x_wconf 76' lang='grc' dir='ltr'>ἐνταυοοῖ</span> <span class='ocrx_word' id='word_1_598' title='bbox 757 2061 848 2092; x_wconf 77' lang='grc' dir='ltr'>καλῶς</span> 
     </span>
    </p>
   </div>
   <div class='ocr_carea' id='block_1_75' title="bbox 64 2105 848 2142">
    <p class='ocr_par' dir='ltr' id='par_1_75' title="bbox 64 2105 848 2142">
     <span class='ocr_line' id='line_1_75' title="bbox 64 2105 848 2142; baseline 0 -9"><span class='ocrx_word' id='word_1_599' title='bbox 64 2105 249 2142; x_wconf 76' lang='grc' dir='ltr'>κεχρημένοις</span> <span class='ocrx_word' id='word_1_600' title='bbox 267 2113 274 2120; x_wconf 91' lang='grc'>·</span> <span class='ocrx_word' id='word_1_601' title='bbox 287 2105 337 2140; x_wconf 81' lang='grc' dir='ltr'>οὐχ</span> <span class='ocrx_word' id='word_1_602' title='bbox 353 2105 452 2140; x_wconf 82' lang='grc' dir='ltr'>ὁμοίως</span> <span class='ocrx_word' id='word_1_603' title='bbox 466 2105 493 2131; x_wconf 78' lang='grc' dir='ltr'>δὲ</span> <span class='ocrx_word' id='word_1_604' title='bbox 510 2106 607 2137; x_wconf 85' lang='grc' dir='ltr'>πάντες</span> <span class='ocrx_word' id='word_1_605' title='bbox 622 2106 707 2140; x_wconf 85' lang='grc' dir='ltr'>αὐτῆς</span> <span class='ocrx_word' id='word_1_606' title='bbox 730 2106 848 2133; x_wconf 74' lang='grc' dir='ltr'>ἀπολαύ-</span> 
     </span>
    </p>
   </div>
   <div class='ocr_carea' id='block_1_76' title="bbox 64 2151 850 2186">
    <p class='ocr_par' dir='ltr' id='par_1_76' title="bbox 64 2151 850 2186">
     <span class='ocr_line' id='line_1_76' title="bbox 64 2151 850 2186; baseline 0.001 -7"><span class='ocrx_word' id='word_1_607' title='bbox 64 2161 152 2184; x_wconf 84' lang='grc' dir='ltr'>ουσιν,</span> <span class='ocrx_word' id='word_1_608' title='bbox 167 2152 224 2179; x_wconf 79' lang='grc' dir='ltr'>ἀλλ’</span> <span class='ocrx_word' id='word_1_609' title='bbox 237 2152 261 2178; x_wconf 76' lang='grc' dir='ltr'>οἱ</span> <span class='ocrx_word' id='word_1_610' title='bbox 277 2151 326 2186; x_wconf 81' lang='grc' dir='ltr'>μὲν</span> <span class='ocrx_word' id='word_1_611' title='bbox 343 2151 476 2186; x_wconf 78' lang='grc' dir='ltr'>μορφοῦσι</span> <span class='ocrx_word' id='word_1_612' title='bbox 500 2153 549 2186; x_wconf 84' lang='grc' dir='ltr'>τὴν</span> <span class='ocrx_word' id='word_1_613' title='bbox 564 2153 759 2186; x_wconf 74' lang='grc' dir='ltr'>εὐγενεστάτην</span> <span class='ocrx_word' id='word_1_614' title='bbox 785 2161 850 2180; x_wconf 76' lang='grc' dir='ltr'>ταυ-</span> 
     </span>
    </p>
   </div>
   <div class='ocr_carea' id='block_1_77' title="bbox 63 2197 850 2234">
    <p class='ocr_par' dir='ltr' id='par_1_77' title="bbox 63 2197 850 2234">
     <span class='ocr_line' id='line_1_77' title="bbox 63 2197 850 2234; baseline 0 -9"><span class='ocrx_word' id='word_1_615' title='bbox 63 2208 115 2233; x_wconf 87' lang='grc' dir='ltr'><strong>την</strong></span> <span class='ocrx_word' id='word_1_616' title='bbox 129 2198 179 2232; x_wconf 86' lang='grc' dir='ltr'>τῆς</span> <span class='ocrx_word' id='word_1_617' title='bbox 192 2198 298 2232; x_wconf 84' lang='grc' dir='ltr'>φύσεως</span> <span class='ocrx_word' id='word_1_618' title='bbox 314 2197 489 2234; x_wconf 79' lang='grc' dir='ltr'>παρασκευὴν</span> <span class='ocrx_word' id='word_1_619' title='bbox 514 2199 560 2224; x_wconf 72' lang='grc' dir='ltr'>καὶ</span> <span class='ocrx_word' id='word_1_620' title='bbox 577 2199 665 2232; x_wconf 68' lang='grc' dir='ltr'>οἰκείᾳ</span> <span class='ocrx_word' id='word_1_621' title='bbox 692 2199 850 2234; x_wconf 79' lang='grc' dir='ltr'>προαιρέσει</span> 
     </span>
    </p>
   </div>
   <div class='ocr_carea' id='block_1_78' title="bbox 64 2243 852 2279">
    <p class='ocr_par' dir='ltr' id='par_1_78' title="bbox 64 2243 852 2279">
     <span class='ocr_line' id='line_1_78' title="bbox 64 2243 852 2279; baseline -0.003 -7"><span class='ocrx_word' id='word_1_622' title='bbox 64 2254 94 2272; x_wconf 77' lang='grc' dir='ltr'><strong>τε</strong></span> <span class='ocrx_word' id='word_1_623' title='bbox 111 2246 160 2272; x_wconf 78' lang='grc' dir='ltr'><strong>καὶ</strong></span> <span class='ocrx_word' id='word_1_624' title='bbox 174 2244 276 2279; x_wconf 83' lang='grc' dir='ltr'>σπουδῇ</span> <span class='ocrx_word' id='word_1_625' title='bbox 292 2245 339 2270; x_wconf 80' lang='grc' dir='ltr'><strong>και</strong></span> <span class='ocrx_word' id='word_1_626' title='bbox 353 2244 382 2270; x_wconf 83' lang='grc' dir='ltr'>τὸ</span> <span class='ocrx_word' id='word_1_627' title='bbox 397 2244 493 2274; x_wconf 81' lang='grc' dir='ltr'>κάλλος</span> <span class='ocrx_word' id='word_1_628' title='bbox 508 2243 592 2278; x_wconf 84' lang='grc' dir='ltr'>αὐτῆς</span> <span class='ocrx_word' id='word_1_629' title='bbox 606 2244 729 2276; x_wconf 77' lang='grc' dir='ltr'>ἐξάπτειν</span> <span class='ocrx_word' id='word_1_630' title='bbox 747 2245 852 2273; x_wconf 78' lang='grc' dir='ltr'>ποιοῦσι</span> 
     </span>
    </p>
   </div>
   <div class='ocr_carea' id='block_1_79' title="bbox 899 1608 1682 1644">
    <p class='ocr_par' dir='ltr' id='par_1_79' title="bbox 899 1608 1682 1644">
     <span class='ocr_line' id='line_1_79' title="bbox 899 1608 1682 1644; baseline -0.004 -7"><span class='ocrx_word' id='word_1_631' title='bbox 899 1618 959 1638; x_wconf 86' lang='lat' dir='ltr'><strong>nem</strong></span> <span class='ocrx_word' id='word_1_632' title='bbox 975 1618 1070 1638; x_wconf 87' lang='lat' dir='ltr'><strong>earum</strong></span> <span class='ocrx_word' id='word_1_633' title='bbox 1085 1616 1112 1637; x_wconf 85' lang='lat' dir='ltr'><strong>et</strong></span> <span class='ocrx_word' id='word_1_634' title='bbox 1123 1611 1258 1643; x_wconf 82' lang='lat' dir='ltr'><strong>ordinem,</strong></span> <span class='ocrx_word' id='word_1_635' title='bbox 1274 1609 1517 1644; x_wconf 80' lang='lat' dir='ltr'><strong>processionisque</strong></span> <span class='ocrx_word' id='word_1_636' title='bbox 1532 1612 1559 1635; x_wconf 87' lang='lat' dir='ltr'><strong>et</strong></span> <span class='ocrx_word' id='word_1_637' title='bbox 1573 1608 1682 1636; x_wconf 86' lang='lat' dir='ltr'><strong>ordinis</strong></span> 
     </span>
    </p>
   </div>
   <div class='ocr_carea' id='block_1_80' title="bbox 895 1654 1682 1690">
    <p class='ocr_par' dir='ltr' id='par_1_80' title="bbox 895 1654 1682 1690">
     <span class='ocr_line' id='line_1_80' title="bbox 895 1654 1682 1690; baseline -0.004 -6"><span class='ocrx_word' id='word_1_638' title='bbox 895 1656 1005 1684; x_wconf 86' lang='lat' dir='ltr'><strong>modum</strong></span> <span class='ocrx_word' id='word_1_639' title='bbox 1023 1661 1104 1690; x_wconf 81' lang='lat' dir='ltr'><strong>atque</strong></span> <span class='ocrx_word' id='word_1_640' title='bbox 1114 1656 1194 1683; x_wconf 84' lang='lat' dir='ltr'><strong>etiam</strong></span> <span class='ocrx_word' id='word_1_641' title='bbox 1213 1656 1290 1689; x_wconf 75' lang='lat' dir='ltr'><strong>juxta</strong></span> <span class='ocrx_word' id='word_1_642' title='bbox 1309 1656 1473 1682; x_wconf 63' lang='lat' dir='ltr'><strong>substantia:</strong></span> <span class='ocrx_word' id='word_1_643' title='bbox 1511 1654 1642 1685; x_wconf 34' lang='lat' dir='ltr'><strong>unitatem.</strong></span> <span class='ocrx_word' id='word_1_644' title='bbox 1656 1655 1682 1681; x_wconf 92' lang='lat' dir='ltr'><strong>in</strong></span> 
     </span>
    </p>
   </div>
   <div class='ocr_carea' id='block_1_81' title="bbox 896 1701 1681 1737">
    <p class='ocr_par' dir='ltr' id='par_1_81' title="bbox 896 1701 1681 1737">
     <span class='ocr_line' id='line_1_81' title="bbox 896 1701 1681 1737; baseline -0.001 -8"><span class='ocrx_word' id='word_1_645' title='bbox 896 1702 1060 1737; x_wconf 80' lang='lat' dir='ltr'><strong>pluraiitate,</strong></span> <span class='ocrx_word' id='word_1_646' title='bbox 1076 1710 1107 1729; x_wconf 87' lang='lat' dir='ltr'><strong>ac</strong></span> <span class='ocrx_word' id='word_1_647' title='bbox 1122 1709 1176 1729; x_wconf 91' lang='lat' dir='ltr'><strong>uno</strong></span> <span class='ocrx_word' id='word_1_648' title='bbox 1193 1701 1303 1729; x_wconf 84' lang='lat' dir='ltr'><strong>tandem</strong></span> <span class='ocrx_word' id='word_1_649' title='bbox 1320 1702 1402 1729; x_wconf 88' lang='lat' dir='ltr'><strong>vcrbo</strong></span> <span class='ocrx_word' id='word_1_650' title='bbox 1419 1701 1681 1736; x_wconf 74' lang='lat' dir='ltr'><strong>intelligibilitatem.</strong></span> 
     </span>
    </p>
   </div>
   <div class='ocr_carea' id='block_1_82' title="bbox 896 1746 1688 1781">
    <p class='ocr_par' dir='ltr' id='par_1_82' title="bbox 896 1746 1688 1781">
     <span class='ocr_line' id='line_1_82' title="bbox 896 1746 1688 1781; baseline -0.001 -9"><span class='ocrx_word' id='word_1_651' title='bbox 896 1747 974 1780; x_wconf 87' lang='lat' dir='ltr'><strong>Quod</strong></span> <span class='ocrx_word' id='word_1_652' title='bbox 988 1748 1010 1774; x_wconf 88' lang='lat' dir='ltr'><strong>si</strong></span> <span class='ocrx_word' id='word_1_653' title='bbox 1033 1755 1094 1774; x_wconf 90' lang='lat' dir='ltr'><strong>cum</strong></span> <span class='ocrx_word' id='word_1_654' title='bbox 1126 1748 1213 1774; x_wconf 88' lang='lat' dir='ltr'><strong>multa</strong></span> <span class='ocrx_word' id='word_1_655' title='bbox 1232 1747 1287 1774; x_wconf 89' lang='lat' dir='ltr'><strong>illic</strong></span> <span class='ocrx_word' id='word_1_656' title='bbox 1314 1747 1504 1781; x_wconf 62' lang='lat' dir='ltr'><strong>praecellentia,</strong></span> <span class='ocrx_word' id='word_1_657' title='bbox 1522 1746 1567 1772; x_wconf 90' lang='lat' dir='ltr'><strong>hic</strong></span> <span class='ocrx_word' id='word_1_658' title='bbox 1594 1749 1688 1773; x_wconf 84' lang='lat' dir='ltr'><strong>autem</strong></span> 
     </span>
    </p>
   </div>
   <div class='ocr_carea' id='block_1_83' title="bbox 897 1790 1687 1826">
    <p class='ocr_par' dir='ltr' id='par_1_83' title="bbox 897 1790 1687 1826">
     <span class='ocr_line' id='line_1_83' title="bbox 897 1790 1687 1826; baseline -0.004 -7"><span class='ocrx_word' id='word_1_659' title='bbox 897 1791 1095 1826; x_wconf 79' lang='lat' dir='ltr'><strong>imperfectius,</strong></span> <span class='ocrx_word' id='word_1_660' title='bbox 1115 1792 1201 1818; x_wconf 89' lang='lat' dir='ltr'><strong>multa</strong></span> <span class='ocrx_word' id='word_1_661' title='bbox 1217 1792 1316 1818; x_wconf 84' lang='lat' dir='ltr'><strong>iterum</strong></span> <span class='ocrx_word' id='word_1_662' title='bbox 1334 1792 1359 1818; x_wconf 92' lang='lat' dir='ltr'><strong>iu</strong></span> <span class='ocrx_word' id='word_1_663' title='bbox 1376 1796 1502 1819; x_wconf 88' lang='lat' dir='ltr'><strong>creatura</strong></span> <span class='ocrx_word' id='word_1_664' title='bbox 1530 1790 1687 1817; x_wconf 77' lang='lat' dir='ltr'><strong>diﬂ&#39;erentia</strong></span> 
     </span>
    </p>
   </div>
   <div class='ocr_carea' id='block_1_84' title="bbox 897 1833 1685 1870">
    <p class='ocr_par' dir='ltr' id='par_1_84' title="bbox 897 1833 1685 1870">
     <span class='ocr_line' id='line_1_84' title="bbox 897 1833 1685 1870; baseline -0.005 -7"><span class='ocrx_word' id='word_1_665' title='bbox 897 1835 1019 1863; x_wconf 86' lang='lat' dir='ltr'><strong>cernitur</strong></span> <span class='ocrx_word' id='word_1_666' title='bbox 1035 1835 1068 1862; x_wconf 83' lang='lat' dir='ltr'><strong>ab</strong></span> <span class='ocrx_word' id='word_1_667' title='bbox 1081 1835 1209 1870; x_wconf 79' lang='lat' dir='ltr'><strong>imagine.</strong></span> <span class='ocrx_word' id='word_1_668' title='bbox 1221 1842 1284 1869; x_wconf 56' lang='lat' dir='ltr'><strong>quae</strong></span> <span class='ocrx_word' id='word_1_669' title='bbox 1299 1834 1408 1869; x_wconf 82' lang='lat' dir='ltr'><strong>quidem</strong></span> <span class='ocrx_word' id='word_1_670' title='bbox 1424 1835 1549 1862; x_wconf 85' lang='lat' dir='ltr'><strong>omnibus</strong></span> <span class='ocrx_word' id='word_1_671' title='bbox 1563 1833 1626 1861; x_wconf 84' lang='lat' dir='ltr'><strong>data</strong></span> <span class='ocrx_word' id='word_1_672' title='bbox 1642 1838 1685 1861; x_wconf 81' lang='lat' dir='ltr'><strong>est</strong></span> 
     </span>
    </p>
   </div>
   <div class='ocr_carea' id='block_1_85' title="bbox 897 1869 1718 1914">
    <p class='ocr_par' dir='ltr' id='par_1_85' title="bbox 897 1869 1718 1914">
     <span class='ocr_line' id='line_1_85' title="bbox 897 1869 1718 1914; baseline -0.004 -5"><span class='ocrx_word' id='word_1_673' title='bbox 897 1881 1053 1909; x_wconf 86' lang='lat' dir='ltr'><strong>hominibus</strong></span> <span class='ocrx_word' id='word_1_674' title='bbox 1062 1885 1241 1909; x_wconf 84' lang='lat' dir='ltr'><strong>utcommune</strong></span> <span class='ocrx_word' id='word_1_675' title='bbox 1256 1882 1357 1907; x_wconf 85' lang='lat' dir='ltr'><strong>donum</strong></span> <span class='ocrx_word' id='word_1_676' title='bbox 1375 1880 1486 1914; x_wconf 86' lang='lat' dir='ltr'><strong>majoris</strong></span> <span class='ocrx_word' id='word_1_677' title='bbox 1502 1880 1684 1908; x_wconf 83' lang='lat' dir='ltr'><strong>communiea-</strong></span> <span class='ocrx_word' id='word_1_678' title='bbox 1709 1869 1718 1878; x_wconf 73' lang='grc'><strong>’</strong></span> 
     </span>
    </p>
   </div>
   <div class='ocr_carea' id='block_1_86' title="bbox 900 1925 1687 1961">
    <p class='ocr_par' dir='ltr' id='par_1_86' title="bbox 900 1925 1687 1961">
     <span class='ocr_line' id='line_1_86' title="bbox 900 1925 1687 1961; baseline -0.003 -7"><span class='ocrx_word' id='word_1_679' title='bbox 900 1927 981 1955; x_wconf 85' lang='lat' dir='ltr'><strong>tionis</strong></span> <span class='ocrx_word' id='word_1_680' title='bbox 993 1926 1164 1960; x_wconf 82' lang='lat' dir='ltr'><strong>principium,</strong></span> <span class='ocrx_word' id='word_1_681' title='bbox 1175 1934 1271 1960; x_wconf 78' lang='lat' dir='ltr'><strong>nempe</strong></span> <span class='ocrx_word' id='word_1_682' title='bbox 1282 1926 1308 1953; x_wconf 92' lang='lat' dir='ltr'><strong>in</strong></span> <span class='ocrx_word' id='word_1_683' title='bbox 1324 1925 1414 1953; x_wconf 82' lang='lat' dir='ltr'><strong>futura</strong></span> <span class='ocrx_word' id='word_1_684' title='bbox 1428 1925 1482 1953; x_wconf 88' lang='lat' dir='ltr'><strong>vita</strong></span> <span class='ocrx_word' id='word_1_685' title='bbox 1499 1926 1542 1953; x_wconf 89' lang='lat' dir='ltr'><strong>his</strong></span> <span class='ocrx_word' id='word_1_686' title='bbox 1554 1927 1599 1961; x_wconf 88' lang='lat' dir='ltr'><strong>qui</strong></span> <span class='ocrx_word' id='word_1_687' title='bbox 1617 1934 1687 1961; x_wconf 63' lang='lat' dir='ltr'><strong>pra:-</strong></span> 
     </span>
    </p>
   </div>
   <div class='ocr_carea' id='block_1_87' title="bbox 899 1970 1693 2005">
    <p class='ocr_par' dir='ltr' id='par_1_87' title="bbox 899 1970 1693 2005">
     <span class='ocr_line' id='line_1_87' title="bbox 899 1970 1693 2005; baseline -0.004 -6"><span class='ocrx_word' id='word_1_688' title='bbox 899 1976 968 1999; x_wconf 84' lang='lat' dir='ltr'><strong>sentl</strong></span> <span class='ocrx_word' id='word_1_689' title='bbox 979 1976 1050 1998; x_wconf 87' lang='lat' dir='ltr'><strong>recte</strong></span> <span class='ocrx_word' id='word_1_690' title='bbox 1063 1970 1103 1997; x_wconf 92' lang='lat' dir='ltr'><strong>usi</strong></span> <span class='ocrx_word' id='word_1_691' title='bbox 1117 1970 1216 1997; x_wconf 81' lang='lat' dir='ltr'><strong>iuerint</strong></span> <span class='ocrx_word' id='word_1_692' title='bbox 1228 1977 1235 1996; x_wconf 89' lang='lat'><strong>:</strong></span> <span class='ocrx_word' id='word_1_693' title='bbox 1247 1978 1299 1997; x_wconf 94' lang='lat' dir='ltr'><strong>non</strong></span> <span class='ocrx_word' id='word_1_694' title='bbox 1313 1974 1404 1997; x_wconf 90' lang='lat' dir='ltr'><strong>autem</strong></span> <span class='ocrx_word' id='word_1_695' title='bbox 1418 1977 1514 1997; x_wconf 83' lang='lat' dir='ltr'><strong>onmes</strong></span> <span class='ocrx_word' id='word_1_696' title='bbox 1526 1970 1628 2005; x_wconf 87' lang='lat' dir='ltr'><strong>pariter</strong></span> <span class='ocrx_word' id='word_1_697' title='bbox 1639 1970 1693 1997; x_wconf 86' lang='lat' dir='ltr'><strong>illa.</strong></span> 
     </span>
    </p>
   </div>
   <div class='ocr_carea' id='block_1_88' title="bbox 900 2016 1690 2051">
    <p class='ocr_par' dir='ltr' id='par_1_88' title="bbox 900 2016 1690 2051">
     <span class='ocr_line' id='line_1_88' title="bbox 900 2016 1690 2051; baseline 0 -8"><span class='ocrx_word' id='word_1_698' title='bbox 900 2016 1049 2049; x_wconf 82' lang='lat' dir='ltr'><strong>fruuntur;</strong></span> <span class='ocrx_word' id='word_1_699' title='bbox 1065 2016 1111 2043; x_wconf 82' lang='lat' dir='ltr'><strong>sed</strong></span> <span class='ocrx_word' id='word_1_700' title='bbox 1133 2016 1178 2043; x_wconf 89' lang='lat' dir='ltr'><strong>alii</strong></span> <span class='ocrx_word' id='word_1_701' title='bbox 1203 2016 1444 2051; x_wconf 78' lang='lat' dir='ltr'><strong>generosissimum</strong></span> <span class='ocrx_word' id='word_1_702' title='bbox 1475 2016 1551 2043; x_wconf 89' lang='lat' dir='ltr'><strong>illum</strong></span> <span class='ocrx_word' id='word_1_703' title='bbox 1582 2021 1690 2044; x_wconf 58' lang='lat' dir='ltr'><strong>natura;</strong></span> 
     </span>
    </p>
   </div>
   <div class='ocr_carea' id='block_1_89' title="bbox 900 2062 1688 2098">
    <p class='ocr_par' dir='ltr' id='par_1_89' title="bbox 900 2062 1688 2098">
     <span class='ocr_line' id='line_1_89' title="bbox 900 2062 1688 2098; baseline 0 -8"><span class='ocrx_word' id='word_1_704' title='bbox 900 2068 1057 2098; x_wconf 83' lang='lat' dir='ltr'><strong>apparatum</strong></span> <span class='ocrx_word' id='word_1_705' title='bbox 1088 2062 1225 2090; x_wconf 82' lang='lat' dir='ltr'><strong>voluntate</strong></span> <span class='ocrx_word' id='word_1_706' title='bbox 1240 2067 1266 2090; x_wconf 88' lang='lat' dir='ltr'><strong>et</strong></span> <span class='ocrx_word' id='word_1_707' title='bbox 1284 2064 1464 2090; x_wconf 88' lang='lat' dir='ltr'><strong>contentione</strong></span> <span class='ocrx_word' id='word_1_708' title='bbox 1482 2063 1688 2098; x_wconf 80' lang='lat' dir='ltr'><strong>propriaeﬂor-</strong></span> 
     </span>
    </p>
   </div>
   <div class='ocr_carea' id='block_1_90' title="bbox 901 2107 1686 2142">
    <p class='ocr_par' dir='ltr' id='par_1_90' title="bbox 901 2107 1686 2142">
     <span class='ocr_line' id='line_1_90' title="bbox 901 2107 1686 2142; baseline -0.001 -7"><span class='ocrx_word' id='word_1_709' title='bbox 901 2113 986 2141; x_wconf 86' lang='lat' dir='ltr'><strong>mant,</strong></span> <span class='ocrx_word' id='word_1_710' title='bbox 1012 2107 1126 2142; x_wconf 87' lang='lat' dir='ltr'><strong>ejusque</strong></span> <span class='ocrx_word' id='word_1_711' title='bbox 1153 2107 1310 2134; x_wconf 84' lang='lat' dir='ltr'><strong>accendunt</strong></span> <span class='ocrx_word' id='word_1_712' title='bbox 1339 2107 1571 2142; x_wconf 83' lang='lat' dir='ltr'><strong>pulchritudinem</strong></span> <span class='ocrx_word' id='word_1_713' title='bbox 1599 2112 1626 2134; x_wconf 90' lang='lat' dir='ltr'><strong>ct</strong></span> <span class='ocrx_word' id='word_1_714' title='bbox 1653 2107 1686 2134; x_wconf 76' lang='lat' dir='ltr'><strong>ad</strong></span> 
     </span>
    </p>
   </div>
   <div class='ocr_carea' id='block_1_91' title="bbox 901 2153 1689 2188">
    <p class='ocr_par' dir='ltr' id='par_1_91' title="bbox 901 2153 1689 2188">
     <span class='ocr_line' id='line_1_91' title="bbox 901 2153 1689 2188; baseline -0.003 -7"><span class='ocrx_word' id='word_1_715' title='bbox 901 2155 984 2183; x_wconf 64' lang='lat' dir='ltr'><strong>cozlos</strong></span> <span class='ocrx_word' id='word_1_716' title='bbox 999 2161 1085 2188; x_wconf 81' lang='lat' dir='ltr'><strong>usque</strong></span> <span class='ocrx_word' id='word_1_717' title='bbox 1111 2153 1263 2187; x_wconf 82' lang='lat' dir='ltr'><strong>extollunt;</strong></span> <span class='ocrx_word' id='word_1_718' title='bbox 1280 2153 1325 2180; x_wconf 84' lang='lat' dir='ltr'><strong>alii</strong></span> <span class='ocrx_word' id='word_1_719' title='bbox 1343 2158 1438 2181; x_wconf 84' lang='lat' dir='ltr'><strong>contra</strong></span> <span class='ocrx_word' id='word_1_720' title='bbox 1471 2154 1544 2181; x_wconf 85' lang='lat' dir='ltr'><strong>velut</strong></span> <span class='ocrx_word' id='word_1_721' title='bbox 1575 2153 1649 2180; x_wconf 85' lang='lat' dir='ltr'><strong>iners</strong></span> <span class='ocrx_word' id='word_1_722' title='bbox 1660 2157 1689 2179; x_wconf 80' lang='lat' dir='ltr'><strong>et</strong></span> 
     </span>
    </p>
   </div>
   <div class='ocr_carea' id='block_1_92' title="bbox 903 2201 1688 2236">
    <p class='ocr_par' dir='ltr' id='par_1_92' title="bbox 903 2201 1688 2236">
     <span class='ocr_line' id='line_1_92' title="bbox 903 2201 1688 2236; baseline -0.001 -8"><span class='ocrx_word' id='word_1_723' title='bbox 903 2202 1019 2229; x_wconf 83' lang='lat' dir='ltr'><strong>informe</strong></span> <span class='ocrx_word' id='word_1_724' title='bbox 1035 2201 1174 2236; x_wconf 80' lang='lat' dir='ltr'><strong>quidpiam</strong></span> <span class='ocrx_word' id='word_1_725' title='bbox 1192 2202 1266 2228; x_wconf 87' lang='lat' dir='ltr'><strong>illum</strong></span> <span class='ocrx_word' id='word_1_726' title='bbox 1286 2201 1396 2228; x_wconf 84' lang='lat' dir='ltr'><strong>inscitia</strong></span> <span class='ocrx_word' id='word_1_727' title='bbox 1413 2205 1460 2228; x_wconf 86' lang='lat' dir='ltr'><strong>aut</strong></span> <span class='ocrx_word' id='word_1_728' title='bbox 1483 2201 1584 2228; x_wconf 77' lang='lat' dir='ltr'><strong>malitia</strong></span> <span class='ocrx_word' id='word_1_729' title='bbox 1607 2201 1688 2228; x_wconf 79' lang='lat' dir='ltr'><strong>obru-</strong></span> 
     </span>
    </p>
   </div>
   <div class='ocr_carea' id='block_1_93' title="bbox 906 2247 1227 2275">
    <p class='ocr_par' dir='ltr' id='par_1_93' title="bbox 906 2247 1227 2275">
     <span class='ocr_line' id='line_1_93' title="bbox 906 2247 1227 2275; baseline 0.003 -2"><span class='ocrx_word' id='word_1_730' title='bbox 906 2252 962 2274; x_wconf 90' lang='lat' dir='ltr'><strong>tum</strong></span> <span class='ocrx_word' id='word_1_731' title='bbox 981 2247 1093 2275; x_wconf 87' lang='lat' dir='ltr'><strong>missum</strong></span> <span class='ocrx_word' id='word_1_732' title='bbox 1116 2248 1227 2275; x_wconf 71' lang='lat' dir='ltr'><strong>faciunt.</strong></span> 
     </span>
    </p>
   </div>
   <div class='ocr_carea' id='block_1_94' title="bbox 65 2291 1689 2330">
    <p class='ocr_par' dir='ltr' id='par_1_94' title="bbox 65 2291 1689 2330">
     <span class='ocr_line' id='line_1_94' title="bbox 65 2291 1689 2330; baseline -0.001 -10"><span class='ocrx_word' id='word_1_733' title='bbox 65 2294 113 2320; x_wconf 73' lang='grc' dir='ltr'><strong>καὶ</strong></span> <span class='ocrx_word' id='word_1_734' title='bbox 131 2294 230 2329; x_wconf 79' lang='grc' dir='ltr'>μέχρις</span> <span class='ocrx_word' id='word_1_735' title='bbox 243 2292 363 2328; x_wconf 81' lang='grc' dir='ltr'>οὐρανῶν</span> <span class='ocrx_word' id='word_1_736' title='bbox 377 2291 491 2325; x_wconf 80' lang='grc' dir='ltr'>ἀνιέναι,</span> <span class='ocrx_word' id='word_1_737' title='bbox 503 2293 558 2323; x_wconf 78' lang='grc' dir='ltr'>τοῖς</span> <span class='ocrx_word' id='word_1_738' title='bbox 572 2292 599 2319; x_wconf 80' lang='grc' dir='ltr'>δὲ</span> <span class='ocrx_word' id='word_1_739' title='bbox 615 2292 699 2328; x_wconf 84' lang='grc' dir='ltr'>ἀργόν</span> <span class='ocrx_word' id='word_1_740' title='bbox 715 2301 741 2319; x_wconf 89' lang='grc' dir='ltr'><strong>τι</strong></span> <span class='ocrx_word' id='word_1_741' title='bbox 755 2294 848 2329; x_wconf 80' lang='grc' dir='ltr'>χρῆμα</span> <span class='ocrx_word' id='word_1_742' title='bbox 868 2294 914 2321; x_wconf 75' lang='grc' dir='ltr'>καὶ</span> <span class='ocrx_word' id='word_1_743' title='bbox 950 2295 1074 2330; x_wconf 85' lang='grc' dir='ltr'>ἄμορφον</span> <span class='ocrx_word' id='word_1_744' title='bbox 1109 2294 1301 2322; x_wconf 80' lang='grc' dir='ltr'>καταλείπεται</span> <span class='ocrx_word' id='word_1_745' title='bbox 1334 2293 1441 2329; x_wconf 81' lang='grc' dir='ltr'>ἀμαθίᾳ</span> <span class='ocrx_word' id='word_1_746' title='bbox 1469 2292 1689 2328; x_wconf 67' lang='grc' dir='ltr'>συγκαλυπτόμετ</span> 
     </span>
    </p>
   </div>
   <div class='ocr_carea' id='block_1_95' title="bbox 63 2341 283 2377">
    <p class='ocr_par' dir='ltr' id='par_1_95' title="bbox 63 2341 283 2377">
     <span class='ocr_line' id='line_1_95' title="bbox 63 2341 283 2377; baseline 0 -9"><span class='ocrx_word' id='word_1_747' title='bbox 63 2351 107 2368; x_wconf 88' lang='grc' dir='ltr'><strong>νον</strong></span> <span class='ocrx_word' id='word_1_748' title='bbox 124 2342 142 2377; x_wconf 85' lang='grc' dir='ltr'>ἢ</span> <span class='ocrx_word' id='word_1_749' title='bbox 157 2341 283 2376; x_wconf 83' lang='grc' dir='ltr'>πονηρίᾳ.</span> 
     </span>
    </p>
   </div>
   <div class='ocr_carea' id='block_1_96' title="bbox 101 2387 889 2423">
    <p class='ocr_par' dir='ltr' id='par_1_96' title="bbox 101 2387 889 2423">
     <span class='ocr_line' id='line_1_96' title="bbox 101 2387 889 2423; baseline 0.003 -9"><span class='ocrx_word' id='word_1_750' title='bbox 101 2389 158 2415; x_wconf 81' lang='grc' dir='ltr'><strong>Καὶ</strong></span> <span class='ocrx_word' id='word_1_751' title='bbox 186 2389 273 2414; x_wconf 78' lang='grc' dir='ltr'>ταῦτα</span> <span class='ocrx_word' id='word_1_752' title='bbox 290 2387 339 2421; x_wconf 84' lang='grc' dir='ltr'>μὲν</span> <span class='ocrx_word' id='word_1_753' title='bbox 366 2388 455 2415; x_wconf 82' lang='grc' dir='ltr'>πάντα</span> <span class='ocrx_word' id='word_1_754' title='bbox 480 2387 544 2423; x_wconf 67' lang='grc' dir='ltr'>περὶ</span> <span class='ocrx_word' id='word_1_755' title='bbox 560 2388 609 2422; x_wconf 84' lang='grc' dir='ltr'>τῆς</span> <span class='ocrx_word' id='word_1_756' title='bbox 634 2387 709 2420; x_wconf 88' lang='grc' dir='ltr'>θείας</span> <span class='ocrx_word' id='word_1_757' title='bbox 737 2389 851 2422; x_wconf 81' lang='grc' dir='ltr'>Τριάδος</span> <span class='ocrx_word' id='word_1_758' title='bbox 868 2391 889 2419; x_wconf 89' lang='lat' dir='ltr'><strong>D</strong></span> 
     </span>
    </p>
   </div>
   <div class='ocr_carea' id='block_1_97' title="bbox 65 2433 852 2469">
    <p class='ocr_par' dir='ltr' id='par_1_97' title="bbox 65 2433 852 2469">
     <span class='ocr_line' id='line_1_97' title="bbox 65 2433 852 2469; baseline 0 -8"><span class='ocrx_word' id='word_1_759' title='bbox 65 2436 135 2469; x_wconf 80' lang='grc' dir='ltr'>πρὸς</span> <span class='ocrx_word' id='word_1_760' title='bbox 146 2434 211 2465; x_wconf 81' lang='grc' dir='ltr'>τοὺς</span> <span class='ocrx_word' id='word_1_761' title='bbox 224 2433 275 2466; x_wconf 79' lang='grc' dir='ltr'>ἔξω</span> <span class='ocrx_word' id='word_1_762' title='bbox 288 2433 334 2459; x_wconf 72' lang='grc' dir='ltr'><strong>καὶ</strong></span> <span class='ocrx_word' id='word_1_763' title='bbox 350 2433 459 2468; x_wconf 74' lang='grc' dir='ltr'>εἴρηται</span> <span class='ocrx_word' id='word_1_764' title='bbox 474 2433 522 2459; x_wconf 77' lang='grc' dir='ltr'>καὶ</span> <span class='ocrx_word' id='word_1_765' title='bbox 545 2433 671 2467; x_wconf 73' lang='grc' dir='ltr'>λέγεσθαι</span> <span class='ocrx_word' id='word_1_766' title='bbox 697 2435 747 2467; x_wconf 71' lang='grc' dir='ltr'>δεῖ,</span> <span class='ocrx_word' id='word_1_767' title='bbox 761 2434 797 2466; x_wconf 83' lang='grc' dir='ltr'>ὡς</span> <span class='ocrx_word' id='word_1_768' title='bbox 819 2435 852 2461; x_wconf 81' lang='grc' dir='ltr'><strong>ἐκ</strong></span> 
     </span>
    </p>
   </div>
   <div class='ocr_carea' id='block_1_98' title="bbox 65 2478 851 2515">
    <p class='ocr_par' dir='ltr' id='par_1_98' title="bbox 65 2478 851 2515">
     <span class='ocr_line' id='line_1_98' title="bbox 65 2478 851 2515; baseline -0.001 -8"><span class='ocrx_word' id='word_1_769' title='bbox 65 2489 138 2512; x_wconf 87' lang='grc' dir='ltr'>τινος</span> <span class='ocrx_word' id='word_1_770' title='bbox 155 2478 244 2514; x_wconf 82' lang='grc' dir='ltr'>ἀρχῆς</span> <span class='ocrx_word' id='word_1_771' title='bbox 260 2479 326 2514; x_wconf 78' lang='grc' dir='ltr'>ἡμῖν</span> <span class='ocrx_word' id='word_1_772' title='bbox 341 2487 370 2505; x_wconf 75' lang='grc' dir='ltr'><strong>τε</strong></span> <span class='ocrx_word' id='word_1_773' title='bbox 397 2480 444 2506; x_wconf 82' lang='grc' dir='ltr'><strong>καὶ</strong></span> <span class='ocrx_word' id='word_1_774' title='bbox 472 2479 585 2510; x_wconf 80' lang='grc' dir='ltr'>ἐκείνοις</span> <span class='ocrx_word' id='word_1_775' title='bbox 617 2480 708 2514; x_wconf 74' lang='grc' dir='ltr'>κοινῆς</span> <span class='ocrx_word' id='word_1_776' title='bbox 728 2481 777 2515; x_wconf 78' lang='grc' dir='ltr'><strong>τῆς</strong></span> <span class='ocrx_word' id='word_1_777' title='bbox 803 2480 851 2507; x_wconf 74' lang='grc' dir='ltr'>τοῦ</span> 
     </span>
    </p>
   </div>
   <div class='ocr_carea' id='block_1_99' title="bbox 65 2523 852 2559">
    <p class='ocr_par' dir='ltr' id='par_1_99' title="bbox 65 2523 852 2559">
     <span class='ocr_line' id='line_1_99' title="bbox 65 2523 852 2559; baseline -0.003 -5"><span class='ocrx_word' id='word_1_778' title='bbox 65 2525 189 2556; x_wconf 80' lang='grc' dir='ltr'>Μωσέως</span> <span class='ocrx_word' id='word_1_779' title='bbox 204 2524 378 2556; x_wconf 69' lang='grc' dir='ltr'>διδασκαλίας</span> <span class='ocrx_word' id='word_1_780' title='bbox 391 2533 399 2541; x_wconf 84' lang='lat'><strong>&#39;</strong></span> <span class='ocrx_word' id='word_1_781' title='bbox 418 2525 484 2559; x_wconf 74' lang='grc' dir='ltr'>ἡμῖν</span> <span class='ocrx_word' id='word_1_782' title='bbox 505 2525 534 2551; x_wconf 83' lang='grc' dir='ltr'><strong>δέ</strong></span> <span class='ocrx_word' id='word_1_783' title='bbox 560 2526 638 2559; x_wconf 81' lang='grc' dir='ltr'>λόγου</span> <span class='ocrx_word' id='word_1_784' title='bbox 669 2523 767 2557; x_wconf 74' lang='grc' dir='ltr'>παντὸς</span> <span class='ocrx_word' id='word_1_785' title='bbox 791 2527 852 2553; x_wconf 74' lang='grc' dir='ltr'>ἐπέ-</span> 
     </span>
    </p>
   </div>
   <div class='ocr_carea' id='block_1_100' title="bbox 65 2569 853 2607">
    <p class='ocr_par' dir='ltr' id='par_1_100' title="bbox 65 2569 853 2607">
     <span class='ocr_line' id='line_1_100' title="bbox 65 2569 853 2607; baseline 0.001 -10"><span class='ocrx_word' id='word_1_786' title='bbox 65 2579 144 2597; x_wconf 82' lang='grc' dir='ltr'>κεινα</span> <span class='ocrx_word' id='word_1_787' title='bbox 156 2570 207 2605; x_wconf 85' lang='grc' dir='ltr'>τὴν</span> <span class='ocrx_word' id='word_1_788' title='bbox 221 2571 284 2604; x_wconf 83' lang='grc' dir='ltr'>περὶ</span> <span class='ocrx_word' id='word_1_789' title='bbox 302 2569 404 2596; x_wconf 84' lang='grc' dir='ltr'>τούτων</span> <span class='ocrx_word' id='word_1_790' title='bbox 417 2571 507 2596; x_wconf 82' lang='grc' dir='ltr'>πίστιν</span> <span class='ocrx_word' id='word_1_791' title='bbox 525 2570 606 2602; x_wconf 83' lang='grc' dir='ltr'>αὐτὸς</span> <span class='ocrx_word' id='word_1_792' title='bbox 619 2571 633 2597; x_wconf 83' lang='grc' dir='ltr'><strong>ὁ</strong></span> <span class='ocrx_word' id='word_1_793' title='bbox 648 2570 718 2602; x_wconf 74' lang='grc' dir='ltr'>θεῖος</span> <span class='ocrx_word' id='word_1_794' title='bbox 740 2571 853 2607; x_wconf 75' lang='grc' dir='ltr'>ἐνέθηκε</span> 
     </span>
    </p>
   </div>
   <div class='ocr_carea' id='block_1_101' title="bbox 66 2614 853 2651">
    <p class='ocr_par' dir='ltr' id='par_1_101' title="bbox 66 2614 853 2651">
     <span class='ocr_line' id='line_1_101' title="bbox 66 2614 853 2651; baseline -0.001 -7"><span class='ocrx_word' id='word_1_795' title='bbox 66 2617 162 2650; x_wconf 86' lang='grc' dir='ltr'>Λόγος.</span> <span class='ocrx_word' id='word_1_796' title='bbox 179 2614 281 2642; x_wconf 76' lang='grc' dir='ltr'>Τούτου</span> <span class='ocrx_word' id='word_1_797' title='bbox 292 2615 372 2650; x_wconf 80' lang='grc' dir='ltr'>χάριν</span> <span class='ocrx_word' id='word_1_798' title='bbox 383 2615 432 2650; x_wconf 80' lang='grc' dir='ltr'>τὴν</span> <span class='ocrx_word' id='word_1_799' title='bbox 446 2615 582 2651; x_wconf 75' lang='grc' dir='ltr'>ἡμετέραν</span> <span class='ocrx_word' id='word_1_800' title='bbox 596 2616 704 2650; x_wconf 78' lang='grc' dir='ltr'>ἀληθῶς</span> <span class='ocrx_word' id='word_1_801' title='bbox 729 2616 778 2651; x_wconf 91' lang='grc' dir='ltr'><strong>μέν</strong></span> <span class='ocrx_word' id='word_1_802' title='bbox 793 2617 853 2643; x_wconf 81' lang='grc' dir='ltr'>θεο-</span> 
     </span>
    </p>
   </div>
   <div class='ocr_carea' id='block_1_102' title="bbox 66 2659 854 2696">
    <p class='ocr_par' dir='ltr' id='par_1_102' title="bbox 66 2659 854 2696">
     <span class='ocr_line' id='line_1_102' title="bbox 66 2659 854 2696; baseline 0.001 -9"><span class='ocrx_word' id='word_1_803' title='bbox 66 2659 179 2696; x_wconf 71' lang='grc' dir='ltr'>πρεπῶς</span> <span class='ocrx_word' id='word_1_804' title='bbox 196 2659 225 2686; x_wconf 77' lang='grc' dir='ltr'><strong>δέ</strong></span> <span class='ocrx_word' id='word_1_805' title='bbox 238 2659 312 2694; x_wconf 80' lang='grc' dir='ltr'>ὅμως</span> <span class='ocrx_word' id='word_1_806' title='bbox 325 2660 543 2694; x_wconf 77' lang='grc' dir='ltr'>προσλαϐόμενος</span> <span class='ocrx_word' id='word_1_807' title='bbox 561 2661 652 2694; x_wconf 77' lang='grc' dir='ltr'>φύσιν,</span> <span class='ocrx_word' id='word_1_808' title='bbox 662 2660 709 2687; x_wconf 71' lang='grc' dir='ltr'><strong>καὶ</strong></span> <span class='ocrx_word' id='word_1_809' title='bbox 726 2661 814 2694; x_wconf 75' lang='grc' dir='ltr'>δόξαις</span> <span class='ocrx_word' id='word_1_810' title='bbox 825 2671 854 2689; x_wconf 88' lang='grc' dir='ltr'><strong>τε</strong></span> 
     </span>
    </p>
   </div>
   <div class='ocr_carea' id='block_1_103' title="bbox 65 2705 855 2742">
    <p class='ocr_par' dir='ltr' id='par_1_103' title="bbox 65 2705 855 2742">
     <span class='ocr_line' id='line_1_103' title="bbox 65 2705 855 2742; baseline 0 -9"><span class='ocrx_word' id='word_1_811' title='bbox 65 2708 124 2738; x_wconf 82' lang='grc' dir='ltr'>ταῐς</span> <span class='ocrx_word' id='word_1_812' title='bbox 139 2705 253 2742; x_wconf 83' lang='grc' dir='ltr'>ἀληθέσι</span> <span class='ocrx_word' id='word_1_813' title='bbox 266 2707 329 2740; x_wconf 78' lang='grc' dir='ltr'>περὶ</span> <span class='ocrx_word' id='word_1_814' title='bbox 343 2705 391 2732; x_wconf 78' lang='grc' dir='ltr'>τοῦ</span> <span class='ocrx_word' id='word_1_815' title='bbox 404 2706 484 2741; x_wconf 72' lang='grc' dir='ltr'>μόνου</span> <span class='ocrx_word' id='word_1_816' title='bbox 498 2706 565 2733; x_wconf 78' lang='grc' dir='ltr'>Θευῦ</span> <span class='ocrx_word' id='word_1_817' title='bbox 582 2708 629 2734; x_wconf 77' lang='grc' dir='ltr'><strong>καὶ</strong></span> <span class='ocrx_word' id='word_1_818' title='bbox 642 2708 721 2742; x_wconf 86' lang='grc' dir='ltr'>μόνου</span> <span class='ocrx_word' id='word_1_819' title='bbox 737 2708 792 2734; x_wconf 80' lang='grc' dir='ltr'>τῶν</span> <span class='ocrx_word' id='word_1_820' title='bbox 812 2708 855 2734; x_wconf 76' lang='grc' dir='ltr'>δν-</span> 
     </span>
    </p>
   </div>
   <div class='ocr_carea' id='block_1_104' title="bbox 65 2750 854 2788">
    <p class='ocr_par' dir='ltr' id='par_1_104' title="bbox 65 2750 854 2788">
     <span class='ocr_line' id='line_1_104' title="bbox 65 2750 854 2788; baseline 0.001 -10"><span class='ocrx_word' id='word_1_821' title='bbox 65 2760 119 2778; x_wconf 85' lang='grc' dir='ltr'><strong>των</strong></span> <span class='ocrx_word' id='word_1_822' title='bbox 135 2751 246 2778; x_wconf 82' lang='grc' dir='ltr'>πάντων</span> <span class='ocrx_word' id='word_1_823' title='bbox 260 2751 346 2776; x_wconf 83' lang='grc' dir='ltr'>αἰτίου</span> <span class='ocrx_word' id='word_1_824' title='bbox 371 2751 417 2777; x_wconf 74' lang='grc' dir='ltr'>καὶ</span> <span class='ocrx_word' id='word_1_825' title='bbox 441 2750 533 2784; x_wconf 85' lang='grc' dir='ltr'>νόμοις</span> <span class='ocrx_word' id='word_1_826' title='bbox 546 2752 609 2786; x_wconf 81' lang='grc' dir='ltr'>περὶ</span> <span class='ocrx_word' id='word_1_827' title='bbox 627 2751 674 2777; x_wconf 83' lang='grc' dir='ltr'><strong>τοῦ</strong></span> <span class='ocrx_word' id='word_1_828' title='bbox 691 2751 766 2788; x_wconf 80' lang='grc' dir='ltr'>βιοῦν</span> <span class='ocrx_word' id='word_1_829' title='bbox 782 2753 854 2788; x_wconf 79' lang='grc' dir='ltr'>ἔχειν</span> 
     </span>
    </p>
   </div>
   <div class='ocr_carea' id='block_1_105' title="bbox 66 2797 853 2833">
    <p class='ocr_par' dir='ltr' id='par_1_105' title="bbox 66 2797 853 2833">
     <span class='ocr_line' id='line_1_105' title="bbox 66 2797 853 2833; baseline 0 -9"><span class='ocrx_word' id='word_1_830' title='bbox 66 2798 155 2832; x_wconf 79' lang='grc' dir='ltr'>ὀρθῶς</span> <span class='ocrx_word' id='word_1_831' title='bbox 168 2797 322 2831; x_wconf 86' lang='grc' dir='ltr'>ἐκόσμησεν</span> <span class='ocrx_word' id='word_1_832' title='bbox 337 2797 411 2831; x_wconf 82' lang='grc' dir='ltr'>ἡμᾶς</span> <span class='ocrx_word' id='word_1_833' title='bbox 425 2798 458 2823; x_wconf 79' lang='grc' dir='ltr'><strong>ἐκ</strong></span> <span class='ocrx_word' id='word_1_834' title='bbox 477 2798 526 2833; x_wconf 81' lang='grc' dir='ltr'>τῆς</span> <span class='ocrx_word' id='word_1_835' title='bbox 550 2798 615 2832; x_wconf 74' lang='grc' dir='ltr'>πρὶν</span> <span class='ocrx_word' id='word_1_836' title='bbox 631 2798 776 2832; x_wconf 81' lang='grc' dir='ltr'>ἀκοσμίας,</span> <span class='ocrx_word' id='word_1_837' title='bbox 791 2799 823 2833; x_wconf 83' lang='grc' dir='ltr'>ἣν</span> <span class='ocrx_word' id='word_1_838' title='bbox 839 2798 853 2824; x_wconf 84' lang='grc' dir='ltr'><strong>ό</strong></span> 
     </span>
    </p>
   </div>
   <div class='ocr_carea' id='block_1_106' title="bbox 66 2841 855 2879">
    <p class='ocr_par' dir='ltr' id='par_1_106' title="bbox 66 2841 855 2879">
     <span class='ocr_line' id='line_1_106' title="bbox 66 2841 855 2879; baseline 0 -9"><span class='ocrx_word' id='word_1_839' title='bbox 66 2844 111 2870; x_wconf 75' lang='grc' dir='ltr'><strong>τοῦ</strong></span> <span class='ocrx_word' id='word_1_840' title='bbox 121 2842 238 2877; x_wconf 80' lang='grc' dir='ltr'>ψεύδους</span> <span class='ocrx_word' id='word_1_841' title='bbox 249 2842 338 2877; x_wconf 84' lang='grc' dir='ltr'>πατὴρ</span> <span class='ocrx_word' id='word_1_842' title='bbox 347 2843 412 2877; x_wconf 83' lang='grc' dir='ltr'>ἡμῖν</span> <span class='ocrx_word' id='word_1_843' title='bbox 423 2841 610 2877; x_wconf 79' lang='grc' dir='ltr'>ἐπεσὼρευσεν</span> <span class='ocrx_word' id='word_1_844' title='bbox 621 2843 672 2869; x_wconf 81' lang='grc' dir='ltr'>οὐκ</span> <span class='ocrx_word' id='word_1_845' title='bbox 686 2843 719 2870; x_wconf 84' lang='grc' dir='ltr'>ἂν</span> <span class='ocrx_word' id='word_1_846' title='bbox 730 2844 855 2879; x_wconf 75' lang='grc' dir='ltr'>δυνηοεις</span> 
     </span>
    </p>
   </div>
   <div class='ocr_carea' id='block_1_107' title="bbox 67 2886 856 2926">
    <p class='ocr_par' dir='ltr' id='par_1_107' title="bbox 67 2886 856 2926">
     <span class='ocr_line' id='line_1_107' title="bbox 67 2886 856 2926; baseline 0 -12"><span class='ocrx_word' id='word_1_847' title='bbox 67 2893 92 2926; x_wconf 46' lang='grc' dir='ltr'><strong>ἦ.</strong></span> <span class='ocrx_word' id='word_1_848' title='bbox 107 2889 146 2916; x_wconf 83' lang='grc' dir='ltr'><strong>ὦν</strong></span> <span class='ocrx_word' id='word_1_849' title='bbox 159 2888 188 2914; x_wconf 78' lang='grc' dir='ltr'><strong>τδ</strong></span> <span class='ocrx_word' id='word_1_850' title='bbox 205 2887 262 2914; x_wconf 81' lang='grc' dir='ltr'>δέον</span> <span class='ocrx_word' id='word_1_851' title='bbox 286 2888 359 2916; x_wconf 77' lang='grc' dir='ltr'>άπαν</span> <span class='ocrx_word' id='word_1_852' title='bbox 374 2886 537 2923; x_wconf 72' lang='grc' dir='ltr'>τηρούντων.</span> <span class='ocrx_word' id='word_1_853' title='bbox 553 2888 621 2922; x_wconf 75' lang='grc' dir='ltr'>Δόξα</span> <span class='ocrx_word' id='word_1_854' title='bbox 636 2889 724 2916; x_wconf 76' lang='grc' dir='ltr'>τοίνυν</span> <span class='ocrx_word' id='word_1_855' title='bbox 747 2889 784 2925; x_wconf 76' lang='grc' dir='ltr'><strong>τῷ</strong></span> <span class='ocrx_word' id='word_1_856' title='bbox 804 2890 856 2917; x_wconf 77' lang='grc' dir='ltr'><strong>Λό-</strong></span> 
     </span>
    </p>
   </div>
   <div class='ocr_carea' id='block_1_108' title="bbox 947 2385 1689 2420">
    <p class='ocr_par' dir='ltr' id='par_1_108' title="bbox 947 2385 1689 2420">
     <span class='ocr_line' id='line_1_108' title="bbox 947 2385 1689 2420; baseline -0.005 -5"><span class='ocrx_word' id='word_1_857' title='bbox 947 2389 1009 2417; x_wconf 79' lang='lat' dir='ltr'><strong>llzec</strong></span> <span class='ocrx_word' id='word_1_858' title='bbox 1025 2388 1117 2416; x_wconf 85' lang='lat' dir='ltr'><strong>omnia</strong></span> <span class='ocrx_word' id='word_1_859' title='bbox 1132 2389 1166 2415; x_wconf 87' lang='lat' dir='ltr'><strong>de</strong></span> <span class='ocrx_word' id='word_1_860' title='bbox 1181 2387 1274 2415; x_wconf 89' lang='lat' dir='ltr'><strong>divina</strong></span> <span class='ocrx_word' id='word_1_861' title='bbox 1291 2386 1426 2413; x_wconf 84' lang='lat' dir='ltr'><strong>Triuitalc</strong></span> <span class='ocrx_word' id='word_1_862' title='bbox 1441 2386 1475 2414; x_wconf 80' lang='lat' dir='ltr'><strong>ad</strong></span> <span class='ocrx_word' id='word_1_863' title='bbox 1493 2393 1546 2413; x_wconf 76' lang='lat' dir='ltr'><strong>eos</strong></span> <span class='ocrx_word' id='word_1_864' title='bbox 1560 2385 1605 2420; x_wconf 85' lang='lat' dir='ltr'><strong>qui</strong></span> <span class='ocrx_word' id='word_1_865' title='bbox 1624 2385 1689 2412; x_wconf 73' lang='lat' dir='ltr'><strong>foris</strong></span> 
     </span>
    </p>
   </div>
   <div class='ocr_carea' id='block_1_109' title="bbox 909 2431 1688 2468">
    <p class='ocr_par' dir='ltr' id='par_1_109' title="bbox 909 2431 1688 2468">
     <span class='ocr_line' id='line_1_109' title="bbox 909 2431 1688 2468; baseline -0.006 -6"><span class='ocrx_word' id='word_1_866' title='bbox 909 2439 974 2463; x_wconf 82' lang='lat' dir='ltr'><strong>sunt</strong></span> <span class='ocrx_word' id='word_1_867' title='bbox 997 2435 1101 2462; x_wconf 90' lang='lat' dir='ltr'><strong>dictum</strong></span> <span class='ocrx_word' id='word_1_868' title='bbox 1125 2433 1324 2468; x_wconf 88' lang='lat' dir='ltr'><strong>dicendumque</strong></span> <span class='ocrx_word' id='word_1_869' title='bbox 1346 2438 1399 2466; x_wconf 83' lang='lat' dir='ltr'><strong>est,</strong></span> <span class='ocrx_word' id='word_1_870' title='bbox 1422 2440 1454 2459; x_wconf 77' lang='lat' dir='ltr'><strong>ex</strong></span> <span class='ocrx_word' id='word_1_871' title='bbox 1474 2431 1592 2466; x_wconf 86' lang='lat' dir='ltr'><strong>quodam</strong></span> <span class='ocrx_word' id='word_1_872' title='bbox 1610 2432 1688 2466; x_wconf 86' lang='lat' dir='ltr'><strong>quasi</strong></span> 
     </span>
    </p>
   </div>
   <div class='ocr_carea' id='block_1_110' title="bbox 906 2477 1688 2515">
    <p class='ocr_par' dir='ltr' id='par_1_110' title="bbox 906 2477 1688 2515">
     <span class='ocr_line' id='line_1_110' title="bbox 906 2477 1688 2515; baseline -0.004 -8"><span class='ocrx_word' id='word_1_873' title='bbox 906 2479 1041 2515; x_wconf 88' lang='lat' dir='ltr'><strong>principio</strong></span> <span class='ocrx_word' id='word_1_874' title='bbox 1062 2479 1143 2506; x_wconf 89' lang='lat' dir='ltr'><strong>nobis</strong></span> <span class='ocrx_word' id='word_1_875' title='bbox 1163 2483 1191 2506; x_wconf 89' lang='lat' dir='ltr'><strong>et</strong></span> <span class='ocrx_word' id='word_1_876' title='bbox 1211 2478 1279 2512; x_wconf 82' lang='lat' dir='ltr'><strong>ipsis</strong></span> <span class='ocrx_word' id='word_1_877' title='bbox 1294 2478 1450 2510; x_wconf 88' lang='lat' dir='ltr'><strong>communi,</strong></span> <span class='ocrx_word' id='word_1_878' title='bbox 1479 2477 1562 2505; x_wconf 80' lang='lat' dir='ltr'><strong>Mosis</strong></span> <span class='ocrx_word' id='word_1_879' title='bbox 1590 2484 1688 2512; x_wconf 82' lang='lat' dir='ltr'><strong>nempe</strong></span> 
     </span>
    </p>
   </div>
   <div class='ocr_carea' id='block_1_111' title="bbox 906 2522 1686 2558">
    <p class='ocr_par' dir='ltr' id='par_1_111' title="bbox 906 2522 1686 2558">
     <span class='ocr_line' id='line_1_111' title="bbox 906 2522 1686 2558; baseline -0.004 -6"><span class='ocrx_word' id='word_1_880' title='bbox 906 2526 1042 2553; x_wconf 88' lang='lat' dir='ltr'><strong>doctrina.</strong></span> <span class='ocrx_word' id='word_1_881' title='bbox 1059 2524 1147 2552; x_wconf 84' lang='lat' dir='ltr'><strong>Nobis</strong></span> <span class='ocrx_word' id='word_1_882' title='bbox 1174 2528 1264 2551; x_wconf 87' lang='lat' dir='ltr'><strong>autem</strong></span> <span class='ocrx_word' id='word_1_883' title='bbox 1285 2528 1383 2558; x_wconf 70' lang='lat' dir='ltr'><strong>prmter</strong></span> <span class='ocrx_word' id='word_1_884' title='bbox 1406 2530 1488 2551; x_wconf 88' lang='lat' dir='ltr'><strong>omne</strong></span> <span class='ocrx_word' id='word_1_885' title='bbox 1512 2522 1686 2550; x_wconf 87' lang='lat' dir='ltr'><strong>ratiocinium</strong></span> 
     </span>
    </p>
   </div>
   <div class='ocr_carea' id='block_1_112' title="bbox 905 2568 1688 2606">
    <p class='ocr_par' dir='ltr' id='par_1_112' title="bbox 905 2568 1688 2606">
     <span class='ocr_line' id='line_1_112' title="bbox 905 2568 1688 2606; baseline -0.004 -8"><span class='ocrx_word' id='word_1_886' title='bbox 905 2571 973 2598; x_wconf 84' lang='lat' dir='ltr'><strong>ﬂdes</strong></span> <span class='ocrx_word' id='word_1_887' title='bbox 989 2571 1024 2598; x_wconf 86' lang='lat' dir='ltr'><strong>ab</strong></span> <span class='ocrx_word' id='word_1_888' title='bbox 1040 2571 1099 2606; x_wconf 91' lang='lat' dir='ltr'><strong>ipso</strong></span> <span class='ocrx_word' id='word_1_889' title='bbox 1111 2570 1203 2598; x_wconf 87' lang='lat' dir='ltr'><strong>divino</strong></span> <span class='ocrx_word' id='word_1_890' title='bbox 1220 2569 1307 2597; x_wconf 78' lang='lat' dir='ltr'><strong>Verbo</strong></span> <span class='ocrx_word' id='word_1_891' title='bbox 1325 2569 1358 2596; x_wconf 88' lang='lat' dir='ltr'><strong>de</strong></span> <span class='ocrx_word' id='word_1_892' title='bbox 1375 2569 1417 2596; x_wconf 89' lang='lat' dir='ltr'><strong>bis</strong></span> <span class='ocrx_word' id='word_1_893' title='bbox 1430 2569 1533 2596; x_wconf 80' lang='lat' dir='ltr'><strong>inserta</strong></span> <span class='ocrx_word' id='word_1_894' title='bbox 1549 2572 1599 2597; x_wconf 87' lang='lat' dir='ltr'><strong>est.</strong></span> <span class='ocrx_word' id='word_1_895' title='bbox 1617 2568 1688 2601; x_wconf 84' lang='lat' dir='ltr'><strong>Qua-</strong></span> 
     </span>
    </p>
   </div>
   <div class='ocr_carea' id='block_1_113' title="bbox 908 2613 1687 2652">
    <p class='ocr_par' dir='ltr' id='par_1_113' title="bbox 908 2613 1687 2652">
     <span class='ocr_line' id='line_1_113' title="bbox 908 2613 1687 2652; baseline -0.003 -9"><span class='ocrx_word' id='word_1_896' title='bbox 908 2619 1019 2652; x_wconf 88' lang='lat' dir='ltr'><strong>propter</strong></span> <span class='ocrx_word' id='word_1_897' title='bbox 1033 2620 1159 2642; x_wconf 86' lang='lat' dir='ltr'><strong>naluram</strong></span> <span class='ocrx_word' id='word_1_898' title='bbox 1177 2619 1296 2642; x_wconf 84' lang='lat' dir='ltr'><strong>nostram</strong></span> <span class='ocrx_word' id='word_1_899' title='bbox 1313 2621 1376 2641; x_wconf 87' lang='lat' dir='ltr'><strong>vere</strong></span> <span class='ocrx_word' id='word_1_900' title='bbox 1388 2636 1395 2647; x_wconf 91' lang='lat'><strong>,</strong></span> <span class='ocrx_word' id='word_1_901' title='bbox 1413 2613 1468 2641; x_wconf 89' lang='lat' dir='ltr'><strong>Deo</strong></span> <span class='ocrx_word' id='word_1_902' title='bbox 1487 2618 1576 2641; x_wconf 87' lang='lat' dir='ltr'><strong>tamen</strong></span> <span class='ocrx_word' id='word_1_903' title='bbox 1593 2614 1687 2642; x_wconf 83' lang='lat' dir='ltr'><strong>condi-</strong></span> 
     </span>
    </p>
   </div>
   <div class='ocr_carea' id='block_1_114' title="bbox 907 2661 1686 2696">
    <p class='ocr_par' dir='ltr' id='par_1_114' title="bbox 907 2661 1686 2696">
     <span class='ocr_line' id='line_1_114' title="bbox 907 2661 1686 2696; baseline -0.003 -8"><span class='ocrx_word' id='word_1_904' title='bbox 907 2669 957 2696; x_wconf 66' lang='lat' dir='ltr'><strong>gne</strong></span> <span class='ocrx_word' id='word_1_905' title='bbox 979 2661 1132 2696; x_wconf 85' lang='lat' dir='ltr'><strong>suscipiens</strong></span> <span class='ocrx_word' id='word_1_906' title='bbox 1145 2666 1171 2687; x_wconf 84' lang='lat' dir='ltr'><strong>et</strong></span> <span class='ocrx_word' id='word_1_907' title='bbox 1183 2661 1255 2688; x_wconf 85' lang='lat' dir='ltr'><strong>veris</strong></span> <span class='ocrx_word' id='word_1_908' title='bbox 1274 2661 1420 2688; x_wconf 86' lang='lat' dir='ltr'><strong>sententiis</strong></span> <span class='ocrx_word' id='word_1_909' title='bbox 1434 2661 1467 2688; x_wconf 84' lang='lat' dir='ltr'><strong>de</strong></span> <span class='ocrx_word' id='word_1_910' title='bbox 1484 2668 1537 2688; x_wconf 88' lang='lat' dir='ltr'><strong>uno</strong></span> <span class='ocrx_word' id='word_1_911' title='bbox 1554 2661 1608 2688; x_wconf 83' lang='lat' dir='ltr'><strong>Deo</strong></span> <span class='ocrx_word' id='word_1_912' title='bbox 1627 2661 1686 2688; x_wconf 89' lang='lat' dir='ltr'><strong>solo</strong></span> 
     </span>
    </p>
   </div>
   <div class='ocr_carea' id='block_1_115' title="bbox 906 2705 1690 2741">
    <p class='ocr_par' dir='ltr' id='par_1_115' title="bbox 906 2705 1690 2741">
     <span class='ocr_line' id='line_1_115' title="bbox 906 2705 1690 2741; baseline -0.001 -7"><span class='ocrx_word' id='word_1_913' title='bbox 906 2712 1065 2735; x_wconf 87' lang='lat' dir='ltr'><strong>cunctorum</strong></span> <span class='ocrx_word' id='word_1_914' title='bbox 1077 2705 1180 2733; x_wconf 88' lang='lat' dir='ltr'><strong>entium</strong></span> <span class='ocrx_word' id='word_1_915' title='bbox 1199 2711 1311 2734; x_wconf 87' lang='lat' dir='ltr'><strong>auctore</strong></span> <span class='ocrx_word' id='word_1_916' title='bbox 1326 2711 1354 2733; x_wconf 90' lang='lat' dir='ltr'><strong>et</strong></span> <span class='ocrx_word' id='word_1_917' title='bbox 1366 2706 1469 2740; x_wconf 72' lang='lat' dir='ltr'><strong>legibus</strong></span> <span class='ocrx_word' id='word_1_918' title='bbox 1480 2707 1514 2733; x_wconf 83' lang='lat' dir='ltr'><strong>ad</strong></span> <span class='ocrx_word' id='word_1_919' title='bbox 1530 2706 1690 2741; x_wconf 74' lang='lat' dir='ltr'><strong>dirigendoa</strong></span> 
     </span>
    </p>
   </div>
   <div class='ocr_carea' id='block_1_116' title="bbox 907 2750 1686 2786">
    <p class='ocr_par' dir='ltr' id='par_1_116' title="bbox 907 2750 1686 2786">
     <span class='ocr_line' id='line_1_116' title="bbox 907 2750 1686 2786; baseline -0.001 -7"><span class='ocrx_word' id='word_1_920' title='bbox 907 2759 996 2780; x_wconf 85' lang='lat' dir='ltr'><strong>mores</strong></span> <span class='ocrx_word' id='word_1_921' title='bbox 1011 2759 1062 2779; x_wconf 90' lang='lat' dir='ltr'><strong>uos</strong></span> <span class='ocrx_word' id='word_1_922' title='bbox 1078 2752 1239 2784; x_wconf 76' lang='lat' dir='ltr'><strong>exornavit,</strong></span> <span class='ocrx_word' id='word_1_923' title='bbox 1258 2751 1343 2786; x_wconf 89' lang='lat' dir='ltr'><strong>priori</strong></span> <span class='ocrx_word' id='word_1_924' title='bbox 1360 2756 1451 2778; x_wconf 88' lang='lat' dir='ltr'><strong>amoto</strong></span> <span class='ocrx_word' id='word_1_925' title='bbox 1467 2750 1600 2778; x_wconf 89' lang='lat' dir='ltr'><strong>dedecore</strong></span> <span class='ocrx_word' id='word_1_926' title='bbox 1614 2751 1686 2785; x_wconf 83' lang='lat' dir='ltr'><strong>quod</strong></span> 
     </span>
    </p>
   </div>
   <div class='ocr_carea' id='block_1_117' title="bbox 907 2797 1688 2833">
    <p class='ocr_par' dir='ltr' id='par_1_117' title="bbox 907 2797 1688 2833">
     <span class='ocr_line' id='line_1_117' title="bbox 907 2797 1688 2833; baseline -0.001 -9"><span class='ocrx_word' id='word_1_927' title='bbox 907 2798 934 2824; x_wconf 94' lang='lat' dir='ltr'><strong>in</strong></span> <span class='ocrx_word' id='word_1_928' title='bbox 959 2805 1008 2825; x_wconf 75' lang='lat' dir='ltr'><strong>nos</strong></span> <span class='ocrx_word' id='word_1_929' title='bbox 1031 2797 1164 2825; x_wconf 82' lang='lat' dir='ltr'><strong>mendacii</strong></span> <span class='ocrx_word' id='word_1_930' title='bbox 1188 2802 1266 2833; x_wconf 83' lang='lat' dir='ltr'><strong>pater</strong></span> <span class='ocrx_word' id='word_1_931' title='bbox 1281 2802 1468 2833; x_wconf 73' lang='lat' dir='ltr'><strong>congesserat,</strong></span> <span class='ocrx_word' id='word_1_932' title='bbox 1485 2804 1537 2824; x_wconf 88' lang='lat' dir='ltr'><strong>non</strong></span> <span class='ocrx_word' id='word_1_933' title='bbox 1563 2797 1601 2826; x_wconf 82' lang='lat' dir='ltr'><strong>ita</strong></span> <span class='ocrx_word' id='word_1_934' title='bbox 1614 2801 1688 2824; x_wconf 89' lang='lat' dir='ltr'><strong>certe</strong></span> 
     </span>
    </p>
   </div>
   <div class='ocr_carea' id='block_1_118' title="bbox 908 2841 1687 2878">
    <p class='ocr_par' dir='ltr' id='par_1_118' title="bbox 908 2841 1687 2878">
     <span class='ocr_line' id='line_1_118' title="bbox 908 2841 1687 2878; baseline -0.004 -8"><span class='ocrx_word' id='word_1_935' title='bbox 908 2844 1024 2870; x_wconf 77' lang='lat' dir='ltr'><strong>laesurus</strong></span> <span class='ocrx_word' id='word_1_936' title='bbox 1042 2844 1064 2872; x_wconf 90' lang='lat' dir='ltr'><strong>si</strong></span> <span class='ocrx_word' id='word_1_937' title='bbox 1078 2851 1128 2872; x_wconf 91' lang='lat' dir='ltr'><strong>nos</strong></span> <span class='ocrx_word' id='word_1_938' title='bbox 1144 2844 1265 2878; x_wconf 77' lang='lat' dir='ltr'><strong>approbo</strong></span> <span class='ocrx_word' id='word_1_939' title='bbox 1279 2843 1452 2870; x_wconf 72' lang='lat' dir='ltr'><strong>stetis-senius</strong></span> <span class='ocrx_word' id='word_1_940' title='bbox 1469 2841 1583 2877; x_wconf 81' lang='lat' dir='ltr'><strong>legibus.</strong></span> <span class='ocrx_word' id='word_1_941' title='bbox 1596 2842 1687 2871; x_wconf 76' lang='lat' dir='ltr'><strong>Gloria</strong></span> 
     </span>
    </p>
   </div>
   <div class='ocr_carea' id='block_1_119' title="bbox 909 2888 1673 2924">
    <p class='ocr_par' dir='ltr' id='par_1_119' title="bbox 909 2888 1673 2924">
     <span class='ocr_line' id='line_1_119' title="bbox 909 2888 1673 2924; baseline -0.001 -8"><span class='ocrx_word' id='word_1_942' title='bbox 909 2890 993 2924; x_wconf 78' lang='lat' dir='ltr'><strong>igitur</strong></span> <span class='ocrx_word' id='word_1_943' title='bbox 1009 2888 1096 2919; x_wconf 81' lang='lat' dir='ltr'><strong>Verbo</strong></span> <span class='ocrx_word' id='word_1_944' title='bbox 1111 2890 1155 2918; x_wconf 88' lang='lat' dir='ltr'><strong>Dei</strong></span> <span class='ocrx_word' id='word_1_945' title='bbox 1171 2894 1196 2919; x_wconf 80' lang='lat' dir='ltr'><strong>ct</strong></span> <span class='ocrx_word' id='word_1_946' title='bbox 1215 2890 1283 2918; x_wconf 80' lang='lat' dir='ltr'><strong>Filio</strong></span> <span class='ocrx_word' id='word_1_947' title='bbox 1300 2889 1347 2923; x_wconf 83' lang='lat' dir='ltr'><strong>qui</strong></span> <span class='ocrx_word' id='word_1_948' title='bbox 1364 2893 1440 2917; x_wconf 71' lang='lat' dir='ltr'><strong>muta</strong></span> <span class='ocrx_word' id='word_1_949' title='bbox 1453 2889 1531 2917; x_wconf 89' lang='lat' dir='ltr'><strong>nobis</strong></span> <span class='ocrx_word' id='word_1_950' title='bbox 1546 2888 1613 2917; x_wconf 83' lang='lat' dir='ltr'><strong>bona</strong></span> <span class='ocrx_word' id='word_1_951' title='bbox 1633 2888 1673 2916; x_wconf 78' lang='lat' dir='ltr'><strong>lar</strong></span> 
     </span>
    </p>
   </div>
  </div>
