1879 3060
15 130 78 162 θυι

604 135 789 167 EPISTOLA
816 137 866 166 AD
885 136 1128 171 PLETHONEM.

1627 144 1681 176 602

15 193 110 224 θείας
126 202 162 220 τε
191 193 257 227 πέρι
274 193 322 228 τῆς
348 192 376 220 ἐν
389 193 443 225 τοῖς
461 193 601 239 τοιούτοις,
627 194 684 220 οὔθ’
694 195 781 228 ’ἡμεῖς
794 201 840 228 γε·
851 192 877 222 Δ
892 194 930 229 μὴ
944 196 1011 229 ἡμῖν
1025 197 1150 232 ἐχαρίζου
1174 197 1326 235 προῦργου,
1343 200 1378 235 τῇ
1395 199 1422 226 δ’
1436 200 1560 236 ἀληθείᾳ,
1580 202 1627 239 καὶ
1642 203 1680 237 τῷ

21 239 141 273 δοῖμεθ*
159 240 200 266 ἂν
218 239 344 274 ἀλλήλοις
360 240 465 274 κριταὶ,
495 239 559 274 περὶ
576 235 613 266 ῶν
640 240 838 274 διενηνέγμεθα

18 286 94 321 ἢδη,
115 285 186 313 οὒτ’
200 287 292 317 ἄλλοις
307 285 502 320 πιστεύσαιμεν
519 285 652 321 κρίνουσι,
670 285 709 320 τῷ
721 285 794 320 αὒτῷ
807 285 838 320 δὴ

21 333 81 359 καὶ
102 332 228 359 πάντων
245 332 327 359 πάθει
355 332 555 366 ἐνεσχημένων,
579 331 626 358 καὶ
649 331 704 358 τῶν
725 331 775 366 μὲν
799 330 838 367 τῷ

24 378 127 413 ἐτέρῳ
144 378 374 413 προσκειμένων,
391 378 447 405 τῶν
461 377 490 404 δέ
505 377 544 413 τῷ
560 378 646 413 ἐτέρῳ
661 379 717 405 τοῖν
733 378 839 412 φιλοσό-

25 432 110 455 conv.
125 421 172 450 ὦν
189 423 328 458 οὐδέτεροι
350 425 406 456 τοῖς
429 423 534 458 θάτερα
547 424 710 458 τετιμηκόσι
724 424 839 457 γένοιντ’

25 468 66 495 ἂν
77 468 229 504 ἀξιόχρεῳ
243 469 380 504 διαιτηταὶ
395 470 459 505 περὶ
487 470 543 497 τῶν
563 470 674 504 ἐτέρων.
692 469 839 504 Λοιδοριῶν

27 514 59 540 δὲ
72 514 146 548 πέρι
164 515 215 541 καὶ
234 514 363 550 τοιαύτης
376 514 570 550 ἀσχημοσύνης
583 516 624 546 τίς
633 514 666 541 ἂν
675 515 838 551 ἀμιλληθείη

31 559 82 586 καὶ
99 558 235 594 δτῳοῦη
254 556 293 587 ὢν
313 568 345 594 γε
361 559 422 586 οὐδὲ
439 561 495 591 τοῖς
509 559 617 596 ἐχθροῖς
628 559 730 592 εὖξαιτ*
742 560 775 587 ἄν
795 568 839 592 τις

33 606 176 639 τὺιπλέον
206 606 290 642 ἔχειν,
314 606 352 641 μή
368 606 396 633 τί
413 614 444 640 γε
472 605 573 639 ἐαυτῷ,
598 605 716 640 σώφρων
743 614 774 632 τε
791 605 839 632 καὶ

35 653 175 687 ἐπιεικὴς
193 652 243 684 ὢν,
260 653 329 688 πλὴν
345 653 372 679 εί
382 661 444 679 τινα
458 652 507 679 καὶ
524 651 647 679 τοιοῦτον
659 652 783 685 θειοτέρα
797 660 840 683 τις

36 699 119 726 αἰτία
135 702 188 726 καὶ
205 700 324 732 ἄφυκτος
338 698 384 724 καὶ
399 698 535 733 ἄρξασθαί
551 706 616 725 ποτε
634 697 839 733 κατηνάγκασε.

37 745 163 776 Τούτοις
180 744 232 778 μὲν
240 744 273 779 δὴ
281 745 330 771 καὶ
343 742 472 775 τοιούτοις
483 744 570 778 ἐγωγε
582 743 629 771 νῦν
642 744 743 779 ἥκιστα
757 753 841 779 προσ-

39 792 119 826 έχειν
147 791 234 826 φημί.
251 790 304 818 Τοῦ
318 791 348 818 δὲ
366 790 416 825 τὴν
433 790 548 825 πάτριον
568 789 646 825 ἡμῶν
670 788 838 822 θεοσέϐειαν,

889 241 997 277 δικαίῳ,
1017 243 1064 270 καί
1079 244 1187 276 πολλοῖς
1203 245 1294 277 ἄλλοις
1310 243 1348 274 ὧν
1364 248 1405 274 σοὶ
1418 247 1494 274 οὐδέν
1511 241 1536 274 τι
1550 249 1588 282 (ἰ)
1599 245 1681 284 ἦττον

888 287 967 322 ἡμῶν
982 288 1073 315 αὐτῶν
1091 290 1176 325 μέλει,
1194 292 1241 318 καὶ
1257 292 1344 324 οὕτως
1360 293 1433 328 ἡμᾶς
1454 293 1520 326 ἔδει,
1533 295 1563 321 τι
1578 296 1680 321 οἰκεῖον

890 334 928 368 μὴ
947 335 1206 371 ὑπολογιζομένους,
1237 337 1398 372 ἀμείϐεσθαι
1422 339 1468 365 τὸν
1480 339 1520 370 είς
1544 340 1575 366 τὸ
1591 340 1680 366 κοινὸν

889 380 1058 414 ὠφελοῦντα,
1074 383 1101 408 εῖ
1115 391 1140 408 τι
1156 382 1203 409 καὶ
1221 383 1275 418 ἰδίᾳ
1295 383 1369 418 αὐτῷ
1387 384 1543 418 μέμφεσθαι
1557 385 1678 419 ἔχοιμεν,

888 426 1029 460 ἀφιέντας,
1045 428 1091 454 καὶ
1102 427 1163 460 ἐξὸν
1178 428 1309 464 ἐλέγχειν,
1328 429 1378 456 οὐκ
1394 429 1596 464 ἐξελέγχοντας.
1609 431 1680 457 Οὐκ-

888 472 936 499 οῦν
958 473 1001 500 διὰ
1018 473 1104 501 ταῦτα
1126 475 1194 510 πρὸς
1213 475 1263 510 μὲν
1285 476 1319 503 τὰ
1334 476 1369 503 σά
1386 484 1417 510 γε
1435 477 1538 508 ἐκεῖνα,
1553 477 1629 503 ὁποῖ’
1647 477 1680 504 ἂν

888 518 991 552 δόξειεν
1016 519 1134 554 ὀφθέντα
1151 521 1234 553 ποτὲ,
1260 521 1337 548 οὐδέν
1366 530 1411 557 μοι
1437 512 1680 556 ἀντιγεγράψεται,

889 564 946 590 ἀλλ’
967 565 1039 592 ἐάσω
1067 573 1098 591 σε
1126 566 1274 593 ἀπολαύειν
1300 563 1337 594 ὧν
1357 568 1386 598 ἐς
1409 567 1582 602 Ἀριστοτέλη
1595 576 1624 594 τε
1645 566 1680 594 αὖ

890 610 937 636 καὶ
960 610 1046 646 ἡμᾶς,
1071 610 1109 642 ὼς
1119 611 1144 637 οἱ
1173 611 1273 643 ἰδόντες
1290 612 1428 646 λέγουσιν,
1452 613 1677 648 αὐτοσχεδιάσας,

890 649 943 691 ᾤου
965 665 992 682 τι
1007 656 1168 691 ἀμυνεῖσθαι
1191 657 1208 692 ἢ
1231 657 1425 690 ἐπιδείξεσθαι,
1459 657 1496 689 ὡς
1523 658 1556 685 ἂν
1579 658 1621 693 είη
1639 667 1681 684 σοι

891 701 939 728 καὶ
957 700 1045 728 ταῦτα
1057 702 1182 738 διατριϐὴ
1201 701 1272 739 [καὶ]
1287 704 1343 735 τοῖς
1367 703 1454 738 ἥδιστ’
1466 703 1499 730 ἂν
1523 704 1606 730 [δοῦσι
1624 703 1683 738 μετ’

890 748 975 784 ὀργῆς
990 749 1171 775 ἀναπαλαίειν
1200 750 1372 785 πειρώμενον
1397 750 1446 777 καὶ
1469 751 1603 785 κραυγῆς,
1621 751 1682 776 καί·

891 800 932 818 τοι
960 792 1053 827 σχεδὸν
1070 793 1306 829 άποτριαχθέντα·
1323 795 1354 820 οὺ
1378 794 1432 828 γὰρ
1447 795 1513 830 ἡμῖν
1531 803 1560 829 γε
1583 795 1684 827 δόξειεν

39 840 57 873 ἢ
72 838 268 873 φυλάττοντας
297 837 356 873 ἅμα
377 845 407 864 τε
431 837 492 872 Θεῷ
515 837 564 863 καὶ
588 836 730 872 φρονίμοις
755 837 840 863 πᾶσιν
857 856 878 884 Β
893 838 936 871 ἂν,
952 836 995 865 οἵα
1019 839 1051 874 δή
1077 847 1144 873 φασι
1160 840 1207 866 καὶ
1224 840 1361 874 Κυμαίοις
1374 840 1427 877 (2).
1444 841 1499 867 Καὶ
1515 840 1529 867 δ
1554 840 1586 875 δὴ
1603 840 1684 867 πλέον

40 887 190 920 ἀρέσκειν,
209 885 237 920 ἢ,
263 885 301 917 ὡς
315 885 391 911 οὐδὲν
405 884 543 918 διαφέρον,
571 883 632 910 ἀντὶ
647 883 732 916 δοξῶν
745 891 775 910 τε
791 883 841 910 οὐκ

40 931 160 966 ἀληθῶν
179 931 229 958 καὶ
255 930 427 966 πραγμάτων
444 930 532 956 ἄλλων
548 929 727 964 προϊεμένους
748 928 841 955 δυσσε-

42 970 116 1010 ϐἒῖν,
130 977 202 1005 πολύ
218 977 300 1012 τιδὴ,
314 977 351 1009 ὡς
368 974 458 1009 οἰσθα,
470 976 518 1003 καὶ
534 976 599 1011 ἡμῖν
614 976 646 1002 ἐκ
661 975 760 1002 πολλοῦ
774 975 838 1011 ἐμέ-

42 1024 112 1058 λησέ
130 1033 162 1051 τε
176 1023 234 1056 καὶ,
251 1024 298 1051 σὺν
310 1023 367 1058 Θεῷ
393 1024 485 1057 φάναι,
500 1023 624 1057 μελήσει,
641 1021 704 1048 ὥσθ’
716 1023 790 1054 ὅπως
804 1022 841 1057 μὴ

44 1072 157 1104 πολλοῖς
173 1070 295 1105 συμϐαίη
323 1069 358 1097 τά
374 1070 498 1104 δεύτερα.
515 1069 552 1096 Ού
567 1069 622 1104 γὰρ
637 1069 701 1104 περὶ
717 1069 796 1104 ἡμῶν
810 1077 842 1103 γε

45 1117 152 1149 αὐτῶν,
169 1117 219 1144 σὺν
229 1116 304 1152 αύτῷ
315 1115 374 1150 Θεῷ
383 1115 405 1142 δ’
418 1115 548 1150 εἰρήσθω,
561 1116 670 1142 τοιοῦτό
685 1124 711 1142 τι
724 1115 842 1150 δέδιμεν.

46 1161 100 1192 ⁷ον
126 1165 212 1191 ἕνεκα
231 1163 348 1198 ζηλωτοὶ
371 1164 426 1194 τοῖς
443 1162 551 1193 πολλοῖς
559 1162 726 1197 ἐδοκοῦμεν,
739 1162 844 1189 τούτων

47 1211 98 1238 οὔκ
118 1211 179 1238 ἐσθ’
193 1211 206 1238 ὅ
223 1220 248 1238 τι
262 1211 292 1236 οὗ
307 1210 486 1245 προηκάμεθα
502 1209 653 1244 χαίροντες.
669 1209 706 1236 Οὐ
722 1209 775 1244 γὰρ
797 1207 842 1245 ἦν,

49 1259 86 1290 ὡς
101 1258 212 1291 ἔοικεν,
236 1258 349 1284 ἐκείνων
367 1266 396 1283 τε
424 1256 571 1283 ἀπολαύειν
594 1255 696 1288 καλῶς,
714 1255 762 1282 καὶ
781 1256 843 1288 τοὺς

50 1305 150 1336 ἄλλους
164 1304 237 1339 λόγῳ
260 1313 290 1330 τε
306 1305 354 1331 καὶ
375 1303 449 1338 ἔργῳ
467 1302 581 1335 πείθειν,
606 1302 643 1333 ὡς
669 1302 842 1337 σωφρονοῖεν.

52 1352 114 1379 Εἰσὶ
129 1351 152 1378 δ’
166 1352 196 1377 ἐν
209 1351 248 1386 τῷ
260 1351 308 1378 νῦν
323 1350 413 1386 χρόνῳ
428 1349 544 1377 τοιοῦτοι
563 1348 628 1384 παρ’
647 1349 712 1383 ἡμῖν
729 1349 779 1375 οὐκ
790 1347 846 1375 ὀλί-

52 1407 107 1432 γοι,
123 1397 171 1429 οὓς
187 1397 234 1424 καὶ
261 1396 339 1428 αὐτὸς
366 1395 472 1431 ἔφησθα
488 1394 616 1427 δεδιέναι,
629 1395 660 1421 τὸ
672 1394 695 1421 δ’
705 1394 778 1425 ὅπως
807 1393 844 1430 μὴ

53 1443 177 1477 γένοιντό
204 1450 269 1469 ποτε
287 1441 367 1476 ἡμῶν
394 1449 424 1468 τε
449 1440 496 1467 καὶ
520 1440 574 1466 τῶν
600 1439 742 1475 ἡμετέρων
757 1438 845 1473 λόγων

53 1490 196 1525 κρείττους
208 1489 327 1520 Λατῖνοι,
345 1488 382 1523 μὴ
403 1487 530 1514 δεδιέναι.
552 1485 664 1513 Τοσοῦτ¹
681 1486 841 1520 ἀπέσχομεν

892 885 961 917 ἐστὶ,
975 885 1181 921 συγχωρήσαιμ¹
1196 886 1229 913 ἀν
1255 895 1296 913 σοι
1323 887 1370 913 καὶ
1392 886 1521 913 Πλάτωνα
1540 887 1587 913 καὶ
1610 887 1683 920 ’Δρι-

893 931 1003 966 στοτέλη
1020 931 1114 966 ληρεῖν
1128 931 1241 966 ὁμοίως.
1259 931 1292 958 Τί
1303 932 1359 968 γὰρ
1375 931 1408 959 ἂν
1423 932 1470 958 καὶ
1485 931 1582 966 ὄφελος
1595 932 1682 966 γένοι-

892 985 932 1009 το,
946 976 1076 1012 ὁποτέρου
1093 978 1200 1003 τούτοιν
1223 977 1305 1004 πλέον
1328 977 1560 1011 εὐδοκιμοῦντος;
1580 977 1611 1003 υῖ
1633 977 1683 1010 τῆς

893 1022 1114 1057 κερδαλεωτόπης
1128 1023 1257 1058 ἀληθείας
1273 1024 1322 1058 οὐχ
1334 1021 1385 1051 οἶοί
1404 1032 1432 1049 τε
1447 1023 1572 1057 ἐγένοντο
1591 1023 1608 1058 ἢ
1634 1022 1685 1049 οὐκ

892 1069 1008 1104 ἠξίωντο
1031 1071 1140 1105 τυχεῖν·
1164 1069 1179 1096 δ
1205 1070 1282 1105 σφίσι
1299 1078 1329 1109 τε
1346 1070 1438 1101 αὐτοῖς
1453 1069 1500 1096 καὶ
1515 1070 1572 1101 τοῖς
1593 1069 1686 1099 ἀλλοις

893 1116 980 1143 αίτιον
994 1115 1089 1150 γέγονε
1103 1115 1150 1142 τοῦ
1167 1115 1213 1143 καὶ
1228 1115 1293 1151 περὶ
1311 1115 1365 1142 τῶν
1380 1115 1480 1147 ἄλλων,
1507 1115 1556 1141 ὅσα
1581 1114 1686 1141 ἐλάττω

893 1160 1022 1196 τυγχάνει
1042 1159 1082 1196 τῷ
1107 1159 1182 1193 γένει
1210 1159 1286 1191 ὄντα,
1303 1160 1383 1187 ἄλλον
1407 1160 1436 1186 ἐν
1451 1159 1524 1194 ἄλλῳ
1537 1158 1584 1186 τοῦ
1608 1159 1685 1190 ὄντος

893 1206 1066 1242 διαμαρτεῖν.
1099 1205 1171 1233 Ἀλλ’
1186 1205 1214 1232 εἴ
1237 1205 1263 1232 τί
1291 1214 1324 1240 γε
1347 1206 1402 1240 ἄρα
1419 1205 1467 1233 καὶ
1484 1206 1617 1241 χρήσιμοι
1628 1205 1685 1236 τοῖς

884 1253 1045 1288 ,χριομένοις
1074 1252 1199 1279 δύναιντο
1224 1249 1306 1285 εἶναι,
1325 1251 1403 1278 τοῦτο
1430 1252 1477 1279 καὶ
1502 1251 1568 1287 παρ’
1583 1251 1685 1287 ἐτέρων

894 1298 986 1325 λαϐεῖν
997 1298 1065 1331 ἐστι,
1092 1298 1254 1333 προαιρέσει
1279 1297 1329 1332 μὲν
1346 1298 1402 1329 τοῖς
1418 1297 1526 1330 πολλοῖς
1542 1297 1592 1324 οὐκ
1604 1298 1685 1323 εὐπε-

895 1344 1022 1379 τεστέρᾳ,
1048 1344 1151 1380 σπουδῇ
1174 1344 1203 1370 δὲ
1218 1343 1349 1371 ἐλάττονι.
1365 1340 1446 1371 Οῦτοι
1465 1343 1489 1370 δ’
1506 1343 1588 1376 εἰσὶν,
1602 1343 1627 1370 οἳ
1647 1343 1687 1376 τῷ

895 1392 946 1426 τῆς
967 1392 1044 1427 ἰερᾶς
1071 1391 1247 1429 διδασκαλίας
1272 1391 1475 1428 ἐλλαμφθέντες
1503 1393 1585 1427 φωτὶ,
1608 1393 1640 1428 τῇ
1657 1393 1687 1426 ἐξ

897 1436 1010 1464 ἐκείνων
1040 1438 1121 1473 σοφίᾳ
1147 1437 1243 1473 ὥσπερ
1269 1437 1330 1465 τινὰ
1357 1438 1555 1474 ἐπιστήσαντες
1583 1438 1687 1473 ταύτην

897 1483 1094 1518 παιδαγωγὸν,
1125 1484 1202 1511 αὐτοί
1223 1493 1253 1511 τε
1280 1483 1371 1519 πολλῷ
1407 1484 1611 1520 Ἀριστοτέλους
1639 1485 1688 1511 καὶ

55 1536 211 1564 θεοσέϐειάν
240 1544 269 1562 τε
284 1534 331 1561 καὶ
348 1533 521 1570 ἀνθρωπίνην
532 1533 615 1568 τιμὴν
630 1532 845 1560 ἀντικαταλλάτ-
858 1525 881 1555 c
898 1530 1043 1562 Πλάτωνος
1063 1530 1110 1556 καὶ
1126 1530 1181 1558 τῶν
1209 1531 1310 1565 ὁμοίων
1336 1530 1459 1565 βελτίους
1490 1530 1623 1564 ἐγένοντο,
1640 1532 1688 1558 καὶ

54 1583 158 1614 τεσθαι.
169 1582 184 1610 δ
204 1583 297 1616 ληρεῖν
309 1590 381 1613 τινες
403 1581 454 1608 οὐκ
467 1579 589 1613 ὀκνοῦσι,
603 1580 658 1606 τῶν
672 1579 845 1614 πραγμάτων

56 1630 145 1661 αὐτοῖς
160 1627 415 1662 ἅντιφθεγγομένων
429 1647 437 1660 ,
460 1626 587 1654 κυνιδίων
601 1626 639 1657 ὡς
653 1625 761 1661 ἀληθῶς
785 1626 846 1652 ἐπι-

57 1675 226 1709 δεικνύμενοι
250 1673 412 1709 προαίρεσίν
439 1680 469 1699 τε
484 1673 532 1699 καὶ
545 1671 672 1707 δύναμιν,
687 1671 727 1698 δτι
741 1671 788 1697 τὸν
801 1670 846 1696 θυ-

60 1721 108 1755 μὸν
118 1721 146 1748 ἐν
158 1722 216 1751 ταῖς
230 1716 386 1754 λοιδορίαις,
404 1718 442 1749 ὼς
461 1718 553 1744 ἐκεῖνα
570 1717 631 1748 ταῖς
643 1716 768 1749 ὑλακαῖς,
786 1715 840 1748 ἐξε-

60 1768 182 1803 μοῦντες,
197 1766 264 1793 πολῦ
274 1765 354 1792 πλέον
365 1766 394 1792 ἐν
411 1764 466 1796 τοῖς
480 1763 639 1797 ἀναγκαίοις
654 1761 812 1789 ἀπαυδῶσιν
829 1761 845 1797 ῆ

59 1813 118 1840 ὅσον
135 1813 163 1840 ἐν
174 1812 235 1844 ταῖς
249 1811 303 1838 τῶν
316 1811 450 1846 περιττῶν
473 1818 503 1836 τε
526 1811 574 1836 καὶ
588 1808 719 1844 χειρόνων
734 1807 846 1835 νικῶσιν

60 1858 231 1894 ὑπερϐολαῖς.
248 1857 279 1884 Εἰ
293 1857 317 1884 δ’
330 1857 509 1891 ἀγανακτοῖεν
525 1855 671 1891 πρεσϐείου
688 1855 760 1887 τινὸς
774 1854 845 1881 εἵνε-

61 1913 104 1938 κα,
120 1904 165 1931 καὶ
182 1904 303 1938 μείζοσιν
314 1903 364 1930 οὐκ
381 1903 534 1937 ὀκνήσομεν
551 1902 651 1933 αὐτοὺς
666 1896 845 1936 παρεικάσαῖ,

61 1952 117 1982 ταῖς
132 1940 281 1977 ἀλωπειίσι
310 1948 356 1975 καὶ
377 1949 437 1979 ταῖς
456 1947 634 1978 Ἀκταίωνος.
657 1946 693 1973 Σὺ
710 1946 733 1972 δ’
758 1946 802 1972 ἀεί
816 1954 846 1972 τε

62 1995 130 2033 ἦσθα
147 1997 174 2023 ἐν
189 1996 246 2027 τοῖς
269 1994 334 2029 περὶ
352 1993 399 2020 τοῦ
414 1992 676 2027 ἀμφισϐητουμένου
691 1991 788 2018 τούτου
800 1991 848 2018 λό-

64 2050 118 2076 γοις
131 2041 252 2076 τῷγένει
268 2048 298 2066 τε
316 2039 363 2066 καὶ
378 2040 412 2073 τῇ
424 2037 575 2072 Ἐκκλησία
587 2038 684 2072 φίλιος,
699 2038 748 2064 καὶ
760 2037 847 2064 οὐδενὶ

64 2088 182 2116 οὐδέποτε
199 2086 292 2121 τρόπῳ
314 2083 446 2120 ἐπαχθὴς,
476 2083 524 2110 καὶ
541 2083 589 2110 νῦν
603 2082 748 2117 τεκμηρίῳ
765 2082 847 2117 μεγί-

66 2144 117 2170 στῳ
131 2133 200 2161 τοῦτ’
215 2131 319 2164 ἔδειξας
334 2139 342 2148 ο
357 2131 422 2158 ὥστ’
438 2130 464 2157 εί
478 2130 525 2157 καί
541 2138 616 2161 τινας
629 2129 747 2165 πρόσθεν
758 2128 848 2155 τοιοῦ-

896 1576 960 1607 τοὺς
976 1575 1189 1609 συγγινομένους
1216 1575 1307 1602 αὐτῶν
1331 1577 1392 1609 ταῖς
1423 1576 1525 1611 βίϐλοις
1549 1576 1689 1608 τοιούτους

897 1621 1015 1650 ποιοῦσι.
1034 1622 1091 1649 Καὶ
1107 1621 1200 1649 πολλοί
1213 1630 1244 1657 γε
1260 1622 1295 1650 δι’
1314 1622 1405 1650 αὐτῶν
1429 1622 1545 1650 τοιοῦτοι
1561 1623 1689 1658 γεγένην-

896 1676 952 1701 ται,
970 1665 1021 1694 οἷοι
1046 1668 1084 1703 μὴ
1098 1668 1140 1695 δτι
1168 1668 1224 1695 τῶν
1239 1668 1404 1704 εἰρημένων,
1434 1668 1503 1701 ἀλλά
1519 1669 1566 1696 καλ⁸
1584 1668 1687 1704 Ἕρμοῦ

897 1714 978 1741 αὐτοῦ
996 1715 1043 1741 καὶ
1065 1715 1233 1746 ’Λπόλλωνος
1246 1716 1293 1742 καὶ
1314 1715 1444 1748 Μουσῶν,
1457 1716 1504 1742 καὶ
1520 1715 1630 1742 πάντων
1646 1715 1689 1750 ἐφ’

897 1760 943 1792 οὓς
959 1761 975 1795 ἡ
1004 1760 1148 1796 Ἑλληνικὴ
1165 1760 1295 1796 ἀναφέρει
1318 1761 1409 1795 σοφία,
1442 1761 1574 1796 πάμπολυ
1591 1761 1690 1795 ὑπερε-

897 1807 1015 1841 νεγκεῖν.
1031 1807 1071 1834 Τά
1098 1806 1147 1838 μὲν
1160 1806 1215 1841 γὰρ
1229 1806 1284 1832 τῶν
1302 1805 1369 1841 παρ’
1386 1806 1516 1841 Ἕλλησιν
1543 1807 1591 1833 ἐπὶ
1607 1807 1689 1841 σοφίᾳ

898 1853 1013 1887 πρώτων
1029 1852 1098 1887 ἔργα
1110 1851 1165 1878 τῶν
1179 1860 1212 1886 γε
1233 1851 1373 1882 πλειόνων,
1402 1852 1450 1878 καὶ
1475 1852 1529 1878 τῶν
1545 1851 1600 1878 τῶν
1620 1861 1691 1886 φαυ-

897 1897 1017 1924 λοτάτων
1047 1897 1159 1924 ίδιωτῶν
1191 1897 1274 1933 χείρω
1296 1895 1341 1934 ἦν,
1362 1897 1400 1933 τῷ
1419 1898 1468 1933 τὴν
1488 1898 1538 1932 μὲν
1570 1898 1636 1933 περὶ
1658 1899 1689 1925 rb

898 1943 1026 1979 αἰσθητὸν
1041 1944 1114 1971 ἅπαν
1129 1943 1273 1979 διατριϐὴν
1295 1944 1334 1979 μὴ
1355 1943 1485 1970 δύνασθαι
1500 1945 1533 1979 τῇ
1554 1944 1689 1979 μετουσίᾳ.

897 1989 945 2016 τοῦ
961 1990 1119 2025 κρείττονος
1132 1990 1179 2016 καὶ
1197 1991 1229 2025 τῇ
1243 1989 1290 2016 τοῦ
1306 1990 1383 2021 ὄντος
1397 1989 1481 2016 καλοῦ
1495 1989 1567 2026 θήρᾳ
1581 1990 1627 2017 τὸν
1641 1989 1687 2017 ἄν·

900 2036 1011 2072 θρωπον
1027 2037 1226 2071 προσαγαγεῖν,
1244 2036 1291 2063 καὶ
1307 2037 1330 2063 εί
1348 2036 1525 2072 θεωρητικῶς
1541 2036 1605 2071 περί
1620 2036 1689 2064 αὒτά

901 2083 982 2117 μόνον
1001 2083 1145 2118 στρέφοιτο
1158 2083 1223 2110 ἄνευ
1241 2083 1287 2109 τοῦ
1302 2083 1402 2118 ἥκιστα
1417 2083 1507 2110 αὐτῶν
1519 2083 1691 2117 ἐφάπτεσθαι

900 2128 948 2155 καὶ
966 2130 999 2164 τῇ
1014 2129 1158 2158 αἰσθήσει·
1177 2129 1242 2164 περὶ
1258 2129 1286 2155 δέ
1301 2138 1334 2164 γε
1350 2130 1405 2156 τῶν
1424 2130 1527 2164 νοητῶν
1546 2129 1629 2164 μηδὲν
1641 2129 1691 2155 αύ-

65 2188 106 2212 Ino;
116 2179 151 2206 ὢν
165 2177 310 2213 ἐλελήθεις,
330 2176 422 2207 αὐτοῖς
434 2184 462 2202 τε
479 2175 526 2201 καὶ
542 2175 598 2205 τοῖς
614 2173 769 2201 διαϐάλλειν
785 2175 847 2200 ἐπικ
863 2193 889 2224 D
901 2176 958 2206 τοῖς
978 2175 1063 2209 σαφὲς
1073 2173 1145 2202 εῐναι
1162 2177 1227 2210 περὶ
1241 2176 1303 2202 ὅτου
1317 2176 1350 2202 ἂν
1364 2177 1409 2202 καὶ
1431 2175 1509 2208 ἐλπίς
1522 2185 1565 2208 τις
1587 2176 1628 2211 είη
1646 2176 1692 2210 βε-

67 2225 178 2262 χειροῦσι
205 2223 302 2258 μηκέτ’
324 2223 357 2250 ἂν
382 2221 483 2254 ἐξεῖναι
506 2221 540 2247 τά
557 2220 611 2247 τῶν
636 2219 806 2254 ἀγ-.οούντων
829 2219 884 2255 ἢ”
903 2222 968 2248 ϐαία
989 2221 1061 2248 οὕτω
1078 2222 1125 2248 καὶ
1148 2221 1223 2257 ἐχειν
1245 2221 1282 2253 ὡς
1307 2222 1354 2248 ὑπ’
1372 2222 1464 2250 αὐτῶν
1490 2223 1621 2258 ἔγνωστο,
1635 2222 1692 2249 ἀλλ’

67 2269 290 2299 ιθελοκακούντων
313 2267 498 2294 ἐνδείκνυσθαι
515 2267 581 2301 περὶ
597 2266 636 2293 σέ.
657 2266 719 2298 Πῶς
746 2266 792 2293 οὖν
806 2266 848 2292 δί-

68 2326 137 2349 καιος
151 2316 182 2344 ἂν
195 2313 229 2350 ἦν
251 2314 403 2348 ἀντιλέγειν
423 2313 573 2349 ἐπιχειρῶν
601 2313 618 2347 ἢ
635 2312 792 2347 βασκαίνων
809 2313 848 2348 τῷ

69 2364 94 2394 ἐς
104 2362 135 2388 τά
151 2359 267 2396 μέγιστά
279 2368 308 2386 τε
325 2359 373 2386 καὶ
387 2358 542 2385 οἰκειότατα
565 2357 758 2392 ξυμμαχοῦντι
774 2356 847 2384 οὕτω

70 2406 213 2442 χρησίμω;;
230 2405 262 2431 Εἰ
277 2404 332 2440 γάρ
349 2411 382 2439 με
400 2402 446 2430 δύο
459 2402 596 2437 φεύγοντα
607 2402 694 2434 δίκας,
705 2402 846 2437 ἀπήλλατο

71 2459 108 2484 τες
126 2452 171 2487 μὲν
188 2450 239 2486 τῆς
255 2450 387 2485 μεγίστης
398 2448 601 2484 συναγορεύων,
627 2450 676 2475 καὶ
688 2450 721 2483 ἢν
738 2449 849 2477 πάντων

73 2498 101 2524 ἂν
121 2496 170 2523 τῶν
187 2495 364 2530 ὑπαρχόντων
382 2494 554 2530 ἡλλαττόμην
581 2494 680 2529 νικᾷν⁴
699 2489 730 2520 οῦ
756 2494 780 2520 δ’
794 2495 848 2522 ἔδει

74 2551 102 2578 με
115 2543 189 2578 μηδέν
204 2550 231 2568 τι
244 2540 338 2577 σχεδὸν
363 2539 531 2576 βλάπτεσθαι
544 2539 737 2573 ἐπεϐούλευες,
751 2540 768 2576 ἢ
783 2541 848 2567 διώ-

73 2597 120 2616 κων
133 2588 148 2624 ἢ
164 2588 200 2623 τῷ
213 2588 340 2614 διώκοντι
360 2587 557 2621 συνιστάμενος
569 2594 576 2602 η
591 2583 636 2621 ἄρ’
650 2586 793 2621 εὖγνῶμον
815 2587 848 2614 ἂν

73 2632 109 2670 ἦν,
121 2635 215 2669 ἀφέντα
230 2642 272 2660 σοι
299 2634 380 2668 χάριν
408 2632 508 2659 είδένιι
526 2630 563 2659 ὧν
586 2631 758 2664 ἐσπούδακας
775 2633 847 2668 ὠφε-

74 2680 128 2713 λεῖν,
140 2680 275 2716 ἐλαχίστου
290 2679 460 2714 ἀδικήματος
485 2680 668 2714 μνησικακεῖν
691 2687 720 2705 τε
736 2680 782 2706 καὶ
798 2681 845 2706 ἀν-

75 2727 208 2760 τεπεξιέναι
230 2725 399 2761 πειρᾶσθαη
422 2724 523 2752 Πολλοῦ
539 2732 570 2759 γε
587 2725 633 2751 καὶ
645 2725 694 2752 δεῖ.
710 2725 744 2753 Et
757 2726 784 2752 δέ
797 2727 846 2754 καὶ

104 2827 137 2862 (ι)
154 2825 216 2862 Cod.
237 2823 276 2856 οἷς
301 2824 382 2862 ,οὐδέν
408 2833 444 2858 τι,
480 2825 550 2859 quod
584 2832 634 2853 nos
661 2825 842 2861 coniectando

77 2861 274 2890 mncndavimus.
293 2861 378 2888 Λιεχ.
395 2895 407 2898 _

902 2267 997 2302 ὥσπερ
1011 2267 1094 2303 ἀλλην
1107 2267 1169 2294 τινὰ
1183 2268 1238 2295 τῶν
1255 2268 1428 2303 ἐπιστημῶν,
1446 2268 1519 2295 οὓτω
1536 2268 1568 2304 δὴ
1582 2268 1630 2294 καὶ
1644 2267 1694 2303 τὴν

902 2315 966 2348 περὶ
983 2313 1038 2339 τῶν
1054 2312 1135 2340 θείων
1156 2313 1286 2348 ἀσκῆσαι,
1304 2313 1351 2339 καὶ
1366 2313 1459 2349 πολλῷ
1474 2314 1577 2348 χεῖρον,
1594 2314 1649 2349 ὅσῳ
1660 2313 1693 2348 δὴ

902 2360 949 2386 καὶ
971 2359 1065 2394 ἦττονι
1084 2359 1242 2395 βεϐαιότητι
1256 2366 1263 2374 ⁸
1279 2356 1351 2385 εἶναι
1374 2358 1423 2393 μέν
1448 2367 1510 2385 τινα
1523 2359 1579 2386 τῶν
1600 2368 1694 2394 φαινο-
1718 2368 1721 2371 ·

904 2406 996 2441 μένων
1013 2404 1104 2440 πολλῴ
1132 2404 1250 2441 κρείττω
1271 2406 1318 2432 καὶ
1335 2405 1425 2432 αὐτῶν
1441 2405 1529 2436 ἐνίους
1546 2405 1694 2440 ὑπειληφό-

901 2462 962 2486 τας,
981 2451 1094 2480 τοιαῦτα
1109 2452 1142 2484 δ’,
1157 2449 1201 2478 οἷα
1214 2451 1297 2484 αὐτὸς
1317 2451 1433 2483 ἕκαστος
1447 2451 1599 2486 ὑπείληφεν
1611 2449 1692 2484 εἶναι,

902 2498 934 2525 ἔκ
948 2507 1028 2525 τινων
1045 2497 1139 2533 μύθων
1153 2497 1170 2531 ἢ
1189 2497 1243 2524 τῶν
1263 2498 1372 2524 οίκείων
1390 2497 1563 2532 προλήῷεων,
1583 2497 1631 2523 καὶ
1645 2498 1695 2532 ἀρ-

901 2545 967 2581 χῶν,
990 2544 1022 2576 ἀς
1047 2552 1112 2571 ποτε
1141 2543 1329 2579 ἀληθεστέρας
1352 2542 1408 2569 τῶν
1429 2542 1518 2570 ἄλλων
1546 2542 1694 2578 τυγχάνειν

902 2590 983 2627 ᾤετο,
997 2590 1178 2626 ὡρμημένος.
1192 2589 1291 2616 Λαθείν
1307 2589 1336 2615 δὲ
1346 2588 1402 2615 οὐδ’
1416 2588 1514 2619 αὐτοὺς
1530 2588 1652 2620 ἐκείνους
1664 2588 1695 2614 τὺ

903 2637 987 2673 μηδὲν
1007 2637 1103 2664 πιστὸν
1126 2635 1200 2672 ἐχειν
1216 2635 1281 2671 περὶ
1304 2634 1406 2668 αὐτῶν,
1421 2635 1445 2661 εί
1460 2634 1498 2670 μὴ
1520 2635 1549 2666 ἐς
1565 2635 1628 2661 ὅσον
1645 2634 1696 2661 καὶ

900 2684 933 2718 τῇ
947 2683 1001 2709 τῶν
1017 2682 1131 2709 ἰδιωτῶν
1147 2682 1237 2718 πλάνῃ
1252 2681 1414 2716 ἐκέχρηντο,
1443 2679 1626 2716 χρηστηρίοις
1646 2682 1694 2707 καὶ

902 2730 961 2761 ταῖς
979 2730 1086 2755 ἐκεῖθεν
1110 2728 1292 2764 προσέχοντες
1315 2726 1467 2762 ἀφορμαῖς,
1484 2726 1535 2752 οὐκ
1555 2725 1694 2760 ἐξηπατητ

933 2827 971 2862 (2)
1002 2827 1070 2859 Quia
1098 2833 1194 2862 nempe
1219 2827 1371 2853 σκώπτεται
1400 2823 1439 2856 εἰς
1465 2821 1644 2858 ἀναισθησίαν
1676 2822 1700 2856 ἡ

898 2863 989 2894 Κύμη
1011 2861 1127 2894 (<lrab.)
1143 2861 1231 2888 Anax.
