1879 3060
189 122 242 152 607
733 125 925 157 GENNADII
941 125 998 156 ΟΡ.

1021 126 1066 156 ΡΛ
1072 125 1282 156 TRIARCH/E
1795 122 1859 153 ξοδ

187 175 271 210 ἐχρῆν
287 176 387 210 μηδένα
404 177 436 203 ἐκ
454 177 503 210 τῆς
519 178 613 210 οὐσίας
625 179 671 206 τοῦ
688 180 768 214 Θεοῦ,
785 181 883 208 ταυτὸν
898 181 920 208 ὁ⁴
935 182 974 207 εί-
989 185 1012 213 Α
1026 182 1074 208 καὶ
1090 183 1164 216 τρεῖς
1178 182 1277 220 παῖδας
1299 182 1494 217 γεγεννηκέναι
1509 183 1541 217 τῇ
1558 182 1637 217 φύσει
1660 181 1822 217 ὁμοίους.
1839 179 1858 213 ἢ

187 223 248 247 πεῖν
258 221 307 256 τῆς
320 223 462 257 ἐνεργείας
481 224 541 250 κατ’
557 225 667 257 αὐτοὺς,
681 227 852 261 προαχθῆναι
867 227 968 261 λέγειν,

186 267 245 293 ἀλλ’
255 268 357 296 ἄπαιδα
372 267 442 296 εῖναι
456 270 583 302 καθάπαξ
594 273 639 298 τὸν
651 272 717 298 Θεὸν
725 274 774 300 καὶ
784 275 890 308 ἄγονον.
904 276 972 302 Καί-

186 320 227 339 τοι
251 314 323 340 οὕτω
349 315 430 346 αὐτὸς
452 316 502 350 μὲν
518 316 636 350 μάλιστα
654 318 686 344 ἂν
698 317 735 350 εἷς
752 317 785 354 ἦν
800 321 848 346 καὶ
865 319 893 346 ἒν
907 321 969 347 ἆτο-

189 366 248 392 μον,
262 358 300 390 ὣς
315 367 408 393 φασιν,
429 360 442 387 ὃ
459 362 526 388 πολὺ
546 362 650 396 βέλτιον
672 364 706 390 ἂν
723 365 764 399 εἴη
783 365 829 392 τοῦ
843 366 872 397 ἐς
885 365 971 392 πολλὰ

186 404 236 438 τὴν
254 404 368 439 θεότητα
385 407 583 442 κατατέμνειν·
604 410 620 444 ή
637 410 665 436 δὲ
680 412 768 442 κτίσις
792 412 843 438 οὐκ
857 411 890 438 ἂν
911 412 970 445 ἐγί-

187 457 248 475 νετο
261 451 292 476 ὲκ
305 450 383 485 Θεοῦ,
400 452 457 478 ἀλλ’
473 453 489 487 ἢ
511 454 542 480 ὲκ
555 456 727 489 ταυτομάτου
743 456 768 489 γ’
784 456 817 483 ἂν
829 454 873 491 ἦν,
885 457 900 491 ἢ
913 456 969 483 οὐδ’

186 494 220 520 ἄν
232 493 265 530 ἦν
279 496 358 527 ὅλως·
368 498 416 532 οὐχ
430 498 471 525 ὃτι
485 499 566 533 μόνον
575 501 626 528 οὐκ
641 501 674 527 ἂν
682 498 739 528 οἶόν
750 502 774 528 τ’
784 500 827 537 ἦν,
840 502 877 537 μὴ
887 502 971 529 ὄντων

187 540 243 567 τῶν
268 542 555 578 συνδημιουργοὼτων
576 554 606 572 τε
635 547 719 581 αὐτὴν
740 548 787 574 καὶ
814 556 972 584 συνιπιτρο-

189 586 326 614 πευόντων
348 589 450 615 παίδων
467 590 571 617 ἐκείνου
597 592 661 626 (δέοι
685 593 739 626 γὰρ
752 594 786 620 ἂν
807 595 897 625 αὐτοῖς
925 596 972 622 καὶ⁵

187 632 272 666 ἄμφω
298 634 454 670 ὑπάρχειν),
468 636 534 663 ἀλλά
549 637 587 672 τῷ
611 638 657 664 καὶ
681 639 732 674 τὴν
759 640 898 674 ἐνέργειαν
924 641 973 667 αὐ-

187 678 234 704 τοῦ
253 679 349 712 ἄγονον
368 679 450 714 εἶναι,
466 682 516 717 τὴν
530 683 614 719 αὐτὴν
637 682 720 712 οὖσαν
740 687 773 720 τῇ
788 686 867 722 οὐσίᾳ
890 687 973 713 καθά-

188 723 252 755 παξ.
271 725 306 751 Ἦ
321 725 412 753 τοίνυν
428 727 502 755 οὕτω
525 729 681 762 νομοθετεῖν
697 730 795 762 αὐτοὺς
818 731 883 765 ἔδει,
901 733 917 767 ἦ
940 733 973 758 ἐκ

188 769 237 803 τῆς
250 770 346 802 οὐσίας
356 771 405 798 τοῦ
418 772 485 799 Θεοῦ
500 773 628 808 λέγοντας
636 775 814 810 γεγεννῆσθαι
827 777 924 808 παῖδάς
934 786 973 804 τι-

189 823 237 846 νας
253 816 301 843 καὶ
315 817 430 849 πολλούς
445 826 487 852 γε,
512 819 559 846 καὶ
582 820 632 855 τῆς
661 821 746 856 αὐτῆς
771 821 863 853 οὐσίας
881 823 972 856 ἀξιοῦν

1024 227 1057 253 ὲκ
1070 227 1117 254 τοῦ
1138 227 1269 258 πολλάκις
1283 227 1417 259 τοσαύτας
1440 227 1533 259 κλίνας
1550 228 1771 262 πεποιηκέναι,
1791 227 1812 259 ῆ
1843 226 1858 250 ὃ

1024 280 1050 298 τι
1069 273 1100 299 ἄν
1127 281 1169 303 τις
1195 273 1264 306 φαίη
1294 273 1348 299 τῶν
1373 273 1454 307 τέχνῃ
1485 273 1643 307 γινομένων,
1662 274 1679 299 ἃ
1711 273 1760 306 τῇ
1800 270 1859 304 μὲν

1025 318 1104 352 φύσει
1116 318 1240 353 ἀνόμοια,
1254 317 1292 353 τῷ
1302 319 1330 345 δὲ
1345 319 1497 353 προαιρετῷ
1513 319 1587 346 ἔνδον
1599 319 1664 346 εἴδει
1678 319 1858 352 ἁμηγέπη

1024 364 1199 399 ὡμοιωμένα.
1218 365 1271 390 Καὶ
1298 365 1322 391 εί
1352 364 1389 399 μὴ
1412 366 1440 391 αί
1464 365 1507 391 διὰ
1533 365 1583 399 τὴν
1614 363 1859 398 παιδοτροφίαν

1026 409 1180 444 φροντίδες,
1193 410 1232 444 τῷ
1244 410 1356 443 θεωρεῖν
1371 411 1599 445 προσιστάμεναι,
1619 411 1753 444 ἀγόνους
1770 404 1859 443 βιούς

1025 455 1120 482 λεσθαι
1148 453 1219 482 εἶναι
1239 455 1302 486 τούς
1328 457 1399 483 πάνυ
1422 465 1464 483 τοι
1487 457 1609 492 ἐρῶντας
1631 457 1679 483 τοῦ
1703 457 1858 490 θεωρεῖν

1025 501 1144 532 ἔπειθον,
1160 502 1219 535 ἅμα
1229 501 1257 528 δὲ
1272 502 1320 528 καὶ
1333 503 1383 529 ὃσα
1397 502 1465 529 ἄλλα
1478 502 1659 534 συνέζευκται
1674 504 1712 537 τῇ
1735 503 1858 528 παιδο-

1025 547 1111 582 κομίᾳ
1124 547 1258 582 πρότερόν
1268 556 1298 574 τε
1312 548 1359 574 καὶ
1373 547 1488 582 ὕστερον
1502 548 1630 582 δυσχερῆ,
1648 549 1703 575 κᾶν
1726 547 1857 574 ἀθλιώ-

1024 601 1104 622 τατος
1121 589 1155 627 ἦν
1173 593 1187 619 ὁ
1206 592 1284 618 τοῦτο
1308 592 1417 627 φεύγων
1437 592 1481 619 διὰ
1499 593 1528 619 τὸ
1548 592 1651 618 οἴεσθαι
1670 592 1795 626 ἀρκεῖ-ι
1816 591 1857 615 ἂν

1025 638 1100 673 αὐτῷ
1118 638 1185 672 πρὸς
1197 638 1370 673 εὐδαιμονίαν
1382 639 1413 666 τὸ
1426 639 1595 674 προαγαγεῖν
1609 647 1635 664 τι
1647 638 1703 664 τῶν
1725 645 1857 671 τεχνη-

1025 683 1090 716 τῶν,
1107 684 1153 710 καὶ
1170 683 1286 718 ἀληθοῦς
1301 683 1394 718 ἡδονῆς
1408 683 1616 718 ἀνεπίστροφος,
1631 683 1700 710 ὅπου
1724 690 1771 716 γε
1790 682 1852 707 καὶ

1025 730 1111 756 ταῦτα
1132 729 1214 756 ἕνεκά
1234 737 1263 756 τε
1285 728 1331 755 τοῦ
1350 728 1494 764 ἀνθρώπου
1512 729 1592 763 ἴσμεν
1604 729 1767 762 γινόμενα,
1791 728 1853 753 καὶ

1025 774 1070 801 διὰ
1085 774 1134 810 τὴν
1145 775 1239 810 χρείαν
1257 774 1411 809 τιμώμενα,
1425 774 1454 801 οὐ
1470 774 1504 801 δι’
1520 774 1615 801 ἑαυτά.
1631 774 1709 809 Ὀσῳ
1726 773 1852 799 τοίνυν

1027 818 1140 853 βελτίων
1168 819 1311 853 ἄνθρωπος
1337 820 1432 855 κλίνης
1458 819 1475 854 ἣ
1502 819 1662 854 σκίμποδος,
1691 818 1849 851 τοσούτῳ

188 857 269 894 εἶναι,
287 863 334 889 καὶ
355 864 459 895 πάντας
482 865 652 899 ὁμοουσίους,
670 867 717 893 καὶ
733 867 790 894 ἴσον
810 867 975 903 δυναμένους
991 863 1011 890 Β
1027 864 1131 900 βέλτιον
1152 865 1186 892 ἂν
1209 865 1251 900 εἴη
1275 866 1417 900 ἄνθρωπον
1442 866 1539 900 γεννᾷν
1555 866 1572 900 ἡ
1587 874 1614 892 τι
1631 865 1761 891 ἐκείνων
1788 864 1850 898 δη-

191 907 285 939 ἀπλῶς
298 916 328 934 τε
345 909 396 936 κάν
408 909 448 944 τῷ
465 912 546 937 παντὶ
561 911 628 946 τῷδε
641 912 687 938 καὶ
700 914 756 944 τοῖς
770 913 851 941 αὐτοῦ
865 915 970 950 μέρεσι.

191 953 289 979 Καίτοι
303 953 404 989 οὖτωῆ
428 955 527 988 αὐτοὺς
543 957 596 983 ἔδει
613 959 692 992 μόνον
706 957 739 986 αὖ
756 958 836 991 εἶναι,
853 961 901 987 καὶ
919 961 974 988 τῶν

190 998 442 1035 δημιουργημάτων
463 1002 555 1029 οὐδέν’
573 1004 603 1030 οὐ
629 1004 684 1040 γὰρ
699 1005 733 1032 ἂν
753 1006 864 1040 ἔμελλεν
882 1008 895 1034 ό
909 1007 975 1039 Θεὲς

190 1043 278 1078 δήπου
293 1045 366 1081 ἕτερ’
382 1047 450 1074 ἄττα
467 1049 598 1083 προάγειν
609 1051 642 1085 τῇ
658 1051 794 1086 ἐνεργείᾳ,
813 1052 857 1079 ἵνα
871 1053 908 1088 μὴ
924 1054 975 1080 κὰ-

192 1091 269 1118 κεῖνα
292 1091 348 1119 θεοὶ
377 1090 443 1126 εῐεν,
467 1096 500 1130 τῇ
527 1095 595 1131 αὐτῇ
608 1097 695 1131 δήπου
718 1099 878 1133 προηγμένα
892 1099 975 1134 ἀρχῇ,

191 1136 240 1169 τῆς
262 1137 347 1172 αὐτῆς
369 1139 402 1165 ἂν
417 1139 501 1175 οὔσης
515 1142 655 1176 ἒνεργείας
673 1152 703 1170 τε
721 1145 769 1171 καὶ
783 1145 877 1176 οὐσίας
889 1145 976 1172 καϐά-

191 1181 263 1214 παε·
279 1183 295 1217 ἢ
316 1185 363 1210 καὶ
385 1185 419 1212 τά
437 1185 503 1213 ὄντα
521 1187 609 1214 πάντα
624 1188 701 1220 θεοὺς
715 1187 796 1222 εἶναι,
811 1190 861 1218 εῐθ¹
875 1191 977 1226 ὁμοίως

192 1227 225 1253 ἐκ
240 1227 308 1255 Θεοῦ
328 1231 360 1264 τῇ
377 1230 455 1266 οὐσίᾳ
471 1233 652 1268 γεγενημένα,
668 1234 724 1261 εἴτε
744 1236 789 1261 καὶ
803 1237 837 1262 ἐκ
857 1237 911 1263 τῶν
930 1237 976 1265 τοῦ

193 1272 261 1300 Θεοῦ
279 1275 392 1308 παίδων,
410 1277 446 1308 ὼς
461 1277 539 1304 αὐτοὶ
561 1279 590 1311 ἐξ
607 1280 711 1307 ἐκείνου
727 1283 892 1317 τυγχάνουσι
910 1293 977 1320 προ-

193 1320 324 1351 ηγμένοιί
334 1321 429 1353 Οὐδεὶς
457 1324 512 1358 γὰρ
540 1323 574 1351 ἂν
602 1325 679 1359 λόγος
697 1326 785 1361 δοθείη
808 1328 977 1363 ἀνθρώπινος

192 1362 239 1388 τοῦ
260 1363 276 1397 ἢ
291 1364 336 1390 τὸν
353 1365 420 1392 Θεὸν
433 1367 467 1393 ὲκ
481 1368 531 1403 τῆς
547 1368 641 1401 οὐσίας
663 1371 714 1404 μὲν
728 1371 811 1399 αὐτοῦ
833 1362 976 1408 προάγειν,

194 1409 283 1435 είτουν
298 1408 348 1443 τῆς
364 1410 516 1445 ἐνεργείας,
540 1414 627 1441 πάντα
651 1415 685 1442 τὰ
709 1417 785 1449 ὄντα,
803 1417 840 1452 μὴ
863 1416 932 1445 εἶναι
949 1419 976 1446 δὲ

193 1454 284 1480 πάντα
301 1453 390 1488 θεοὺς,
408 1456 486 1492 εἴπερ
503 1458 561 1485 ἔνια
585 1459 674 1486 αὐτῶν
698 1461 754 1488 θεοί
776 1462 829 1488 εἰσι
846 1462 890 1489 διὰ
904 1464 976 1491 τοῦτ’

193 1499 260 1527 αὐτὸ
270 1500 302 1527 τὸ
315 1502 347 1528 ἐκ
360 1502 410 1536 τῆς
428 1503 521 1536 οὐσίας
534 1505 616 1532 αὐτοῦ
630 1507 781 1541 προελθεῖν,
799 1508 814 1543 ἢ
833 1509 897 1541 τούς
910 1510 977 1536 Θεοῦ

195 1546 303 1591 παῖδας,
325 1548 358 1574 ὲκ
382 1549 431 1583 τῆς
455 1549 549 1581 οὐσίας
571 1539 658 1578 αὐτοῦ.
684 1539 913 1589 προεληλυθότας,
939 1539 1011 1591 μὴα

195 1590 274 1637 θεοὺς
300 1593 442 1627 προάγειν,
458 1594 516 1621 ἃττ’
540 1595 574 1622 ἂν
595 1597 626 1623 ἐκ
640 1597 689 1632 τῆς
704 1598 778 1632 σφῶν
801 1600 895 1632 οὐσίας
911 1590 978 1637 πρυζ

195 1636 299 1670 ἀγοιεν.
317 1638 353 1664 Τὸ
369 1639 391 1665 δ’
403 1640 435 1666 ἐκ
446 1640 495 1674 τῆς
509 1641 603 1674 οὐσίας
618 1642 665 1670 τοῦ
680 1644 747 1670 Θεοῦ
767 1646 907 1679 προελθεῖν
918 1636 978 1675 τινα

197 1683 235 1718 μὴ
250 1683 300 1719 τὴν
314 1685 408 1712 οὐσίαν
422 1685 518 1721 ἔχοντα
534 1687 582 1714 τοῦ
597 1688 674 1722 Θεοῦ,
694 1690 792 1725 ἐπίσης
807 1691 909 1725 φαῦλόν
921 1694 979 1721 ἔστι

196 1729 235 1763 τῷ
246 1731 293 1757 καὶ
307 1731 395 1758 πάντα
408 1733 441 1758 τὰ
455 1732 486 1758 ὲκ
498 1732 545 1764 τοῦ
559 1733 627 1760 Θεοῦ
642 1735 844 1770 προεληλυθότα
856 1737 979 1766 ὁπωσοῦν

196 1775 246 1809 τῆς
261 1776 343 1803 αὐτοῦ
367 1777 561 1812 μετειληφέναι
593 1779 697 1812 οὐσίας.
720 1781 763 1812 Ὠς
781 1782 835 1817 γὰρ
859 1783 918 1810 ἐκεῖ
934 1785 979 1811 ῖσα

197 1820 235 1854 τῷ
252 1821 310 1856 Θεῷ
322 1823 398 1849 ἔσται
412 1823 430 1851 ἃ
448 1824 489 1851 δεῖ
508 1824 590 1852 αὐτοῦ
605 1826 735 1861 πάμπολυ
753 1827 834 1862 ἕτερα
851 1828 920 1856 εἶναι
934 1830 980 1857 καὶ

199 1867 267 1901 μηδὲ
282 1868 486 1904 ξυμδεσλῆσθαι
506 1870 580 1904 ἄξια,
597 1870 669 1898 οὕτω
688 1872 827 1900 κάνταῦθα
842 1874 917 1901 ἔσται
933 1876 981 1903 ἀν-

198 1913 279 1947 όμοια
292 1913 310 1940 ὃ.
323 1914 414 1948 δέοιτ’
430 1914 463 1942 ἂν
476 1915 560 1950 μηδὲν
574 1915 766 1953 διενηνοχέναι.
785 1918 816 1946 Εί
833 1919 861 1947 δὲ
877 1923 922 1948 καὶ
936 1922 982 1956 γό-

199 1967 279 2002 νιμος
307 1959 376 1990 ὅλως
399 1959 436 1986 ὢν
462 1962 509 1987 καὶ
539 1964 703 1997 παραγωγὸς
725 1965 867 1998 πλειόνων,
882 1968 915 1994 τὰ
932 1968 981 2002 μὲν

199 2001 281 2035 ἔτερα
302 2002 386 2029 αὐτοῦ
409 2003 556 2039 ὐποστήσει
575 2006 615 2041 (τὸ
630 2007 653 2032 δ’
669 2008 743 2040 ὅπως
767 2010 799 2036 ἐκ
823 2010 874 2044 τῆς
890 2001 981 2044 οὐσίας

199 2048 284 2075 αὐτοῦ
303 2049 433 2083 γινόμενα
445 2051 548 2077 τοιαῦτ’
560 2052 593 2078 ἂν
607 2053 661 2088 εἴη,
675 2054 811 2089 ἠπόρηται
826 2058 980 2093 πρότερον),

198 2095 227 2119 ὲν
241 2094 330 2129 ἑαυτῷ
358 2095 386 2121 δὲ
406 2096 454 2123 καὶ
468 2097 500 2131 τῇ
518 2097 606 2133 οἰκείᾳ
621 2099 728 2134 ένότητι
743 2101 807 2128 ἄνευ
825 2103 898 2134 τινὸς
915 2113 982 2139 προ-

199 2141 259 2168 όδου
277 2143 363 2175 μενεῖ,
379 2142 426 2169 καὶ
440 2141 480 2175 εἷς
492 2143 580 2176 ἔσται,
599 2145 694 2181 ὥσπερ
714 2147 743 2174 ἓν
761 2147 854 2178 ἁπλῶς
870 2148 980 2183 ἄτομον,

200 2188 247 2214 καὶ
262 2188 354 2224 ὥσπερ
369 2198 411 2220 τις
425 2190 549 2225 μονώτης
561 2190 598 2222 ὠς
612 2191 730 2226 ἀληθῶς,
744 2193 801 2224 πῶς
814 2194 842 2220 οὐ
856 2193 903 2220 καὶ
915 2194 981 2220 πολύ
998 2204 1020 2230 ι)

200 2233 298 2269 βελτίω
314 2235 396 2262 αὐτοῦ
413 2235 491 2262 ἔσται
511 2235 546 2262 τὰ
560 2236 650 2271 ἔργα;
665 2237 773 2264 Τούτων
796 2239 851 2273 γὰρ
870 2238 928 2264 ἔνια
950 2238 981 2265 οὐ

200 2280 259 2308 κατ’
277 2281 418 2316 ἐνέργειαν
436 2281 526 2316 μόνον,
539 2281 607 2310 ἀλλὰ
625 2281 657 2317 δὴ
681 2283 728 2309 καὶ
745 2285 778 2318 τῇ
801 2283 880 2319 οὐσίᾳ
901 2283 983 2310 τινῶν

199 2327 274 2355 αἴτια
290 2329 421 2362 γίνονται,
443 2329 491 2356 καὶ
506 2328 536 2355 οὐ
552 2328 633 2364 τέχνῃ
655 2328 736 2363 μόνον
759 2329 890 2361 ποιοῦσιν,
915 2329 983 2356 ἀλλὰ

199 2374 248 2401 καὶ
262 2373 342 2408 φύσει
358 2374 536 2408 προάγουσιν.
551 2372 599 2405 Οἷς
624 2374 692 2401 πολύ
712 2373 738 2408 γ’
754 2374 787 2402 ἇν
811 2374 853 2410 είη
880 2373 983 2409 βέλτιον

200 2419 248 2446 τοῦ
263 2419 350 2451 εἴδους
367 2419 528 2454 μεταδοῦναι
542 2420 591 2454 τῆς
608 2421 716 2454 φύσεως
731 2420 777 2447 καὶ
793 2421 944 2455 ἐλάττοσιν,
964 2422 981 2457 ἥ

201 2466 282 2499 ὃμοια
303 2467 335 2501 τῇ
352 2466 477 2500 βουλήσει
495 2466 643 2498 πάμπολλα
667 2467 851 2500 παραγαγεῖν,
872 2467 921 2493 οὐκ
937 2468 984 2495 ἐπὶ

201 2513 234 2547 τῇ
257 2511 305 2538 τοῦ
321 2512 409 2543 εἴδους
422 2512 535 2546 διαμονῇ
558 2511 649 2546 μόνον,
662 2510 731 2538 ἀλλὰ
750 2512 797 2538 καὶ
811 2512 915 2544 ἁπλῶς.
927 2514 984 2541 Καὶ

203 2558 308 2594 βέλτιον
322 2559 371 2593 μὲν
383 2558 457 2593 ἔχειν
469 2557 523 2583 τῶν
538 2556 609 2584 κατά
622 2556 704 2590 φύσιν
716 2557 797 2592 μόνον
811 2559 984 2593 προαγόντων

202 2605 238 2632 τὰ
253 2605 320 2640 πρὸς
334 2605 422 2639 τούτῳ
436 2603 476 2630 ἔτι
501 2603 548 2629 καὶ
562 2603 633 2630 κατά
645 2603 743 2639 τέχνην
766 2604 906 2637 ποιοῦντα,
931 2606 985 2637 πᾶς

203 2661 244 2684 τις
265 2651 299 2679 ἂν
315 2651 393 2684 φαίη.
407 2649 438 2676 Et
452 2649 475 2676 δ’
487 2645 542 2676 οἶόν
555 2649 578 2676 τ’
590 2646 624 2685 ἤν
641 2649 688 2676 καὶ
711 2649 799 2682 ἄλλως
815 2650 985 2686 διελομένους

204 2698 242 2730 ὡς
262 2698 292 2724 ὲν
311 2696 440 2723 ὑποθέσει
463 2696 585 2729 σκοπεῖν,
603 2695 656 2722 τῶν
672 2695 720 2722 καὶ
735 2695 815 2730 φύσει
836 2698 882 2724 καὶ
906 2698 986 2736 τέχνῃ

205 2743 356 2779 γινομένων
373 2741 468 2769 αίτίων
490 2741 572 2768 τινῶν
592 2738 674 2778 ἧττον
689 2742 724 2769 ἂν
740 2742 806 2769 ὲὸἱω
822 2742 986 2777 εὐδαιμόνως

207 2791 240 2816 τὰ
269 2789 351 2824 τέχνῃ
376 2789 455 2823 μόνον
479 2788 618 2816 ποιοῦντα.
638 2789 692 2815 Καὶ
714 2788 760 2815 νῦν
779 2789 807 2815 ἐν
831 2788 986 2823 ἀνθρώποις

208 2835 297 2870 πολλῷ
313 2844 353 2867 τις
369 2835 441 2871 ἥδιον
457 2835 510 2870 βιοῖ
520 2837 564 2863 καὶ
582 2835 821 2871 εὐδαιμονέστερον
838 2836 868 2862 ἐκ
881 2835 926 2862 τοῦ
941 2834 986 2862 δύο

1027 912 1179 946 μιουργεῖν.
1200 911 1254 938 Καὶ
1273 911 1328 945 ὅσῳ
1343 911 1519 946 τιμιώτερον,
1540 911 1571 938 οὗ
1594 911 1676 938 ἕνεκά
1694 919 1721 937 τι
1752 919 1847 944 παρ-

1025 956 1118 991 ῆκται,
1134 957 1242 988 τούτου,
1259 957 1275 991 ἢ
1290 957 1324 983 αὖ
1342 956 1388 982 τοῦ
1413 955 1590 991 παρηγμένον
1607 957 1715 982 ἐκείνου
1735 955 1847 981 ἕνεκα

1026 1002 1112 1029 αῖτιον
1126 1000 1208 1034 εῖναι,
1221 1001 1341 1037 τοσούτῳ
1359 1002 1405 1029 καὶ
1421 1002 1563 1037 ἄνθρωπον
1575 1003 1673 1037 γεννᾷν
1689 1001 1705 1036 ῆ
1722 1001 1841 1027 οξκίαν

1026 1050 1113 1076 ποιεῖν
1128 1049 1265 1085 ἀνθρώπῳ
1277 1050 1383 1083 πέφυκε
1403 1049 1577 1084 τιμιώτερον,
1599 1048 1626 1075 El
1639 1057 1680 1080 τις
1700 1047 1844 1083 ἔμελλεν

1013 1095 1096 1130 ⁵αὐτςὶι
1111 1095 1158 1130 τῆς
1172 1095 1288 1128 ἀληθοῦς
1303 1095 1390 1127 ἀξίας,
1402 1094 1470 1121 ἀλλὰ
1484 1094 1523 1130 μὴ
1539 1094 1633 1129 χρείας
1646 1093 1719 1125 τινὺς
1738 1093 1840 1120 ὠνεῖ-

1028 1141 1090 1168 σθαί
1104 1149 1134 1167 τε
1148 1141 1196 1168 καὶ
1206 1140 1509 1169 ἀντικαταλλάττεσθαι.
1528 1139 1597 1166 Ἀλλ’
1612 1140 1716 1166 ἐκεῖνοι
1729 1138 1840 1173 μηδέν

1027 1196 1053 1214 τι
1065 1187 1223 1222 βουλόμενοι
1237 1187 1368 1221 προάγειν
1379 1187 1408 1220 ἐξ
1421 1186 1503 1213 αὐτοῦ
1512 1186 1557 1213 τὸν
1568 1186 1634 1212 Θεὸν
1645 1185 1710 1212 καθ’
1721 1185 1835 1219 611.91.6-

1027 1242 1095 1268 τητα
1112 1234 1228 1266 φύσεως,
1246 1232 1313 1259 ἀλλά
1329 1232 1409 1267 μόνον
1429 1233 1463 1260 τὰ
1484 1232 1565 1265 ἕτερα
1582 1230 1693 1262 ἑαυτοῦ,
1718 1231 1836 1264 ἄγονον

1028 1279 1149 1314 ἀτεχνῶς
1164 1278 1246 1305 αὐτὸν
1267 1279 1450 1313 ἀποφαίνουσι
1474 1280 1522 1307 καλ.
1545 1278 1584 1313 τῷ
1602 1277 1742 1311 καλλίστῳ
1773 1275 1835 1309 τῆς

1029 1324 1194 1358 προαγωγῆς
1210 1324 1363 1360 χωλεύοντα
1385 1325 1479 1360 μέρειο
1501 1322 1541 1356 οἷς
1556 1324 1587 1357 δὴ
1609 1323 1703 1350 καὶτὸ
1726 1322 1833 1349 εὕδει-

1030 1378 1079 1403 μον
1094 1369 1176 1397 αὐτοῦ
1192 1369 1240 1397 καὶ
1257 1372 1392 1405 μακάριον
1410 1368 1655 1405 συνεξαμαυροῦσι.
1674 1367 1739 1399 Πῶς
1767 1367 1833 1401 γὰρ

1030 1414 1063 1441 ἂν
1078 1413 1122 1448 εἴη
1140 1415 1341 1450 μακαριότητος
1356 1416 1384 1442 ὲν
1398 1415 1528 1450 ἀκρότητι
1545 1412 1725 1447 τεταγμένος,
1740 1413 1769 1438 εί
1787 1411 1832 1444 μὴ

1030 1459 1156 1496 αὐτάρκη
1172 1461 1244 1497 ζωὴν
1262 1462 1330 1496 ἔχοι,
1346 1462 1375 1488 ὲν
1390 1461 1464 1496 αὐτῷ
1481 1469 1509 1488 τε
1525 1459 1653 1495 καὶπρὸς
1670 1458 1757 1485 αὐτδν
1775 1458 1833 1484 καὶ

1030 1506 1114 1534 αὐτοῦ
1130 1507 1210 1534 ἕνεκα
1229 1507 1359 1542 ἐνεργῶν,
1372 1506 1439 1534 ἀλλά
1453 1506 1507 1534 τῶν
1523 1506 1590 1533 πολὺ
1612 1505 1749 1541 χειρόνων
1773 1504 1831 1531 αὖ·

1029 1552 1076 1580 τοῦ
1094 1553 1191 1586 δέοιτο,
1208 1553 1262 1580 εἴτε
1286 1553 1317 1580 ἐκ
1329 1562 1402 1585 τινος
1416 1553 1512 1589 χρόνου
1527 1551 1734 1588 γεγενημένων,
1753 1550 1798 1582 ὥς
1815 1550 1832 1575 ό

1031 1599 1103 1634 ιερὺς
1116 1599 1235 1626 διδάσκει
1252 1599 1342 1633 λόγος,
1355 1599 1410 1626 εῐτε
1426 1599 1472 1626 καὶ
1483 1599 1515 1625 ὲκ
1529 1598 1575 1625 τοῦ
1589 1597 1690 1628 παντὸς
1705 1596 1829 1626 αἰῶνος,

1029 1645 1065 1676 ὡς
1077 1646 1176 1672 ἐκεῖνοι
1192 1645 1344 1676 ὲῦοΰλοντο,
1361 1645 1398 1676 ὡς
1417 1644 1450 1672 ἂν
1464 1644 1534 1671 αὐτά
1550 1653 1579 1670 τε
1595 1643 1642 1670 καὶ
1663 1642 1733 1677 περὶ
1750 1641 1829 1668 αὐτά

1030 1691 1161 1726 ἐνεργῶν,
1178 1691 1226 1718 καὶ
1246 1691 1315 1726 πρὸς
1329 1691 1425 1718 ἑαυτὸν
1439 1691 1514 1717 ταῦτ’
1528 1689 1713 1724 ἐπιστρέφων,
1731 1688 1827 1717 οὕτως

1030 1736 1142 1770 ὲνεργδν
1159 1737 1215 1771 έχοι
1237 1737 1281 1763 καὶ
1297 1736 1346 1771 τὴν
1361 1735 1466 1767 οὐσίαν,
1483 1735 1530 1762 καὶ
1549 1734 1603 1761 τῶν
1616 1733 1750 1768 χειρόνων
1769 1732 1827 1758 αὐ-

1030 1780 1076 1807 τοῦ
1094 1781 1249 1816 ἠρτημένον
1270 1781 1313 1815 εῐη
1327 1781 1358 1808 τὸ
1376 1781 1509 1816 μακάριον
1531 1778 1605 1814 αὐτῷ
1618 1779 1664 1805 καὶ
1677 1778 1695 1812 ἡ
1712 1776 1825 1803 τελειό-

1029 1833 1079 1860 της
1096 1834 1104 1858 ;
1122 1827 1167 1852 Δεῖ
1193 1825 1247 1861 γὰρ
1260 1827 1305 1853 τὸν
1325 1825 1391 1852 Θεδν
1409 1824 1536 1851 τοιούτων
1553 1823 1637 1850 ὄντων
1653 1821 1708 1848 τῶν
1728 1819 1822 1848 αὐτοῦ

1030 1872 1282 1908 δημιουργημάτων
1300 1872 1432 1907 πρότερον
1449 1867 1519 1897 εἶναι
1543 1871 1575 1905 τῇ
1593 1869 1684 1904 φύσει,
1697 1868 1736 1898 ὡς
1750 1867 1823 1901 γοῦν

1031 1915 1062 1946 οὐ
1082 1928 1109 1945 τι
1128 1919 1201 1954 ἴχνος
1220 1919 1289 1950 ἐστὶ,
1306 1917 1386 1943 τοῦτο
1407 1916 1454 1943 τοῦ
1474 1917 1564 1950 ἴχνους
1584 1914 1716 1949 πρότερον
1745 1911 1822 1940 εἶναι

1031 1963 1090 1990 δέον
1115 1965 1150 1998 τῇ
1172 1963 1270 1997 φύσει·
1298 1961 1345 1988 τοῦ
1360 1961 1414 1995 γὰρ
1428 1960 1493 1987 Θεοῦ
1511 1959 1603 1994 ὥσπερ
1625 1961 1687 1994 ῐχνη
1704 1959 1738 1985 τὰ
1752 1959 1822 1985 ὅντα

1031 2009 1165 2044 λέγουσιν,
1189 2008 1232 2034 Ἐν
1244 2007 1276 2041 δὴ
1289 2007 1362 2041 αὐτῷ
1375 2006 1414 2038 τῷ
1431 2005 1554 2039 προτέρῳ
1567 2004 1682 2039 ἀνόητόν
1695 2013 1723 2030 τε
1739 2005 1821 2030 ἔσται

1032 2055 1061 2081 τὸ
1080 2055 1150 2081 θεῖον
1165 2054 1211 2079 καὶ
1226 2053 1384 2087 ἀνέραστον,
1401 2050 1460 2078 κατ’
1477 2050 1587 2082 αὐτοὺς,
1599 2050 1667 2082 ὅλως
1681 2050 1704 2076 δ’
1714 2050 1819 2081 εἰπεῖν,

1033 2098 1086 2125 οὐδ’
1102 2096 1253 2124 ὁπωστιοῦν
1270 2097 1392 2131 ἐνεργόν.
1406 2097 1443 2123 Οὐ
1459 2097 1512 2131 γὰρ
1528 2097 1608 2131 ἀρκεῖ
1623 2097 1652 2122 τὸ
1664 2096 1703 2128 ὡς
1715 2097 1817 2122 αὐτίκα

1035 2143 1105 2178 μάλα
1130 2142 1247 2177 ἐσόμενα
1272 2142 1472 2177 προγινώσκειν
1498 2142 1531 2169 τὰ
1557 2142 1632 2174 ὄντα,
1650 2142 1708 2168 οὗθ’
1727 2143 1744 2177 ἡ
1767 2142 1819 2168 τοῦ

1033 2188 1136 2223 κόσμου
1153 2188 1211 2214 ἰδέα
1230 2188 1283 2224 πρὸ
1298 2188 1346 2214 τοῦ
1362 2188 1466 2223 κόσμου
1482 2189 1653 2223 γεγενημένη
1665 2197 1672 2203 ·
1689 2191 1737 2216 καὶ
1753 2189 1818 2216 ταῦ-

1034 2242 1082 2268 την
1097 2234 1152 2270 γὰρ
1167 2233 1213 2260 τοῦ
1227 2234 1294 2260 Θεοῦ
1307 2234 1505 2268 ὐποδεεστέραν
1519 2234 1632 2260 τιθεῖσιν
1641 2234 1665 2260 οἱ
1680 2234 1817 2268 λέγοντες,

1034 2280 1081 2307 ἅτε
1099 2280 1166 2315 μηδὲ
1182 2280 1284 2315 ταύτης
1302 2281 1333 2306 ὲκ
1353 2280 1403 2314 τῆς
1421 2280 1544 2315 ἀνάγκης
1561 2280 1747 2315 γεγενημένης
1768 2281 1817 2314 τῆς

1035 2327 1152 2362 φύσεως.
1170 2327 1249 2354 Ἤτοι
1266 2326 1313 2354 νῦν
1331 2327 1411 2362 μόνος
1441 2327 1455 2353 ὁ
1471 2327 1535 2358 Θεὸς
1552 2327 1649 2353 ἑαυτὸν
1665 2327 1696 2354 οὐ
1712 2327 1815 2360 νοήσει,

1034 2373 1095 2405 νοῦς
1112 2373 1159 2406 ὢν,
1175 2372 1191 2408 ἢ
1208 2372 1244 2407 τῷ
1260 2373 1292 2399 τὰ
1303 2373 1369 2400 ἄλλα
1386 2374 1456 2399 νοεῖν
1468 2381 1475 2387 ·
1491 2370 1528 2399 ὧν
1542 2372 1568 2398 τί
1589 2371 1686 2406 γένοιτ’
1704 2371 1737 2398 ἂν
1756 2372 1815 2398 ἀτο-

1035 2420 1169 2454 πώτερον,
1185 2421 1209 2446 εἰ
1220 2419 1252 2454 δὴ
1272 2418 1358 2446 ταῦτα
1375 2418 1426 2453 μὲν
1438 2418 1616 2450 ἀνακόλουθα,
1628 2419 1642 2443 ὁ
1658 2417 1686 2444 δὲ
1705 2418 1771 2450 Θεός
1786 2418 1814 2444 δν

1034 2467 1093 2498 ἐστι
1115 2467 1161 2493 καὶ
1187 2465 1290 2500 ἀγαθόν
1312 2473 1342 2492 τε
1363 2465 1412 2492 καὶ
1429 2464 1539 2500 ἀληθὲς,
1556 2465 1584 2490 ὲν
1599 2464 1636 2498 τῷ
1649 2464 1754 2499 ὲσχάτῳ
1767 2466 1812 2491 καὶ

1034 2513 1182 2547 ἀκραιφνεί
1202 2512 1252 2547 τῆς
1273 2519 1303 2538 τε
1330 2511 1424 2542 οὐσίας
1446 2511 1492 2538 καὶ
1505 2510 1673 2545 ἀγαθότητος
1688 2511 1736 2537 καὶ
1751 2511 1813 2546 ἀλη-

1036 2558 1126 2592 θείας;
1141 2558 1229 2585 ταῦτα
1241 2558 1295 2593 γὰρ
1307 2558 1354 2584 καὶ
1368 2557 1458 2584 αὐτῶν
1481 2557 1652 2591 Ἐλλήνων,οί
1666 2557 1812 2592 δοκιμώτε-

1037 2614 1080 2641 ροι
1099 2605 1220 2640 ἠξίωσαν
1231 2604 1432 2639 ἀντιστρέφειν,
1449 2603 1502 2629 Καὶ
1515 2604 1528 2629 ὸ
1543 2603 1615 2637 ίερδς
1631 2602 1660 2629 δὲ
1674 2602 1754 2636 λόγος
1768 2604 1812 2629 αὐ-

1035 2653 1081 2678 τὸν
1103 2651 1152 2687 μὲν
1169 2649 1239 2677 εἶναι
1259 2650 1306 2676 τὸν
1322 2649 1388 2675 Θεὸν
1412 2649 1462 2684 τὴν
1476 2648 1604 2684 ἀλήθειαν
1622 2647 1702 2680 ἀξιοῖ,
1721 2649 1810 2675 οὐδένα

1036 2696 1064 2724 δὲ
1078 2696 1190 2730 ἀγαθὸν,
1205 2695 1229 2722 ει
1245 2695 1283 2730 μὴ
1298 2694 1347 2721 ἕνα
1356 2693 1401 2720 τὸν
1412 2693 1489 2726 Θεδν,
1503 2691 1573 2719 εἶναι
1587 2701 1594 2708 ·
1609 2694 1657 2720 καὶ
1669 2693 1750 2720 αὐτὸν
1764 2693 1810 2719 ὐπ-

1037 2744 1132 2778 άρχειν
1149 2741 1183 2769 τὰ
1200 2742 1265 2768 ὄντα
1287 2749 1319 2775 γε
1335 2741 1382 2767 καὶ
1394 2742 1425 2767 τὺ
1437 2740 1479 2772 δν,
1497 2741 1545 2766 καὶ
1560 2739 1621 2766 νοῦν
1647 2739 1675 2766 δὲ
1697 2740 1741 2766 τδν
1756 2740 1810 2774 ἄρι-

1040 2790 1101 2816 στόν
1115 2798 1144 2815 τε
1168 2789 1215 2815 καὶ
1233 2788 1449 2823 φρονιμώτατον,
1465 2787 1513 2821 οὐχ
1537 2787 1617 2821 ἡμεῖς
1641 2787 1728 2820 μόνον,
1750 2786 1811 2813 ἀλλὰ

1041 2834 1087 2861 καὶ
1110 2833 1245 2868 Ἑλλήνων
1267 2833 1289 2859 οἱ
1313 2832 1389 2859 αὐτοὶ
1409 2828 1626 2865 οὐτοιλέγουσιν,
1649 2830 1751 2864 Ἑαυτῷ
1767 2831 1810 2865 μὲν
