1879 3060
185 124 240 159 663

174 178 230 208 οἷον
247 190 276 209 τε
293 181 378 209 πλείω
401 180 470 210 εἶναι
494 182 528 210 τὰ
550 182 651 219 ἄπειρα
664 192 671 199 ·
689 184 728 219 τῷ
748 185 776 212 δὲ
803 186 868 220 μίαν
893 186 963 220 μετὰ
978 186 1000 213 Α

174 227 222 262 τῆς
247 228 341 260 ούσίας
363 228 482 263 ὕπαρξιν
505 229 578 265 ἔχειν
604 229 686 264 οὔσης
707 231 835 265 ἀπείρου,
853 232 961 266 ἄπειροί

174 274 254 305 εἶσιν,
275 274 368 310 ὥσπερ
391 276 406 310 ὴ
438 275 498 302 θεία
523 276 602 303 ούσία
630 277 676 303 καὶ
702 278 715 311 ἡ
740 277 800 303 θεία
823 278 960 313 ἐνέργεια,

174 319 190 353 ὴ
207 319 257 353 μὲν
272 320 342 347 αὐτὰ
356 321 394 354 τῷ
414 321 520 356 ἀπείρῳ
543 322 590 348 καὶ
607 322 658 349 οὐκ
680 321 787 357 ἀπείρῲ
804 323 962 357 διενηνόχα-

174 373 231 396 τον,
247 365 277 392 οὐ
302 367 357 401 γάρ
374 367 446 394 ἐστιν
469 368 501 394 ἐκ
527 367 575 394 τοῦ
597 368 648 402 τῆς
672 368 814 402 ἐνεργείας
833 368 912 402 λόγου
929 370 962 402 τῇ

173 411 324 446 ἀγαθότητι
352 413 399 439 τοῦ
425 414 493 440 Θεοῦ
518 414 548 440 τὸ
568 415 676 450 ἀπείρῳ
697 412 767 442 εἶναι
782 435 789 447 ,
817 415 886 442 ἀλλὰ
918 415 964 442 διὰ

173 459 224 494 τὴν
243 459 346 487 οὐσίαν.
360 461 399 495 Τῇ
417 460 444 487 δὲ
470 461 548 496 ούσίᾳ
575 461 622 488 τοῦ
649 461 716 488 Θεοῦ
744 462 816 489 τοῦθ’
831 463 963 497 ἁρμόττει

175 505 238 531 καθ’
258 506 358 541 ἑαυτὴν
380 506 427 533 καὶ
451 507 485 533 δι’
509 507 619 543 ἑαυτὴν,
634 507 672 542 τῷ
693 508 721 534 δὲ
744 508 789 535 τὸν
816 508 897 535 αύτὶν
914 509 964 542 τῆς

177 551 322 585 ὑπάρξεως
337 553 437 587 τρόπον
456 553 593 588 ἔχειντῆς
608 553 683 585 θείας
706 553 780 581 τοῦτ’
794 554 964 588 ἀναγκαζού-

176 605 228 631 σης
242 592 404 632 ἁπλότητος,
422 597 451 624 ἐν
472 607 502 624 τε
525 598 640 634 ἄπειρόν
664 600 732 626 είσιν
751 600 847 635 ἄμφω,
863 600 910 626 καὶ
925 598 966 631 είς

177 641 243 673 Θεὸς
267 642 316 676 τῆς
339 643 443 678 είδικῆς
463 643 636 678 διακρίσεως,
665 645 728 672 οὔτε
749 645 882 680 διαίρεσιν
907 645 965 672 ἐκεῖ

176 688 351 721 πραγμάτων
374 687 436 714 οὔτε
460 689 586 716 σύνθεσιν
610 689 764 725 δυναμένην
788 690 965 725 ἐργάζεσθαι,

175 733 219 761 ἆτ’
230 733 274 768 ἐφ’
289 734 349 766 ἐνὺς
362 734 545 771 ὑποκειμένου
561 737 609 763 καὶ
622 736 812 764 ἁπλουστάτου
827 738 877 772 τῆς
891 737 967 768 θείας

175 780 285 814 φύσεως
309 780 467 816 ἱδρυμένης.
495 781 533 808 Οὐ
560 781 650 809 τοίνυν
677 784 706 809 ἐν
733 782 772 817 τῷ
798 782 889 816 λέγειν
917 783 966 817 τὴν

175 826 316 862 ἐνέργειαν
331 826 378 854 τοῦ
391 827 460 853 Θεοῦ
475 827 522 854 τὸν
536 827 618 854 αὑτὸν
634 827 806 863 ἐπιδέχεσθαι
828 830 860 864 τῇ
886 829 965 864 οὐσίᾳ

174 872 265 906 λόγον,
279 873 403 901 τουτέστι
428 874 517 901 πάντα
540 874 576 900 τὰ
597 874 649 910 τῆς
673 874 832 910 ὑπερφυοῦς
855 875 965 910 ἐκείνης
982 872 1003 902 Β

174 919 269 951 οὐσίας
290 919 387 954 σεμνὰ,
408 920 456 947 καὶ
480 919 549 954 πρὸς
562 919 610 955 τὴν
633 919 721 955 αύτῆς
744 920 889 955 ἐνέργειαν
908 920 967 948 δια-

175 964 290 995 ϐαίνειν.
305 965 440 1000 ἠγνόησεν
452 965 467 991 ὁ
480 965 642 997 διδάσκαλος
655 966 755 993 ἑαυτὸν
768 966 900 1002 εἰρηκότα
916 975 968 992 που

174 1011 255 1039 ἄλλον
275 1012 325 1047 μέν
339 1009 409 1038 εῖναι
437 1011 483 1038 τὸν
499 1011 580 1046 λόγον
605 1012 656 1047 τῆς
682 1012 789 1045 οὐσίας,
814 1013 913 1048 ἕτερον
939 1013 968 1039 δέ

175 1057 221 1085 τὸν
235 1057 284 1093 τῆς
298 1057 451 1092 ἐνεργείας,
466 1057 523 1085 οὗθ’
544 1059 621 1094 ἡμᾶς
636 1059 783 1093 ἐχομένους
800 1059 907 1086 ἐκείνου
920 1059 967 1085 τοῦ

177 1104 269 1138 λόγου,
297 1103 391 1131 τοῦτον
416 1105 469 1140 χρὴ
498 1105 708 1140 παραιτεῖσθαι,
738 1106 755 1141 ἢ
789 1105 869 1132 πάνθ’
899 1105 966 1140 ὁμοῦ

176 1151 264 1177 ποιεῖν
280 1151 423 1186 χρήματα.
440 1151 488 1183 Τίς
501 1151 555 1186 γὰρ
570 1150 633 1178 νοῦν
649 1151 719 1187 ἔχων
732 1152 792 1188 ἐρεῖ
805 1152 837 1178 τὺ
851 1152 966 1187 ἄπειρον

175 1197 224 1224 καὶ
246 1197 277 1224 τὺ
301 1198 508 1232 πεπερασμένον
533 1197 643 1234 ἐπινοίᾳ
670 1198 879 1233 διακεκρίσθαι;
899 1198 917 1225 ὕ.
935 1207 968 1232 γε

177 1245 215 1280 μὴ
230 1245 375 1279 πεποίηται
395 1244 447 1271 ὑπδ
472 1245 522 1280 τῆς
547 1245 650 1280 ψυχῆς,
665 1245 724 1271 ἀλλ’
747 1244 804 1271 ἐστι
829 1254 859 1271 τε
883 1245 968 1280 αὐτῆς

176 1291 242 1324 ἄνω,
258 1292 306 1317 καὶ
370 1291 440 1317 αὖτά
464 1291 649 1326 διακέκριται,
665 1292 712 1318 καὶ
735 1291 750 1317 ὅ
778 1290 871 1326 μεῖζόν
893 1292 967 1318 ἐστιν

176 1337 362 1372 ἁντιφατικῶς
387 1345 458 1369 πως.
477 1337 560 1364 Ὥστε
583 1337 677 1372 οὐδὲὴ
700 1337 761 1364 θεία
785 1337 875 1370 ούσία,
891 1338 968 1372 καὶὴ

177 1383 238 1410 θεία
258 1382 394 1417 ἐνέργεια,
450 1383 528 1410 οὐσία
544 1383 591 1411 καὶ
657 1385 794 1418 ἐνέργεια,
819 1383 891 1418 λόγῳ
908 1384 968 1410 δια-

177 1428 349 1464 κριθήσεταιτ
364 1425 402 1455 ὧν
418 1429 450 1463 τῇ
475 1428 524 1464 μέν
538 1429 567 1455 τὸ
588 1429 715 1464 ἄπειρον,
734 1430 767 1464 τῇ
781 1429 809 1455 δὲ
825 1430 855 1456 τὸ
884 1438 969 1456 πεπες

180 1475 325 1510 ρισμένον,
396 1475 512 1502 τοιαῖσδε
531 1476 735 1510 προσήκουσιν·
760 1475 817 1502 ἀλλ’
845 1475 910 1502 εῖδει
939 1484 969 1502 τε

177 1520 309 1555 δηλονότι,
325 1521 374 1547 καὶ
396 1521 429 1556 τῇ
451 1521 498 1547 τοῦ
525 1521 691 1556 πράγματος
717 1520 798 1554 φύσει
824 1521 968 1556 διακριθή·
983 1539 1006 1570 c

179 1575 265 1594 σεται.
285 1567 334 1593 Ἓν
351 1567 380 1594 δέ
402 1576 428 1594 τι
453 1567 541 1598 ἄλλως
565 1566 684 1600 ἔσονται,
709 1566 758 1594 καὶ
779 1567 969 1594 ἁπλούστατον

178 1613 279 1648 δηλαδὴ
296 1615 329 1649 τῇ
346 1613 472 1648 ὑπάρξει,
490 1614 513 1640 εί
530 1613 577 1639 καὶ
597 1613 680 1648 μηδέν
702 1613 777 1640 ἐστιν
792 1614 821 1639 ἐν
836 1614 891 1644 τοῖς
910 1610 969 1640 οὖσι

178 1659 274 1686 τούτου
291 1659 479 1695 παράδειγμα.

213 1706 307 1733 Ταῦτά
326 1715 368 1734 σοι
393 1706 461 1741 πρὸς
483 1705 545 1737 τοὺς
566 1706 765 1738 Ἀκινδυνείους
784 1707 899 1739 τούτους
923 1708 971 1734 καὶ

179 1752 394 1787 Λατινόφρουας,
409 1753 433 1780 οί
448 1752 528 1778 αὐτοὶ
548 1752 602 1786 γὰρ
618 1752 702 1785 ἄμφω
718 1752 854 1786 νοσοῦσιν,
870 1753 971 1780 ἁπλού-

180 1798 277 1833 στερόν
298 1806 329 1824 τε
357 1797 404 1824 καὶ
427 1797 597 1832 δικαιότερον
611 1797 746 1831 λεγέσθω.
763 1799 794 1825 El
819 1799 847 1825 δέ
866 1800 918 1835 χρή
937 1808 969 1834 με

179 1844 284 1880 τάληθῆ
304 1844 405 1879 λέγειν,
430 1845 464 1879 τῇ
482 1853 512 1871 τε
535 1844 627 1880 χρείᾳ,
646 1845 694 1871 καὶ
720 1847 753 1881 τῇ
785 1846 840 1872 τῶν
864 1846 972 1873 πολλῶν

179 1891 246 1924 ἕξει,
259 1891 313 1918 τῶν
335 1899 367 1925 γε
382 1890 584 1926 ἐντευξομένων
602 1891 700 1922 αὑταῖς
725 1892 886 1928 σύμμετρον
900 1893 971 1920 ἁπε-

178 1937 296 1970 τίσαμέν
318 1944 359 1962 σοι
377 1935 428 1970 τὴν
450 1935 505 1962 τῶν
525 1935 629 1962 λύσεων
654 1936 784 1971 δύναμιν.
803 1938 834 1964 El
854 1938 908 1973 γὰρ
923 1939 972 1965 καὶ

178 1983 229 2018 τῆς
252 1982 409 2014 ὑποθέσεως
429 1982 533 2017 ταύτης
557 1982 625 2008 πολὺ
657 1983 826 2019 φαυλότερον
850 1984 910 2011 ἐστι
940 1985 971 2011 τὸ

179 2029 241 2055 καθ’
261 2029 347 2064 ἡμᾶς,
360 2027 418 2057 ἀλλ’
434 2028 498 2064 ἐξῆν
514 2036 573 2059 πως
590 2029 638 2055 καὶ¹
654 2029 724 2065 ὑπὲρ
741 2030 805 2062 τοὺς
829 2030 972 2066 παρόντας

178 2075 275 2109 λόγους
292 2074 409 2110 ἀρθῆναι
422 2080 429 2088 ·
447 2073 527 2101 τοῦτο
545 2074 568 2101 δ’
582 2074 632 2102 οὐκ
647 2075 681 2102 ἂν
700 2075 850 2111 συνέφερεν
864 2076 952 2109 ἄλλως
962 2086 970 2094 ·

179 2122 228 2150 καὶ
239 2122 253 2148 ὁ
265 2121 331 2156 ἐμδς
344 2122 399 2157 γὰρ
418 2120 524 2156 Ἰησοῦς
543 2122 652 2157 μικρὸν,
666 2124 761 2158 φησὶν,
778 2123 833 2150 ἀπὸ
853 2123 904 2158 τῆς
919 2125 971 2160 γῆς

180 2166 364 2201 ἐπαναγαγὼν
377 2166 440 2198 τοὺς
459 2166 554 2201 ὄχλους
568 2167 719 2200 ἐδίδασκεν,
735 2169 808 2205 ἔργῳ
826 2170 970 2204 παραινῶν

712 128 840 162 GENNA
847 129 902 160 DII
920 129 976 162 (ΞΡ.
1000 129 1257 167 ΡΑΤΒΙᾼΒΟΠΛΞ

1015 181 1172 222 ὑπερορίοις
1186 188 1270 214 πᾶσιν
1280 187 1487 221 ἐνασμενίζουσι
1496 185 1730 222 νεωτερίσμασιν,
1745 187 1827 214 ὥστε

1016 231 1063 258 καὶ
1088 232 1167 259 πάντ’
1191 233 1225 259 ἂν
1254 233 1335 266 ειπερ
1360 232 1423 267 ἐξῆν
1453 232 1546 262 αὐτοῖς
1574 232 1760 266 μετέπλασαν
1788 233 1826 259 τὰ

1014 277 1150 312 ἡμέτερα,
1165 278 1261 313 ὥσπερ
1277 278 1367 314 ῥᾴδιον
1387 277 1420 305 ἂν
1442 278 1523 312 ὄρους
1543 278 1702 312 μεταθεῖναι
1727 278 1826 305 Πατέ-

1016 332 1082 359 ρων,
1097 324 1144 351 καὶ
1158 324 1234 352 ταῦτ’
1250 326 1279 351 ἐν
1304 324 1438 356 τοιούτοις
1459 325 1578 360 καιροῖς,
1594 325 1624 351 ἐν
1645 321 1687 355 οἷς
1704 324 1824 358 ἀρκοῦν

1014 370 1088 396 ἐστιν
1110 370 1176 404 ἡμῖν
1207 371 1276 405 πρδς
1299 370 1441 397 εὐσέϐειαν
1467 371 1502 397 τά
1525 369 1638 397 ἐκείνων
1669 369 1737 404 ἴχνη
1771 370 1823 395 καὶ

1016 417 1131 451 συνορᾷν
1151 415 1199 442 καὶ
1223 416 1341 443 διώκειν.
1369 418 1402 443 Ὃ
1419 416 1442 442 δ’
1466 416 1544 443 αὐτοὶ
1567 410 1736 451 πράττουσι,
1761 416 1822 445 πᾶς

1015 471 1057 493 τις
1072 462 1106 489 ἂν
1123 461 1189 497 φαίη
1204 463 1309 498 κρίνειν
1323 462 1414 494 εἰδὼς,
1431 462 1447 498 ἢ
1461 462 1631 498 ἀδιαφορίας,
1646 462 1663 496 ἢ
1683 461 1822 495 μεγάλης

1015 508 1145 542 τυγχάνει
1169 509 1307 543 μυήσεως.
1328 509 1425 535 Καίτοι
1450 509 1490 543 τῷ
1509 508 1547 543 μὴ
1570 507 1705 534 δύνασθαι
1724 506 1822 532 ταῦτα

1017 555 1184 589 μεταποιεῖν,
1197 555 1361 590 κρουόμενοι
1380 555 1510 590 πρύμναν
1534 554 1569 581 τὰ
1592 554 1699 588 πάτρια
1728 561 1822 588 προσ-

1016 600 1168 628 ποιοῦνται.
1178 600 1258 635 .’Λλλ’
1281 601 1378 628 οὐδένα
1400 601 1454 627 τῶν
1480 599 1546 626 νοῦν
1567 600 1686 635 ἐχόντων
1711 598 1822 624 λανθά-

1016 653 1092 672 νουσι
1106 645 1349 680 προσποιούμενοι.
1364 645 1446 673 Αὐτοὶ
1460 645 1515 681 γάρ
1528 646 1599 671 είσιν
1611 645 1636 671 οῖ
1655 644 1823 678 Νεστορια-

1017 691 1078 722 νοὺς
1093 692 1166 726 ἡμᾶς
1189 692 1311 723 είπδντες
1329 692 1358 719 ἐν
1376 691 1511 726 πανδήμῳ
1536 690 1655 725 θεάτρῳ,
1676 689 1750 716 διότι
1773 688 1823 715 πι-

1019 737 1152 772 στεύομεν
1169 737 1208 772 μὴ
1226 735 1297 764 εἶναι
1314 737 1361 764 τὸν
1375 737 1439 763 Υίδν
1453 737 1500 764 τοῦ
1526 736 1595 763 Θεοῦ
1612 735 1659 763 τοῦ
1675 734 1821 769 παναγίου

1017 782 1176 817 Πνεῦματος
1188 782 1286 816 αἴτιον,
1297 783 1386 817 δόγμα
1402 783 1506 815 πάσαις
1518 782 1656 817 ἀνάγκαις
1671 781 1821 815 ἀληθινὸν,

1021 829 1068 855 καὶ
1081 829 1137 860 τοῖς
1151 828 1299 864 ἡμετέροις
1314 829 1438 864 Πατράσι
1454 829 1503 855 καὶ
1514 829 1688 859 διδασκάλοις
1722 827 1821 861 λόγοις

1019 875 1066 901 καὶ
1080 875 1179 909 αἵμασι
1193 874 1378 910 διεκδικηθὲν,
1394 875 1449 902 ἀπὺ
1471 874 1527 901 τῶν
1547 874 1622 909 αὺτῷ
1639 882 1708 901 ποτε
1727 882 1821 909 μαχε-

1021 921 1146 956 σαμένων
1165 921 1336 952 ἀποστατῶν,
1354 921 1402 953 οὓς
1422 922 1471 949 καὶ
1482 921 1542 953 ταῖς
1558 920 1685 952 αίωνίαις
1705 920 1820 951 ποιναῖς

1019 965 1227 993 καθυπέόαλεν·
1242 966 1290 992 καὶ
1311 965 1341 992 οὖ
1368 966 1505 999 δόγματος
1524 965 1683 992 τούναντίον
1712 966 1820 999 Αρεια-

1020 1011 1064 1038 νδν
1078 1008 1148 1039 εἶναι
1164 1011 1208 1039 διὰ
1220 1011 1270 1047 τὴν
1285 1011 1377 1046 διττὴν
1399 1012 1496 1047 ἀρχὴν,
1514 1012 1561 1038 καὶ
1580 1011 1752 1046 Εὑνομιανὺν
1774 1010 1820 1037 διὰ

1019 1059 1070 1093 τὴν
1092 1058 1139 1085 τοῦ
1164 1059 1324 1094 Πνεύματος
1342 1059 1450 1094 ὖφεσιν,
1466 1060 1515 1086 καὶ
1533 1057 1744 1093 Ἀπολλινάριον
1772 1058 1820 1084 διὰ

1019 1105 1083 1137 τοὺς
1106 1105 1227 1141 βαθμοὺς
1246 1106 1300 1133 τῶν
1325 1106 1406 1133 θείων
1424 1106 1598 1142 προσώπων·
1615 1105 1663 1132 καὶ
1677 1104 1713 1140 ἣν
1734 1103 1820 1130 αὐτοὶ

1020 1153 1113 1183 κακῶς
1140 1152 1305 1179 πλάττουσιν
1333 1153 1449 1186 ἀταξίαν
1478 1152 1578 1188 μᾶλλον
1605 1152 1620 1186 ἢ
1651 1151 1743 1183 τάξιν,
1767 1150 1820 1176 καὶ

1020 1199 1162 1238 ὑισγχυσιν,
1185 1200 1216 1225 ού
1250 1199 1396 1234 διάκρισιν,
1423 1199 1471 1226 καὶΙ
1499 1199 1590 1230 ἀλλοις
1610 1198 1718 1229 πολλοῖς
1748 1196 1816 1224 ἀτύ-

1020 1254 1082 1277 ποις
1097 1246 1171 1272 δοκεῖ
1184 1246 1372 1280 περιπίπτειν.

1056 1291 1139 1318 Αὐτοὶ
1161 1291 1252 1318 τοίνυν
1275 1281 1345 1318 είσίν
1362 1291 1386 1318 οἱ
1413 1290 1602 1326 Νεστοριανὴν
1627 1290 1678 1325 τὴν
1705 1289 1817 1316 ἑαυτῶν

1022 1337 1128 1372 μητέρα
1156 1337 1335 1369 καλέσαντες,
1363 1338 1388 1363 οῐ
1417 1337 1526 1369 πολλοῖς
1553 1336 1677 1364 εὖσεόέσι
1704 1335 1816 1363 πολλῶν

1020 1383 1200 1418 ἀνθρωπίνων
1213 1384 1377 1419 πειρασμῶν
1392 1384 1476 1411 αἴτιοι
1493 1384 1685 1419 γεγενημένοι,
1700 1385 1725 1410 οἱ
1740 1383 1818 1409 κατὰ

1021 1429 1122 1460 παντὸς
1154 1428 1298 1464 ὀρθοδόξου
1328 1430 1551 1464 συγγεγραφότες
1580 1429 1815 1464 συγγράμματος,

1022 1475 1069 1501 καὶ
1095 1475 1158 1507 τοὺς
1173 1475 1202 1501 ἐν
1217 1475 1293 1510 πάσῃ
1306 1477 1339 1511 τῇ
1355 1477 1391 1511 γῇ
1415 1476 1596 1509 Χριστιανοὺς
1621 1475 1672 1510 τὴν
1687 1482 1816 1501 καινοτο-

1024 1523 1088 1558 μίαν
1101 1522 1203 1558 ταύτην
1219 1522 1387 1557 πειρώμενοι
1403 1521 1519 1549 πείθειν.
1534 1521 1597 1552 Πῶς
1613 1519 1660 1547 οὖν
1682 1520 1815 1554 λήσουηιν

1022 1569 1160 1601 ἐξαπατᾶν
1176 1569 1239 1600 τοὺς
1257 1567 1458 1604 ἁπλουστέρους
1479 1566 1637 1602 βουλόμενοι
1652 1566 1712 1596 ⁴ταῖς
1726 1565 1815 1600 ἡναγ-

1020 1614 1172 1649 κασμέναις
1192 1614 1305 1645 ταύταις
1335 1614 1383 1640 καὶ
1406 1613 1546 1649 καιρικαῖς
1577 1612 1813 1647 προσποιήσεσινς

1021 1659 1053 1685 El
1077 1658 1105 1685 δὲ
1124 1657 1263 1693 βούλονται
1279 1657 1472 1693 πιστευθῆναι,
1486 1657 1699 1692 ἁνασχέσθωσαν
1726 1656 1814 1690 πράτ-

1020 1713 1088 1735 τειν,
1115 1703 1133 1731 ἂ
1149 1704 1222 1730 δοκεί
1245 1704 1302 1735 τοῖς
1325 1703 1421 1738 νόμοις
1449 1704 1498 1737 τῆς
1528 1701 1703 1736 Ἐκκλησίας.
1730 1701 1813 1728 Μίσει

1021 1750 1110 1776 τοίνυν
1135 1750 1236 1780 αὐτοὺς
1265 1750 1390 1781 ἅπαντας
1412 1749 1465 1781 ἕως
1490 1748 1524 1776 ἂν
1545 1745 1598 1775 ὦσι
1613 1747 1743 1778 τοιοῦτοι,
1763 1747 1813 1774 καὶ

1022 1799 1078 1829 τοῖς
1094 1797 1142 1833 μὲν
1159 1797 1249 1824 αὐτῶν
1267 1797 1386 1832 ἡγεμόσι
1403 1797 1461 1827 τοῖς
1482 1795 1664 1831 ἐκκηρύκτοις
1683 1795 1809 1827 ἐκείνοις,

1022 1841 1060 1871 ὧν
1081 1844 1158 1871 αὐτοὶ
1175 1844 1230 1875 τοῖς
1256 1843 1422 1878 σοφίσμασιν
1449 1841 1637 1876 ἠκολούθησαν
1654 1841 1686 1867 ἐκ
1705 1839 1752 1866 τοῦ
1772 1840 1810 1875 μὴ

1021 1890 1152 1918 δύνασθαι
1181 1889 1296 1926 κρίνειν,
1320 1889 1358 1921 ὡς
1386 1889 1483 1920 αἰτίοις
1509 1888 1596 1915 κακοῦ
1618 1887 1745 1914 τοσούτου
1765 1895 1812 1920 γε-

1022 1937 1194 1972 γενημένοις.
1218 1935 1331 1970 Ἐπαρῶ
1343 1935 1455 1966 δικαίως
1467 1935 1570 1967 ἐκεῖνα,
1582 1934 1602 1961 ἃ
1620 1934 1667 1961 καὶ
1686 1934 1703 1968 ἠ
1721 1934 1809 1968 μήτηρ

1022 1983 1038 2018 ὴ
1044 1982 1101 2017 μῶν
1115 1982 1131 2018 ἡ
1144 1981 1190 2008 τοῦ
1205 1980 1325 2016 Χριστοῦ
1344 1979 1495 2014 Ἐκκλησία
1510 1978 1644 2014 ἀμφιετὲς
1658 1978 1805 2014 ἐπαρᾶται·

1023 2028 1148 2064 συνᾴδειν
1163 2027 1218 2062 γὰρ
1231 2026 1304 2061 ἡμᾶς
1316 2026 1358 2052 δεῖ
1371 2026 1404 2060 τῇ
1428 2026 1524 2060 μητρὶ,
1542 2025 1568 2051 εί.
1584 2025 1622 2060 μὴ
1646 2024 1806 2060 βουλοίμεθα

1021 2075 1071 2110 τὴν
1087 2075 1155 2109 πρὸς
1169 2072 1277 2106 ἐκείνην
1295 2071 1388 2107 σχέσιν
1412 2070 1555 2106 ἀρνεῖσθαι
1571 2078 1578 2086 ⁸
1595 2072 1652 2103 τοῖς
1667 2071 1696 2097 δὲ
1718 2070 1762 2097 νῦν
1773 2071 1806 2098 τά

1022 2121 1136 2148 ἐκείνων
1149 2118 1337 2150 ἐκθειάζουσιν
1354 2117 1529 2153 ἁσεόήματα,
1545 2117 1598 2149 ἓως
1609 2118 1651 2144 ἔτι
1665 2118 1806 2152 περίεισιν,

1022 2165 1104 2201 εθχου
1131 2163 1260 2199 γενέσθαι
1286 2163 1421 2200 βελτίους,
1434 2164 1482 2191 καὶ
1509 2163 1662 2198 μετάμελόν
1686 2172 1746 2190 τινα
1764 2163 1808 2189 λα’

179 2215 245 2250 ἡμῖν
259 2213 324 2241 ἔνθα
338 2213 387 2249 τῆς
401 2213 537 2247 ὡφελείας
550 2214 567 2249 ή
590 2213 671 2249 χρεία
689 2214 736 2241 καὶ
747 2214 798 2249 τῆς
816 2214 971 2250 ἁπλότητος
986 2214 1010 2243 D
1025 2211 1094 2244 δεῖν,
1112 2212 1160 2238 καὶ
1183 2211 1279 2238 τοῦτον
1296 2210 1447 2242 κανονικῶς
1476 2210 1675 2242 ἐπιδείξασθαι.
1694 2210 1726 2236 Ἀ
1740 2210 1767 2236 δὲ
1789 2210 1805 2246 ἡ

182 2260 284 2296 μηδένα
309 2259 405 2295 καιρὸν
433 2257 504 2286 εἶναι
519 2260 567 2286 τοῦ
585 2260 685 2295 βάθους
710 2269 740 2287 τε
768 2261 817 2290 καὶ
844 2260 894 2294 τῆς
910 2261 967 2286 ἐπι-

180 2308 300 2342 δείξεως.
321 2307 358 2334 Σὺ
380 2306 409 2334 δὲ
436 2307 491 2333 τῶν
518 2307 632 2342 ἀνδρῶν’
654 2307 758 2334 τούτων
779 2307 816 2342 μὴ
843 2306 972 2332 τοσοῦτον

182 2355 258 2389 μίσει
281 2346 331 2389 τὴν
355 2353 409 2380 ἀπὸ
433 2353 482 2388 τῆς
505 2353 637 2389 ἀληθείας
666 2353 767 2388 φυγὴν,
785 2353 847 2378 ὅσον
872 2352 901 2378 τὸ
923 2352 973 2385 τῆς

181 2398 369 2434 προαιρέσεως
394 2399 615 2434 εὐμετάπτωτον,
631 2399 678 2426 καὶ
691 2399 741 2433 τὴν
754 2398 907 2432 αὐστηρίαν
923 2398 972 2432 τῆς

182 2445 372 2480 συνειδήσεως.
389 2445 451 2473 Ὀτι
474 2445 602 2480 καθάπερ
620 2443 753 2480 μεγάλων
775 2443 858 2470 τινῶν
875 2444 970 2471 κακῶν

181 2491 259 2523 δίκας
286 2491 514 2527 εἰσπραττόμενοι
542 2492 591 2526 τὴν
621 2490 806 2525 Ἐκκλησίαν,
832 2489 880 2516 καὶ
907 2490 970 2522 τοὺς

183 2537 333 2572 προγόνους
350 2538 442 2573 ήμῶν,
457 2537 491 2564 τὰ
507 2537 588 2572 μέχρι
603 2536 650 2563 καὶ
665 2535 713 2562 νῦν
736 2536 765 2561 ὲν
780 2535 849 2571 ἡμῖν
868 2537 973 2570 κρατῆ-

184 2593 268 2614 σαντα
285 2584 408 2619 δόγματα
426 2582 536 2619 μισοῦσι
560 2582 607 2609 καὶ
624 2581 854 2617 ἀποστρέφονται,
870 2583 927 2614 τοῖς
949 2583 971 2608 δ’

1025 2257 1150 2293 ἡμετέρα
1172 2258 1265 2293 μήτηρ
1289 2259 1306 2292 ἡ
1326 2257 1459 2293 καθολικὴ
1485 2257 1540 2284 τῶν
1553 2256 1726 2292 Χριστιανῶν
1744 2257 1805 2283 Ἐκ-

1023 2304 1123 2340 κλησία
1139 2304 1188 2332 καὶ
1214 2305 1371 2339 πεφρόνηκε
1393 2304 1442 2340 τὴν
1466 2304 1555 2340 ἀρχὴν
1581 2304 1629 2330 καὶ
1646 2304 1747 2338 φρονεῖ,
1760 2304 1804 2329 καὶ

1025 2352 1106 2387 μέχρι
1119 2351 1169 2386 τῆς
1187 2352 1251 2387 χθὲς
1265 2352 1418 2387 γενομένης
1432 2351 1612 2386 συναρπαγῆς
1626 2350 1695 2385 ὁμοῦ
1712 2351 1804 2381 πάντες

1023 2399 1155 2434 ἐφρόνουν
1168 2399 1193 2425 οί
1209 2399 1259 2434 τῆς
1275 2399 1436 2434 Ἐκκλησίας
1445 2397 1547 2432 ταύτης
1559 2397 1623 2431 υἱοὶ,
1634 2397 1733 2424 τούτων
1746 2397 1804 2432 ἔχου

1025 2445 1152 2480 βεϐαίως,
1170 2445 1239 2481 μήτε
1262 2445 1405 2477 Λατίνους,
1417 2445 1487 2479 μήτε
1505 2444 1610 2475 πάντας
1637 2442 1802 2478 ἀνθρώπους,

1024 2491 1094 2527 μήτε
1108 2493 1173 2523 τοὺς
1194 2491 1330 2526 ἀγγέλους
1352 2490 1464 2523 αὐτοὺς,
1480 2491 1504 2516 εί
1530 2489 1585 2516 δέοι
1610 2489 1682 2517 κατὰ
1708 2489 1804 2516 Παῦλον

1023 2538 1122 2570 εἰπεῖν,
1137 2537 1238 2570 ἐξελεῖν
1264 2546 1290 2564 τι
1305 2537 1448 2571 δύνασθαι,
1471 2536 1577 2572 βέλτιόν
1597 2544 1628 2563 τε
1651 2536 1700 2563 καὶ
1713 2535 1802 2571 ἀληθέ-

1025 2591 1121 2618 στερον
1140 2583 1337 2619 πεπεισμένος.

982 2700 1021 2712 .,.
