1864 3056
52 94 126 126 869

652 114 655 117 ‹
699 97 750 128 DE
768 98 1020 130 VIRTUTIBUS.

1654 101 1707 134 876

54 151 202 184 σώζουσα
227 158 255 179 το
286 152 425 188 προσῆκον
455 153 530 188 αὒτῴ
556 153 664 188 ἑκάστῳ
692 154 782 188 ἡμῶν,

948 154 1012 181 talia
1030 161 1110 182 servo
1126 157 1154 182 ct
1169 155 1246 189 operi
1262 163 1327 191 ergo
1342 154 1483 182 dominum
1509 160 1535 182 et
1559 156 1684 190 opilicem

51 197 167 233 ἐσμὲν.
181 199 251 233 πρὸς
264 199 388 227 ἕκαστον.
413 199 490 226 Ἐπεὶ
513 198 616 226 δὲκαθ’
628 200 709 226 αὐτὸν
722 201 865 235 ἅνθρωπος

52 246 185 277 γέγονεν
200 245 251 271 οὐκ
267 245 332 272 ἄλλο
346 253 372 271 τι
390 245 509 280 μάλιστα
526 245 542 279 ἢ
559 246 667 279 λογικόν
682 255 707 272 τι
724 246 804 278 ζῶον,
820 247 868 282 δῆ-

51 289 115 316 λθν
125 290 159 325 δὴ
178 291 217 322 ὡς
232 291 333 327 θεωρός
352 300 392 323 τις
416 290 528 327 οἷόνπερ
548 293 577 318 ἐν
600 292 768 328 πανηγύρει,
798 293 866 328 τῷδε

51 335 108 370 τῷ
124 337 211 363 παντὶ
225 337 363 371 εἰσῆκται,
390 338 605 373 ἐπισκεψάμενος
632 339 672 370 εἰς
688 339 805 374 δύναμιν
820 339 867 366 καὶ

52 379 222 416 Θεωρήσων
249 381 276 408 τι
294 382 323 408 τὲ
339 382 399 408 ἐστι
426 383 480 409 τῶν
501 382 585 409 όντων
602 382 729 417 ἕκαστον,
762 383 810 410 καὶ
826 382 865 418 πῆ

53 434 138 454 ποτε
156 429 227 463 πρὶς
242 427 344 461 ἄλληλα
362 429 430 463 ἔχει,
452 430 499 455 καὶ
518 430 561 456 διὰ
577 429 604 455 τί
618 429 724 456 ἕκαστα
740 430 865 464 γίγνεται

54 472 124 498 τῶν
140 474 321 507 γιγνομένων.
339 473 388 508 Εἴη
403 481 433 499 τε
450 473 483 499 ἂν
503 475 551 500 καὶ
569 473 647 500 τοῦτο
665 474 810 509 φρόνησις,
835 475 865 501 τὸ

54 518 166 544 λοιπὸν
183 519 230 545 καὶ
242 519 407 546 τελεώτατον
432 519 528 554 μόριον
550 520 662 555 ἀρετῆς,
694 520 751 553 ἕξις
775 521 864 556 ψυχῆς

56 563 230 599 θεωρητικὴ
253 564 307 591 τῶν
320 564 417 596 ὅντων,
428 562 501 602 ᾖπὲρ
517 566 592 592 ἐστιν
608 565 723 594 ἕκαστα.
740 565 817 594 Εἶναι
831 575 862 593 τε

56 610 189 645 τέτταρα
203 610 254 644 μὲν
268 610 302 637 τὰ
323 609 439 644 μέγιστα
470 611 552 646 μόρια
587 611 698 646 ἀρετῆς.
720 611 863 647 σωφροσύ-

58 665 129 690 νην,
147 656 271 691 ἀνδρίαν,
288 656 476 691 δικαιοσύνην,
506 657 652 692 φρόνησιν.
669 657 781 684 Τούτων
798 659 820 684 δ’
831 658 864 686 αὖ

59 702 190 728 ἑκάστου
204 701 265 737 τρία
282 702 366 737 μόρια
392 702 447 729 δεῖν
464 701 544 735 εἶναι,
560 703 669 738 πρῶτον
691 702 740 737 μὲν
758 711 868 738 σωφρο-

61 756 170 782 συνης.

922 201 944 226 si
958 200 1019 233 quis
1036 199 1147 234 inquam
1164 200 1221 227 haec
1237 200 1274 226 ita
1293 205 1416 234 pra-stet,
1428 204 1496 233 (tum
1524 200 1589 227 illud
1612 208 1707 227 secum

922 253 1034 278 munus,
1050 253 1104 280 quo
1122 245 1271 280 unicuique
1285 246 1432 274 obstrictus
1447 246 1638 278 csl,tuebitur,
1650 251 1706 273 tum

923 290 1004 318 Deum
1030 295 1169 325 sequetur,
1196 299 1373 326 perseverans
1404 293 1432 319 in
1462 299 1493 319 ea
1518 293 1636 319 statione
1652 299 1705 326 qua

921 336 1036 364 collatus
1048 342 1100 370 est,
1111 341 1167 364 tum
1185 338 1212 364 in
1222 338 1324 372 optimo
1335 338 1385 365 erit
1401 342 1473 365 statu
1485 338 1557 365 velut
1580 339 1603 364 is
1616 338 1662 371 qui
1680 337 1705 364 id

919 383 991 415 quod
1016 383 1147 417 optimum
1165 389 1208 411 est
1241 383 1377 418 sequitur.
1402 384 1459 411 Erit
1479 389 1567 411 autem
1587 391 1650 417 pars
1674 391 1707 410 ea

921 429 1030 456 virtutis
1044 429 1163 463 iustitia,
1178 437 1238 464 quae
1255 430 1365 457 habitus
1380 430 1464 457 animi
1485 436 1535 462 est,
1551 429 1577 457 id
1594 436 1707 456 censu-r-

921 482 988 502 vans
1003 475 1075 510 quod
1089 477 1216 503 convenit
1236 476 1384 510 unicuique
1394 476 1572 509 nostrumﬂn
1587 483 1619 503 eo
1633 475 1706 509 quod

919 528 1026 554 smnus,
1044 521 1178 548 relatione
1195 522 1228 548 ad
1242 521 1352 555 quidvis
1369 522 1455 548 aliud.
1467 522 1535 548 Cum
1552 526 1641 548 autem
1659 528 1707 555 pt-l'

920 575 949 595 se
965 567 1046 594 homo
1060 575 1114 594 non
1136 567 1210 594 aliud
1229 567 1285 595 fere
1299 569 1335 595 sit
1353 576 1435 603 quam
1451 568 1551 596 animal
1569 568 1705 603 quoddam

919 613 1033 640 rationis
1044 613 1188 648 particeps,
1211 614 1384 648 perspicuum
1412 618 1465 647 est,
1485 621 1547 641 eum
1577 618 1704 648 tanquam

919 663 1100 694 spectatorem
1120 659 1266 694 quemdam
1286 660 1313 686 in
1332 660 1383 687 hoc
1405 660 1565 687 universum
1581 659 1654 686 velut
1675 658 1703 685 in

919 705 1077 732 celebritate
1094 705 1280 732 introductum
1293 713 1363 738 esse,
1381 710 1411 732 ut
1426 704 1583 733 consideret
1596 709 1622 732 et
1641 711 1706 731 con-

919 751 1065 785 totupletur
1079 759 1129 785 pro
1147 751 1234 783 virili,
1251 751 1380 786 quidnam
1396 751 1432 779 sit
1445 750 1662 785 unumquidque,
1679 753 1708 776 et

60 803 126 830 quo
142 802 222 831 pacto
244 804 308 832 erga
320 804 348 825 se
361 796 477 825 invicem
493 797 549 825 sint
564 796 671 830 aﬂ‘ecta,
691 801 719 824 et
747 804 829 831 quam
856 797 891 823 ob
917 804 1026 824 causam
1041 797 1148 830 singula
1174 806 1234 832 qua:
1251 799 1391 832 eveniunt,
1416 799 1553 827 accidant.
1571 798 1607 825 Ea
1624 803 1707 832 porro

62 845 219 879 prudentia
248 844 331 873 fuerit
356 845 461 881 reliqua
490 845 600 873 virtutis
622 853 683 881 pars
703 849 730 873 et
754 844 965 880 perfectissima,
984 852 1044 879 quae
1071 850 1114 872 est
1140 845 1249 873 habitus
1276 847 1425 877 animi,ita
1449 854 1492 874 res
1515 846 1704 876 considerans,

61 895 155 926 prout
176 899 291 926 quaeque
313 896 389 920 sunt.
415 891 542 925 Quatuor
563 893 656 927 itaque
687 891 797 920 virtutis
821 892 944 919 maxima:
961 896 1051 925 partes
1073 896 1137 918 sunt
1164 892 1308 924 modestia,
1325 892 1467 925 fortitudo,
1486 892 1601 926 iustitia,
1639 899 1705 925 pru-

61 939 174 968 dentia.
197 938 304 966 Rursus
322 937 540 973 uniu-‘cujurqne
553 938 650 966 barum
668 938 802 965 virtutum
818 941 873 964 tres
901 944 961 965 esse
977 942 1070 972 partes
1095 945 1206 965 necesse
1222 941 1275 968 est.
1287 946 1318 965 ac
1332 938 1447 972 primam
1473 938 1671 973 temperantia.

111 986 192 1013 Ἐπεί
207 986 266 1012 ἔστι
277 985 437 1021 σωφροσύνη
453 985 604 1020 αὐτάρκεια
614 985 668 1011 τῶν
680 985 748 1020 πρδς
759 984 804 1010 τὸν
814 984 847 1019 ph

966 982 1092 1016 Quoniam
1107 988 1197 1010 autem
1214 984 1393 1018 temperantia
1421 984 1448 1011 in
1478 984 1560 1012 rebus
1572 985 1604 1010 ad
1618 983 1702 1011 vitam

62 1031 242 1065 ἀναγκαίων,
252 1030 336 1066 τριῶν
349 1030 377 1057 δὲ
389 1030 492 1057 τούτοιν
507 1031 575 1065 πρὸς
597 1030 643 1057 τὸν
662 1030 718 1065 βίον
739 1030 865 1064 δεόμεθα,

64 1078 187 1113 ἡδονῶν,
205 1077 366 1113 χρημάτων,
383 1077 472 1111 δόξης·
485 1077 528 1112 ἐφ’
539 1076 646 1112 ἑκάστῳ
658 1076 759 1103 τούτων
774 1076 816 1111 εἴη
832 1077 866 1103 ἄν

65 1132 97 1150 τι
110 1123 208 1158 μόριον
219 1122 404 1157 σωφροσύνης,
412 1123 546 1156 φυλάττον
558 1123 587 1149 τδ
597 1122 732 1156 αὕταρκες
743 1121 788 1148 καὶ
797 1123 848 1157 χρή

67 1178 156 1204 σιμον
169 1169 295 1201 ἑκάστου,
303 1169 349 1195 ἐπὶ
360 1169 409 1203 μὲν
421 1168 525 1204 ἡδοναῖς
535 1170 693 1204 κοσμιότης,
705 1168 751 1194 ἐπὶ
759 1169 787 1195 δὲ
800 1168 866 1203 χρή-

69 1223 159 1248 μασιν
173 1214 372 1248 ἐλευθεριότης,
385 1214 430 1240 ἐπὶ
440 1213 468 1240 δὲ
485 1213 548 1249 δόξῃ
563 1214 719 1249 μετριότης.
742 1213 866 1248 ’Δνδρίας

67 1261 111 1293 δὲ,
123 1261 226 1295 ὁμοίως
236 1261 299 1295 τρία
314 1260 372 1287 ἐστὶ
388 1260 481 1295 μόρια.
500 1260 575 1287 Ἐπεί
586 1261 658 1300 ἐστιν
673 1259 791 1287 ἀπάθεια
814 1260 866 1286 ὕπδ

68 1307 128 1333 τῶν
145 1306 216 1333 κατὰ
229 1307 276 1333 τὸν
288 1307 345 1341 βίον
359 1306 454 1341 βιαίων
468 1306 650 1341 παθημάτων,
670 1307 773 1332 τούτων
788 1305 817 1332 δὲ
829 1305 862 1331 τὰ

71 1352 125 1386 μὲν
142 1351 219 1378 αὐτοί
240 1359 292 1377 που
319 1350 458 1378 ἐθελονταὶ
473 1351 657 1385 ὑφιστάμεθα,
678 1351 812 1385 μειζόνων
826 1351 864 1377 εἴ.

70 1405 140 1424 νεκα
155 1397 277 1431 ἀγαθῶν,
297 1397 335 1428 ὡς
348 1398 411 1424 ὅταν
426 1398 523 1429 πόνους
537 1399 551 1430 ἦ
570 1397 708 1429 κινδύνους
722 1398 739 1432 ἦ
758 1406 785 1424 τι
800 1397 866 1424 ἄλλο

71 1443 291 1479 προσαιρώμεθα
305 1441 342 1470 ὦν
357 1444 420 1471 ἄνευ
440 1443 478 1480 μὴ
502 1442 558 1470 οἶόν
575 1453 605 1470 τε
625 1445 668 1479 εἴη
682 1445 736 1470 τῶν
749 1443 865 1471 δεόντων

71 1499 120 1516 του
138 1491 231 1525 τυχεῖν
243 1497 252 1506 ·
283 1489 317 1516 τὰ
345 1489 368 1516 δ’
383 1490 495 1516 ἑκούσια
514 1490 561 1516 καὶ
581 1490 612 1516 οὐ
637 1490 865 1525 προσδεχομένοις

71 1535 175 1561 ἔπεισι.
200 1534 311 1561 Τούτων
338 1543 368 1561 τε
395 1535 430 1562 αὖ
447 1535 480 1561 τὰ
498 1535 557 1569 μὲν,
574 1534 612 1566 ὡς
641 1535 735 1566 ἁπλῶς
763 1537 863 1568 εἰπεῖν,

73 1581 153 1615 παρὰ
165 1581 213 1607 τοῦ
237 1581 311 1608 θείου
327 1590 367 1613 τε,
380 1582 429 1608 καὶ
440 1584 469 1607 τὸ
488 1582 548 1608 ὅλον
562 1581 641 1608 τοῦτο
664 1581 864 1613 διατάττοντος,

70 1625 183 1663 οἷαίπερ
203 1628 231 1653 αἱ
261 1627 426 1662 καλούμεναι
442 1628 594 1662 -ξυμφοραί
609 1635 617 1644 ⁸
642 1628 676 1654 τὰ
697 1627 719 1654 δ’
740 1625 776 1654 αὖ
801 1627 866 1662 παρ’

70 1673 237 1707 ἀνθρώπων,
251 1671 361 1708 οἷαίπερ
374 1674 401 1700 αἱ
421 1673 486 1709 παρ’
504 1675 582 1701 ἐνίων
599 1674 666 1708 πρὸς
680 1674 755 1709 ἡμᾶς
770 1674 865 1700 δυσκο-

70 1719 126 1744 λίαι
144 1728 174 1745 τε
191 1719 239 1745 καὶ
255 1719 423 1754 δυσχέρειαι,
442 1720 466 1745 ει
490 1721 541 1746 κᾶν
558 1720 605 1746 καὶ
619 1719 663 1754 ἐφ’
683 1720 791 1755 ἑκάστῳ
803 1719 865 1746 τού-

70 1772 124 1790 των
139 1765 209 1791 ἴδιόν
225 1774 249 1791 τι
270 1765 366 1800 μόριον
381 1765 494 1800 ἀνδρίας
515 1765 604 1797 σῶζον
618 1765 649 1791 τὸ
672 1765 801 1801 ἀκίνητον
818 1766 866 1792 καὶ

69 1810 180 1840 ἀπαθὲς
193 1809 245 1836 ὑπο
268 1809 322 1836 τῶν
337 1809 468 1845 χειρόνων
484 1811 618 1842 ἑκάστων,
644 1811 805 1845 γενναιότης
816 1810 865 1846 μὲν

70 1853 118 1879 ἐπὶ
132 1854 190 1884 τοῖς
203 1853 334 1888 αἱρετοῖς,
351 1855 397 1881 ἐπὶ
408 1854 437 1880 δὲ
449 1855 503 1886 τοῖς
520 1855 658 1887 ἑκουσίοις
685 1855 790 1890 ἀψαχία
816 1856 866 1890 μὲν

69 1900 115 1926 ἐπὶ
128 1901 187 1931 τοῖς
203 1899 278 1934 παρὰ
293 1899 339 1926 τοῦ
356 1900 428 1927 οείου
441 1921 448 1933 ,
469 1902 592 1936 πραότης
619 1902 646 1928 δὲ
667 1903 714 1930 ἐπὶ
725 1903 781 1933 τοῖς
799 1902 865 1936 παρ’

70 1943 235 1978 ἀνθρώπων.
254 1944 416 1979 Δικαιοσύνη
432 1945 460 1971 δὲ
472 1945 533 1971 ἔπει
552 1946 611 1972 ἐστι
624 1946 746 1980 σωτηρία
763 1947 866 1981 ὁμοίων

70 1990 170 2016 τούτου
182 1990 278 2022 αὑτοῦ,
292 1988 378 2026 οὗπέρ
395 1992 481 2026 ἐσμεν
494 1992 562 2026 πρὸς
574 1991 592 2018 ἃ
605 1993 730 2025 ἕκαστον,
744 1993 827 2027 ἐσμὲν
837 1992 865 2018 δὲ

70 2036 102 2071 δὴ
118 2036 188 2062 Θεοῦ
208 2036 257 2071 μὲν
270 2036 339 2071 ἔργα
365 2045 395 2063 τε
425 2039 472 2064 καὶ
490 2038 632 2073 κτήματα,
660 2038 818 2073 ἀνθρώποις
834 2037 863 2065 δὲ

71 2082 213 2116 ξυγγενεῖς
224 2090 275 2109 που
283 2084 362 2115 πᾶσι,
378 2082 429 2110 κᾶν
443 2083 510 2118 πρὸς
526 2083 622 2115 ἄλλους
631 2083 718 2115 ἄλλως
730 2092 788 2114 πως
798 2083 865 2119 ἔχω-

73 2136 134 2162 μεν,
163 2128 208 2161 εἴη
224 2128 257 2154 ἄν
272 2130 319 2154 καὶ
343 2128 431 2163 αὐτῆς
445 2129 555 2163 ὁσιότης
584 2129 635 2164 μὲν
659 2129 706 2156 ἐπὶ
721 2130 776 2160 τοῖς
794 2130 865 2164 πρὸς

922 1030 1086 1058 necessariis
1101 1035 1188 1058 status
1200 1036 1241 1058 est
1256 1031 1345 1066 seipso
1368 1034 1524 1062 contentus,
1553 1030 1639 1056 tribus
1655 1038 1705 1056 au-

921 1082 973 1103 tem
997 1076 1039 1104 bis
1055 1077 1087 1103 ad
1104 1077 1186 1103 vitam
1212 1077 1362 1112 degendam
1380 1083 1502 1111 egemus,
1517 1075 1704 1110 voluptatibus

919 1122 1057 1152 nimirum.
1075 1122 1159 1156 gloria
1177 1127 1204 1149 et
1221 1122 1348 1157 pecunia,
1363 1122 1390 1149 in
1408 1129 1570 1156 unaquaque
1605 1121 1703 1147 barum

919 1175 1008 1195 rerum
1036 1168 1193 1195 necessario
1225 1173 1352 1195 versatur
1387 1169 1477 1202 aliqua
1516 1166 1703 1200 temperantize

920 1222 992 1248 pars,
1028 1221 1088 1249 qua!
1118 1218 1226 1241 tueatur
1243 1214 1268 1241 id
1284 1214 1358 1249 quod
1387 1214 1453 1241 satis
1473 1213 1521 1245 sit,
1537 1218 1563 1240 et
1575 1213 1601 1240 id
1628 1212 1702 1247 quod

919 1258 985 1286 utile
1009 1258 1037 1285 in
1061 1266 1224 1294 unaquaque
1254 1265 1290 1285 re.
1320 1258 1399 1285 Acin
1415 1257 1600 1291 voluptatibus
1614 1256 1704 1283 nomi-

918 1308 997 1331 uetur
1022 1305 1165 1335 modestia,
1190 1305 1218 1331 in
1247 1304 1362 1339 pecunia
1388 1303 1546 1336 liberalitas,
1579 1303 1605 1329 in
1617 1303 1702 1336 gloria

917 1350 1101 1377 mediocritas.
1135 1349 1314 1376 Fortitudinis
1357 1349 1420 1376 item
1451 1341 1540 1383 partes
1557 1352 1620 1374 sunt
1636 1353 1703 1373 tres.

916 1394 983 1422 Nam
1012 1403 1073 1422 cum
1090 1395 1135 1422 illa
1163 1395 1350 1430 tranquillitas
1368 1395 1490 1429 quaedam
1506 1394 1553 1425 sit,
1567 1401 1628 1428 quae
1641 1393 1704 1420 vitae

917 1441 1026 1468 casibth
1041 1441 1168 1468 violentis
1184 1449 1237 1467 non
1264 1445 1463 1473 comtuovetur,
1490 1447 1586 1466 eorum
1612 1443 1703 1466 autem

918 1495 1031 1514 ramum
1069 1487 1139 1514 alios
1178 1487 1230 1522 ipsi
1275 1487 1349 1514 ultro
1379 1486 1504 1513 subimus
1540 1485 1568 1512 in
1596 1485 1701 1520 appeti-

918 1533 991 1560 tioue
1034 1533 1168 1567 majorum
1198 1533 1344 1564 bonorum,
1374 1532 1455 1559 veluti
1487 1539 1548 1559 cum
1579 1531 1697 1562 labores,

917 1585 963 1607 aut
993 1579 1131 1614 prrieula,
1171 1586 1218 1606 aut
1243 1578 1317 1606 aliud
1347 1578 1486 1613 quidpiam
1522 1577 1700 1612 suscipimus,

916 1626 975 1653 sine
1000 1625 1098 1660 quibus
1126 1625 1256 1658 consequi
1287 1631 1342 1651 non
1366 1623 1429 1651 licet
1445 1631 1476 1651 ea
1492 1631 1552 1658 quze
1590 1623 1701 1650 deside-

918 1679 1021 1703 ramus,
1048 1671 1091 1697 alii
1118 1677 1182 1698 vero
1211 1678 1290 1698 casus
1322 1677 1374 1697 non
1405 1669 1552 1697 voluntarii
1583 1673 1646 1696 sunt
1675 1673 1702 1695 ct

917 1717 989 1744 ultra
1017 1717 1099 1743 etiam
1137 1723 1190 1743 non
1210 1715 1441 1751 exspectantibus,
1476 1715 1703 1747 oiIeruntur,co-

917 1771 1032 1799 rumque
1059 1764 1100 1799 (ut
1135 1764 1252 1790 breviter
1290 1761 1391 1797 dicam)
1421 1762 1466 1789 alii
1484 1769 1498 1788 a
1532 1753 1647 1788 numine
1676 1765 1705 1787 et

916 1811 1100 1846 gubernatore
1138 1809 1221 1843 hujus
1256 1808 1376 1836 universi
1411 1808 1576 1841 dependent,
1607 1808 1702 1842 cujus-

917 1856 988 1883 modi
1034 1858 1100 1883 sunt
1131 1862 1170 1882 cae
1210 1862 1272 1890 quin
1309 1854 1480 1881 calamitates
1518 1854 1704 1884 nominantur,

916 1902 961 1929 alii
978 1901 1012 1929 ab
1031 1900 1198 1939 hominibus,
1215 1900 1298 1927 veluti
1327 1899 1576 1932 suntoﬂ‘ensiunes,
1595 1903 1622 1926 ct
1646 1907 1704 1926 mo-

916 1947 1011 1979 lestia,
1040 1954 1108 1981 quas
1132 1946 1215 1981 aliqui
1242 1946 1321 1973 nobis
1339 1945 1480 1978 exhibent,
1497 1945 1551 1972 erit
1574 1944 1656 1972 etiam
1675 1945 1702 1971 in

916 2000 1086 2028 unoquoque
1095 1993 1192 2020 borum
1209 1992 1352 2028 peculiaris
1369 1991 1537 2018 fortitudinis
1550 1998 1626 2026 pars,
1641 1998 1702 2026 quae

917 2040 944 2067 id
959 2043 1084 2074 praestet,
1100 2039 1203 2073 nequis
1230 2043 1371 2066 mereatur
1387 2046 1401 2065 a
1419 2040 1501 2066 rebus
1517 2038 1652 2070 adversis,
1675 2041 1702 2064 et

917 2085 1100 2120 perturbetur.
1124 2085 1164 2112 Ac
1187 2084 1356 2118 generositas
1372 2084 1482 2118 quidem
1499 2087 1526 2111 et
1539 2083 1649 2116 liducia,
1675 2083 1702 2110 in

918 2132 951 2159 iis
969 2139 1031 2166 quat
1055 2131 1150 2158 nostri:
1172 2131 1280 2158 arbitrii
1304 2135 1380 2162 sunt,
1394 2131 1421 2157 in
1451 2137 1503 2157 non
1540 2130 1704 2157 voluntariis

71 2174 101 2199 τὸ
115 2174 197 2205 οείον,
217 2175 263 2200 ὲπὶ
281 2175 308 2201 ἢ
327 2176 385 2205 τοῖς
404 2175 473 2210 πρὸς
498 2175 660 2215 ένθρώπους
676 2175 800 2202 πολιτεία

965 2184 1024 2210 em,
1040 2176 1204 2208 constantia,
1221 2177 1247 2203 in
1279 2176 1314 2204 iis
1324 2183 1384 2211 qute
1400 2175 1531 2202 divinitus
1548 2175 1676 2202 actidunt
1692 2183 1701 2207 ;

72 2221 139 2254 πρὸς
153 2220 189 2246 τὰ
214 2220 303 2252 κοινὰ,
320 2221 473 2256 χρηστότης
489 2220 511 2248 δ’
530 2220 564 2248 αὖ
592 2221 661 2257 πρἰς
674 2222 708 2248 τὰ
727 2222 862 2249 ἰδιωτικὰ.

72 2264 207 2299 Φρόνησις
217 2265 245 2290 δὲ
262 2265 278 2300 ἡ
299 2265 349 2300 μὲν
371 2266 435 2300 περὶ
460 2266 495 2292 τὰ
510 2265 570 2292 θεῖά
584 2274 614 2292 τε
630 2268 678 2292 καὶ
693 2267 736 2293 ἀεὶ
751 2266 828 2299 ὄντα,
844 2267 860 2302 ἡ

73 2310 99 2336 δὲ
116 2310 181 2345 περὶ
193 2310 274 2344 φύσιν
286 2319 314 2337 τε
331 2312 379 2337 καὶ
395 2311 429 2338 τὰ
445 2312 585 2346 γινόμενα,
599 2313 615 2346 ἡ
631 2312 660 2338 δὲ
676 2313 740 2347 περὶ
753 2313 863 2348 τὰήμέ-

73 2357 140 2390 rapti
151 2364 180 2382 τε
198 2357 245 2382 καὶ
269 2356 438 2392 ἀνθρώπεια.
452 2357 528 2384 ’Ὧστ’
552 2358 596 2392 εἴη
614 2359 646 2384 ἂν
672 2358 720 2384 καὶ
744 2359 829 2393 αὐτῆς
846 2360 862 2393 ἠ

76 2404 122 2437 μὲν
135 2403 201 2437 περὶ
224 2402 310 2430 ταῦτα
334 2403 366 2438 δὴ
387 2403 420 2430 τὰ
447 2403 615 2438 ἀνθρώπεια,
645 2404 782 2437 εὐὸουλία,
801 2406 816 2441 ἡ
834 2406 862 2432 δὲ

74 2448 138 2482 περὶ
154 2448 246 2482 φύσιν.
268 2449 388 2483 φυσική·
416 2450 432 2483 ὴ
451 2449 474 2475 δ’
498 2449 531 2475 αὖ
546 2451 610 2484 περὶ
635 2450 669 2477 τὰ
687 2450 756 2483 θεῖα,
769 2450 862 2478 θεοσέ-

75 2495 143 2520 6εια.
161 2495 194 2520 Αἱ
212 2494 261 2528 μὲν
279 2494 311 2529 δὴ
324 2494 379 2520 τῶν
392 2496 498 2530 ἀρετῶν
512 2496 579 2522 ἰδέαι
593 2493 685 2528 αὗται,
705 2498 752 2524 καὶ
766 2497 864 2523 τοσαῦ-

76 2548 135 2567 ται·
149 2540 207 2567 ὲνὸν
233 2541 282 2576 μὲν
309 2541 355 2568 καὶ
373 2543 412 2573 είς
427 2542 513 2568 πλείω
539 2552 568 2570 τε
588 2545 635 2570 καὶ
652 2543 685 2569 τὰ
713 2544 863 2578 μικρότερα

75 2586 179 2616 διελεῖν,
199 2587 327 2620 ἀποχρῶν
340 2587 361 2613 δ’
375 2587 440 2619 ἴσως
453 2588 499 2614 καὶ
511 2589 576 2623 ἄχρι
587 2589 734 2616 τοσούτων.
751 2589 862 2616 Τούτων

75 2631 101 2657 δὲ
113 2632 184 2666 ἀρχὴ
204 2632 254 2666 μὲν
275 2632 392 2666 μάλιστα
410 2635 470 2664 ταῖς
495 2634 587 2666 ἄλλαις
606 2634 722 2669 ὅθενπερ
737 2635 862 2670 ἀρξάμε-

76 2685 126 2709 νοξ,
142 2678 190 2703 καὶ
204 2677 257 2703 τῶν
273 2677 374 2705 λοιπῶν
391 2679 510 2713 ἑκάστην
539 2681 604 2715 ῥᾷον
621 2680 746 2714 κτήσαιτ’
761 2681 794 2707 ἄν
811 2689 861 2713 τις,

75 2723 131 2757 ἦγε
148 2725 296 2758 κοσμιότης
311 2724 353 2758 εἴη
363 2725 405 2752 ἄν,
418 2726 478 2751 Τὡν
494 2727 548 2760 γάρ
561 2734 611 2752 που
623 2726 736 2760 ἡδονῶν,
750 2726 777 2752 αἳ
790 2727 863 2762 πρῶ-

76 2779 117 2797 τον
140 2771 219 2805 ἡμῶν
236 2773 281 2798 καὶ
297 2773 328 2798 ἐκ
342 2773 402 2798 νέου
425 2773 599 2806 mpm-1055:,
620 2773 740 2807 μάλιστα
760 2773 864 2808 ἐπιχει-

77 2817 115 2850 ρεῖ
131 2817 241 2852 κρατεῖν
258 2817 327 2852 αὕτη
344 2818 465 2853 ἡάρετὴ,
480 2817 621 2854 διελομὲνη
640 2818 688 2849 τὶς
704 2819 753 2852 μὲν
778 2820 861 2853 ἀναγ-

917 2224 1075 2254 clementia,
1091 2223 1118 2249 in
1143 2223 1177 2251 iis
1190 2230 1250 2256 quae
1277 2222 1312 2249 ab
1348 2222 1505 2249 hominibus
1534 2221 1701 2250 oﬂcruntur.

913 2269 1030 2296 Justitia:
1052 2276 1133 2303 porro
1151 2269 1246 2297 eadem
1264 2269 1332 2296 ratio
1353 2273 1404 2301 est,
1433 2275 1494 2301 quae
1516 2268 1702 2295 conservatrix

913 2323 954 2343 est
981 2316 1040 2350 ejus
1081 2315 1167 2343 nostri
1203 2315 1325 2342 umneris
1359 2322 1416 2350 quo
1452 2322 1514 2342 eum
1540 2321 1703 2349 unoquoque

916 2368 1110 2396 comparamur
1126 2363 1328 2397 (comparamur
1352 2365 1442 2388 autem
1471 2368 1532 2388 cum
1562 2360 1626 2391 Deo,
1641 2365 1702 2387 tan-

916 2415 997 2440 quam
1013 2414 1095 2442 opera
1113 2407 1172 2440 ejus
1192 2412 1217 2434 et
1232 2407 1432 2441 possessiones,
1449 2414 1511 2433 cum
1542 2406 1700 2433 hominibus

914 2459 1016 2486 autem,
1037 2453 1108 2481 sicut
1136 2453 1245 2488 cognati
1259 2454 1346 2481 simus
1365 2453 1510 2484 omnilms,‘
1526 2454 1635 2481 tametsi
1648 2454 1700 2481 alia

915 2499 1001 2526 nostri
1028 2507 1093 2533 erga
1113 2499 1182 2526 alios
1213 2500 1283 2526 ratio
1316 2499 1373 2533 sit).
1391 2499 1450 2526 Erit
1477 2499 1557 2532 igitur
1589 2506 1620 2526 ea
1640 2506 1702 2526 san-

913 2546 994 2573 ctitas
1007 2544 1033 2572 in
1049 2546 1132 2572 rebus
1147 2544 1268 2577 divinis;
1291 2545 1318 2572 in
1336 2545 1462 2573 humanis
1480 2545 1642 2580 respublica,
1660 2552 1703 2571 ra-

915 2591 989 2622 tione
1003 2591 1122 2618 civitatis
1135 2599 1143 2624 ;
1156 2591 1265 2618 bonitas
1281 2596 1381 2623 autem,
1394 2598 1520 2626 respectu
1534 2593 1700 2626 privatorqu

914 2637 1068 2664 hominum.
1093 2636 1152 2663 .lam
1170 2636 1314 2671 prudentia
1331 2637 1382 2664 alia
1400 2642 1524 2664 versatur
1552 2638 1578 2664 in
1597 2638 1696 2665 divinis

914 2686 940 2709 et
956 2681 1108 2716 perpetuis,
1125 2682 1177 2708 alia
1198 2682 1224 2708 in
1241 2686 1337 2708 natura
1353 2686 1380 2708 et
1400 2681 1432 2709 iis
1458 2690 1518 2716 quae
1534 2686 1698 2714 nascuntur,

914 2728 966 2754 alia
999 2728 1026 2754 in
1055 2721 1257 2754 rebus-nostris
1272 2732 1299 2754 et
1323 2727 1451 2754 humanis
1467 2735 1474 2759 ;
1491 2727 1604 2761 proinde
1617 2728 1699 2753 etiam

914 2773 973 2807 ejus
995 2773 1076 2800 fuerit
1102 2781 1134 2800 ca
1149 2781 1220 2808 pars,
1244 2781 1302 2809 qua:
1314 2774 1396 2801 rebus
1425 2774 1552 2801 immanis
1585 2781 1703 2809 occupa-

915 2824 958 2845 tur
984 2820 1090 2847 consilii
1114 2820 1238 2854 capix-ndi
1267 2820 1389 2853 solertia,
1428 2828 1488 2853 qua:
1509 2828 1573 2847 vero
1599 2826 1702 2847 natura:
