1864 3056
48 148 111 181 935
397 149 447 180 DE
469 149 682 180 PLATONICA
702 146 748 179 ΕΤ
770 148 1049 180 ARISTOTELlCA
1068 148 1338 179 PHILOSOPHIA.
1630 148 1684 182 903

52 206 108 237 nit,
121 212 153 232 ea
168 204 299 232 nimirum
310 212 370 240 quae
381 208 410 232 et
419 205 529 240 quando
541 209 650 239 oportet
666 209 853 232 contemnere.
874 204 963 239 Atque
979 204 1015 231 ita
1031 205 1127 231 horum
1150 206 1263 239 quidem
1274 210 1388 240 uterque
1403 198 1588 234 semivitiosus
1617 214 1685 242 quo—

50 251 206 279 dummodo
219 251 310 279 fuerit.
327 252 360 278 At
377 251 422 279 ille
436 252 511 278 omni
525 259 558 279 ex
572 257 649 286 parte
666 252 780 280 vitiosus
794 252 852 279 sive
869 251 1078 284 vitiosissimus.
1097 252 1224 287 bonoque
1237 260 1268 280 ac
1285 253 1400 288 sapienti
1419 254 1538 282 maxime
1574 258 1672 282 contra

51 299 115 326 rius
130 298 310 334 appellandus
327 298 389 330 erit,
406 299 453 334 qui
478 299 522 326 illa
537 299 659 333 quidem,
679 307 741 334 qua:
775 304 884 333 oportet
905 299 1099 334 concupiscere
1112 318 1120 331 ,
1144 304 1318 331 contemnat,
1335 307 1394 334 quae
1418 308 1482 328 vero
1503 302 1610 335 oportet
1623 309 1684 328 con-

51 347 141 374 temni
155 347 343 382 concupiscat,
359 351 387 374 ut
399 347 449 374 hac
463 347 569 374 ratione
580 353 642 374 eum
656 347 702 382 qui
715 347 849 381 utrisque,
873 345 962 381 iisque
977 346 1124 373 contrariis
1137 346 1279 374 aﬂ‘ectibus
1295 347 1341 374 sed
1359 347 1428 375 male
1459 348 1556 380 utitur,
1575 353 1686 377 utrum-

50 402 111 430 que
125 401 187 422 esse
216 393 271 421 dici
297 393 333 420 sit
354 401 484 427 necesse,
509 398 536 421 et
565 394 654 429 ipsum
675 393 804 420 nimirum
830 393 857 420 in
878 393 1069 420 mediocritate
1083 393 1200 428 quadam
1212 401 1261 421 sua
1280 395 1440 428 consistere,
1457 401 1482 423 et
1497 396 1578 422 simul
1612 396 1686 424 bono

50 448 89 468 ac
102 439 220 475 sapienti
237 439 299 466 viro
314 440 435 467 maxime
447 441 628 467 contrarium.
646 440 735 475 Atque
749 440 780 467 de
807 439 848 466 his
869 439 979 474 quidem
1010 441 1151 468 hactenus.

348 487 475 514 ΚΕΦΛΛ.
502 487 540 514 ll“
547 507 554 515 .

91 532 135 560 Τὰ
153 534 183 560 δι
208 534 272 568 περὶ
291 533 338 560 τοῦ
357 534 449 565 τέλους
475 534 550 568 αὐτῴ
576 533 623 562 τοῦ
640 533 758 568 ἐσχάτου
771 532 846 568 λεγό-

52 588 128 613 μενα
146 580 206 610 πῶς
227 579 256 606 οὺ
285 581 399 615 μεμπτὰ
414 581 445 607 οὺ
462 580 492 606 rb
510 581 604 612 καλὸν,
653 581 677 606 οἱ
700 579 735 606 τὰ
750 579 847 615 βελτίω

51 625 221 660 φρονοῦντες
249 622 359 658 πάντες,
374 626 444 653 ἀλλὰ
461 626 510 658 τὴν
536 626 633 661 ἡδονὴν
648 626 783 661 τιθεμένῳ
797 625 848 652 τὰ·

52 672 152 706 γαθὺν,
170 671 341 706 προστιθέντι
360 672 388 699 δὲ
403 673 436 707 δὴ
450 672 496 699 καὶ
508 672 557 707 τὴν
570 672 741 707 θεωρητικήν
755 680 762 704 ;
780 670 848 698 Καί-

53 727 98 745 τοι
117 718 142 744 εί
159 717 241 754 ἡδονὴ
257 718 274 753 ἦ
297 726 330 752 γε
347 717 501 753 θεωρητικὴ
521 718 642 752 τάγαθόν
656 719 740 751 ἐστιν,
758 718 783 744 εἰ
797 718 848 752 μὲν

54 762 176 790 καθόσον
189 762 344 797 θεωρητικὴ
357 762 374 797 ἦ
390 771 421 796 γε
436 762 516 798 ἡδονὴ
529 762 632 796 ἀγαθόν
646 763 715 794 ἐστι,
729 763 759 788 ea
778 762 848 789 θέω-

55 809 117 843 ρεῖν
130 808 225 840 ἅπλῶς
241 808 274 834 ἂν
286 807 329 843 εἴη
349 807 480 842 τὰγαθδν,
497 808 530 834 ἄν
545 816 575 834 τε
594 807 675 843 ἡδονὴ
691 807 766 842 αὐτῷ
779 808 849 843 ἔπη-

55 862 115 885 ·ται,
139 853 173 880 ἂν
199 861 229 880 τε
255 855 301 880 καὶ
319 854 367 889 μή·
382 853 406 879 εἰ
428 853 456 880 δὲ
479 853 510 880 τὸ
533 853 647 888 θεωρεῖν
661 854 777 880 κςθόσον
799 854 847 890 ἡδὺ

54 899 161 933 ἀγαθόν
174 899 242 930 itm,
264 900 280 935 ἡ
295 899 375 935 ἡδονὴ
390 899 423 926 αὖ
444 900 486 934 εἴη
512 899 544 926 ἂν
561 899 654 931 ἁπλῶς
669 900 800 934 τάγαθὸν,
816 900 849 926 ἄν

55 953 86 972 ’τε
99 944 252 978 θιωροῦσιν
267 945 342 979 ἡμῖν,
359 944 391 971 ἄν
404 945 427 970 τ’
445 944 509 971 ἄλλο
522 953 548 971 τι
568 945 717 980 πράττουσι
733 945 847 980 eonﬁat-

56 996 100 1024 νῃ.
121 989 200 1015 Κατὰ
218 989 241 1015 δ’
259 989 415 1024 ἀμφότερον
432 989 481 1023 τὴν
498 989 670 1023 θεωρητικὴν
686 988 784 1023 ἡδονὴν
801 988 849 1014 καὶ

58 1035 178 1062 καθόσον
187 1034 369 1069 θεωρητικὴν,
387 1034 434 1060 καὶ
448 1033 565 1060 καθόσον
578 1033 675 1068 ἡδονὴν
693 1033 848 1069 ὰμήχιινοη,

55 1083 80 1108 si
103 1082 143 1116 μὴ
164 1080 227 1108 καθ’
239 1080 332 1116 ἔτερόν
351 1088 378 1106 τι
395 1079 425 1106 ἓν
450 1079 497 1106 καὶ
521 1079 621 1112 κοινὸν,
640 1079 654 1105 ὃ
668 1079 771 1114 ἀμφοῖν
788 1079 849 1105 τού-

56 1136 115 1155 τοιν
140 1126 270 1162 ὑπάρξοι.
301 1126 349 1154 Ἓν
379 1127 432 1161 γάρ
451 1134 478 1152 τι
502 1127 542 1152 δεῖ
563 1123 634 1152 εἶναι
659 1126 707 1151 καὶ
734 1126 764 1152 τὸ
785 1126 850 1160 ἡμῖν

56 1174 165 1201 ἄνωθέν
184 1181 215 1199 τι
242 1173 290 1199 καὶ
314 1172 368 1199 ἀπὸ
390 1171 438 1198 τοῦ
466 1171 631 1206 ὕπερουσίοο
661 1171 721 1202 ἑνός
747 1179 777 1197 τε
801 1172 848 1197 καὶ

55 1219 169 1255 ἀγαθοῦ
185 1219 290 1254 ὲφῆκον
315 1218 431 1259 ἀγαθον.
459 1218 506 1244 Διὸ
530 1218 576 1244 καὶ
601 1217 686 1259 τᾷλλα
713 1217 777 1252 ἡμῖν
801 1216 848 1244 τοῦ

53 1261 143 1295 αὑτοῦ
170 1265 322 1302 μετέχοντα
346 1257 437 1299 ἀγαθὰ
466 1265 554 1292 ἔσται.
577 1257 674 1299 Ἡμεῖς
692 1263 741 1299 μὲν
755 1262 804 1290 οὖν
819 1263 850 1290 τὸ

53 1314 143 1341 καλὸν
158 1313 225 1340 αὐτὸ
237 1311 307 1339 εἷναι
323 1320 425 1347 φαμεν,
440 1309 471 1339 οὗ
486 1313 535 1338 καὶ
560 1311 661 1347 θεωρία
676 1309 848 1346 μετασχοῦσι

52 1360 161 1394 ἀγαθόν
181 1361 239 1385 ἔστι
261 1359 309 1386 καὶ
328 1359 415 1393 ἡδονὴ
438 1358 486 1384 καὶ
505 1358 570 1385 ἄλλο
597 1359 653 1384 πᾶν
675 1357 775 1384 ὁτιοῦν·
789 1355 849 1383 ἀλλ’

60 1405 258 1441 Ἀριστοτέλης
283 1405 354 1432 ἔοικε
372 1405 416 1431 διὰ
431 1405 509 1430 τοῦτο
525 1405 559 1439 τῇ
580 1404 661 1440 ἡδονῇ
688 1403 719 1430 τὸ
743 1404 850 1437 θεωρη-

53 1454 135 1480 τικὸν
151 1451 377 1487 προπεθεικιναι
392 1451 437 1477 ἵνα
453 1450 502 1483 τὴν
516 1450 621 1477 οἰκείαν
641 1451 707 1485 ἡμῖν
739 1449 849 1484 δηλώσῃ

53 1498 158 1534 ἡδονὴν
182 1498 214 1525 τὸ
244 1498 379 1533 ἡμέτερον
395 1496 497 1531 ἀγαθὸν
523 1494 619 1529 οὖσαν,
634 1496 671 1527 ὡς
691 1495 721 1522 τὺ
736 1495 850 1530 θεωρεῖν

54 1546 195 1580 ἡμέτερον
212 1543 330 1579 μάλιστα.
359 1543 440 1577 ἔργον
461 1543 501 1570 δν.
530 1543 576 1569 Δεῖ
603 1543 656 1577 γὰρ
683 1542 803 1576 τάγαθὸν
819 1541 848 1567 οὺ

55 1591 141 1626 μόνον
159 1589 274 1624 ἀγαθὸν,
292 1588 358 1616 ἀλλὰ
386 1589 434 1615 καὶ
460 1590 525 1624 ἡμῖν
550 1597 579 1615 τε
600 1589 647 1615 καὶ
676 1588 744 1622 πρὸς
774 1588 849 1622 ἡμᾶς

53 1635 141 1667 εἶναι,
157 1637 182 1662 εἰ
196 1635 289 1670 μέλλοι
318 1634 364 1661 καὶ
387 1635 455 1669 ἡμῖν
470 1634 579 1669 αἱρετὸν
594 1633 716 1666 ἔσεσθαι,
730 1634 761 1660 οὺ
780 1633 848 1660 πολύ

55 1692 84 1709 τι
102 1683 233 1716 διάφορον
259 1681 346 1714 λέγων
364 1679 410 1706 τοῦ
427 1679 604 1715 Ἐπικούρου,
621 1681 651 1711 ὃς
670 1688 722 1706 που
750 1679 849 1714 ἡδονὴν

54 1731 109 1764 τῂν
134 1737 166 1762 γε
185 1728 306 1763 ψυχικὴν
329 1726 448 1761 τάγαθὸν
468 1726 581 1753 τίθεται.
605 1726 698 1752 Ἐοικε
723 1726 778 1760 γὰρ
801 1725 850 1751 καὶ

63 1775 228 1810 Ἐπίκουρος
253 1774 319 1809 παρ’
340 1773 544 1807 Ἀριστοτέλους
563 1772 619 1798 τῶν
641 1772 669 1803 ις
684 1772 734 1806 τὴν
752 1771 849 1806 ἡδονὴν

55 1821 148 1854 λόγων
164 1820 306 1855 είληφέναι
321 1819 370 1850 τὰς
386 1819 525 1854 ἀφορμάς.
550 1817 647 1852 Ἦμεῐς
662 1825 694 1851 γε
712 1818 765 1852 μὴν
783 1817 848 1851 βρα-

55 1869 102 1902 χεῖ
124 1867 270 1901 τεκμηρίῳ
293 1865 474 1900 ἐπιδείξωμεν
504 1864 534 1890 οὐ
560 1863 610 1897 τὴν
640 1863 739 1898 ἡδονὴν
763 1860 846 1888 οὖσαν

55 1913 190 1947 τάγαθόν.
213 1912 348 1946 Σύνισμεν
376 1912 431 1945 γάρ
460 1919 510 1937 που
539 1910 605 1944 ἡμῖν
633 1909 726 1940 αὐτοῖς
742 1908 802 1934 τότε
817 1908 849 1942 δὴ

58 1959 181 1992 μάλιστα
201 1956 342 1992 ἡδομένοις
362 1957 412 1991 τὴν
428 1955 603 1990 θεωρητικὴν
622 1955 724 1989 ταύτην
738 1954 848 1989 ἡδονὴν,

56 2004 170 2030 ἐπειδὰν
185 2004 217 2030 ἐκ
231 2002 315 2037 λήθης
343 2004 409 2037 περὶ
437 2001 559 2035 ὀτουοῦνξ
577 2000 849 2036 ἀναμιμνησκόμενοι

56 2050 221 2084 θιωρῶμιν.
239 2049 282 2075 Ἐν
296 2046 337 2080 οἷς
353 2048 375 2074 δ’
389 2048 422 2074 ἂν
437 2048 540 2078 εἰδότες
561 2047 592 2072 ὲκ
605 2045 705 2072 πολλοῦ
719 2045 849 2072 διατελῶ-

59 2104 122 2131 μεν,
143 2095 174 2121 οὺ
191 2094 263 2120 πάνυ
288 2103 341 2120 τοι.
363 2094 393 2120 Et
406 2094 428 2120 δ’
443 2095 459 2128 ὴ
475 2093 557 2128 ἡδονὴ
577 2093 709 2126 τάγαθὺν,
727 2093 775 2119 καὶ
794 2093 850 2118 πᾶν

56 2142 134 2177 ἥδιόν
152 2149 183 2167 τε
207 2141 253 2167 tul.
268 2139 449 2174 αἱρετώτερον
465 2139 512 2165 τοῦ
536 2137 619 2174 ἧττον
636 2140 776 2171 τοιούτου,
794 2139 847 2166 ἔδει

57 2190 107 2214 xit
119 2187 150 2212 τὸ
177 2188 208 2212 ἐκ
228 2186 313 2220 λήθης
329 2185 608 2220 ἀναμιμνησκόμενον
625 2185 751 2220 Θεωρεῖν,
770 2185 849 2220 ἄμει-

58 2234 104 2260 νόν
119 2241 149 2259 τε
167 2231 347 2266 αἱρετώτερον
372 2230 442 2257 εἶναι
466 2231 513 2257 τοῦ
538 2231 581 2257 ἀεὶ
600 2231 732 2257 διατελεῖν
748 2231 848 2258 εἰδότα.

57 2279 116 2306 Νῦν
133 2278 157 2305 δ’
171 2277 218 2306 οὖν
230 2279 284 2304 οὐθ’
300 2278 333 2304 ἂν
349 2276 388 2309 εἷς
405 2278 493 2304 ἐκεῖνο
506 2277 606 2311 μᾶλλον
620 2277 635 2312 ἢ
654 2277 733 2303 τοῦτο
749 2277 850 2312 εὐφρο-

58 2325 112 2351 νῶν
129 2324 228 2350 ἕλοιτο.
248 2323 304 2350 Καὶ
328 2323 392 2357 περὶ
411 2323 462 2357 μὲν
476 2322 530 2349 τῶν
545 2322 732 2356 ’Δριστοτὲλει
757 2323 806 2348 καὶ
822 2324 850 2353 ἐς

58 2372 108 2405 τὴν
123 2370 224 2404 ἠθικὴν
249 2368 446 2403 πραγματείαν
469 2368 499 2394 οὐ
525 2368 616 2399 καλῶς
631 2376 849 2402 πεπραγματευ-

60 2418 169 2452 μένων,
195 2417 254 2442 ὲνὺν
280 2417 328 2442 καὶ
346 2416 432 2443 πλείω
449 2416 497 2442 καὶ
522 2416 586 2451 περὶ¹
602 2417 735 2442 πλειόνων
749 2417 847 2446 εἰπεῖν,

57 2466 133 2498 ιμως
152 2463 259 2498 ἀπόχρη
282 2463 330 2490 καὶ
348 2463 443 2490 mira.
458 2464 496 2490 Οὐ
512 2463 565 2498 γὰρ
583 2462 691 2489 ἅπαντα
707 2462 799 2493 ἁπλῶς
814 2463 849 2488 τὲι

1217 489 1294 517 CAP.
1314 489 1382 517 Xlll.

936 535 965 560 lu
979 541 1026 561 sua
1040 542 1105 562 vcro
1113 534 1147 563 de
1163 535 1216 563 line
1233 536 1331 563 ultimo
1348 536 1542 571 disputatione,
1552 540 1687 573 quomodo

899 580 1141 614 reprehensionem
1176 588 1229 608 nou
1253 581 1380 613 incurrit,
1402 582 1447 609 tibi
1480 590 1533 610 non
1558 584 1688 612 eximium

900 626 968 653 illud
983 634 1014 654 ac
1032 633 1096 653 vere
1113 626 1258 661 pulchrum
1271 649 1278 660 ,
1299 628 1371 662 quod
1388 635 1402 654 a
1423 628 1525 655 virtute
1539 630 1690 664 proﬁcisci-

901 675 954 704 tur,
969 672 1041 700 sicut
1053 679 1149 700 omnes
1164 673 1357 707 sapientiores,
1372 674 1419 701 sed
1431 675 1597 708 voluptatem
1614 684 1690 704 sum—

899 723 974 743 mum
988 717 1129 744 constituit
1144 718 1257 750 bonum,
1270 718 1343 746 illam
1370 727 1432 746 vero
1453 720 1611 755 intelligens
1626 729 1690 749 eon-

900 762 1103 797 templativam?
1127 764 1207 799 Atqui
1225 764 1246 791 si
1270 765 1406 799 voluptas;
1433 773 1464 793 ea
1492 767 1608 801 ratione,
1633 775 1688 803 qua

899 813 940 836 est
953 809 1164 844 contemplativa
1186 819 1326 838 summum
1340 813 1376 840 sit
1392 812 1505 845 bonum,
1517 814 1689 850 quandoqui-

899 855 959 882 dem
976 855 1103 890 voluptas
1119 856 1220 884 bonum
1237 862 1279 885 est
1294 862 1431 892 quatenus
1452 865 1494 886 est
1517 862 1689 896 contempla-

899 901 965 932 tiva,
980 906 1056 929 certe
1071 903 1266 938 contemplatio
1279 911 1327 938 per
1340 912 1369 932 se
1379 904 1597 940 simpliciterque
1607 906 1690 934 fuerit

899 954 1038 974 summum
1070 948 1170 976 bonum
1187 969 1194 982 ,
1221 950 1278 977 sive
1301 949 1426 985 voluptas
1451 951 1524 978 illam
1547 957 1688 987 sequatur,

900 993 957 1020 sive
974 1001 1039 1026 non,
1065 995 1109 1021 sin
1123 1000 1214 1022 autem
1227 996 1421 1030 contemplatio
1437 993 1599 1033 sit'bonum,
1618 1006 1692 1034 qua-

899 1042 979 1065 tenus
1000 1041 1161 1067 suavitateut
1190 1040 1247 1067 sive
1264 1041 1428 1075 voluptatem
1446 1043 1591 1077 quamdam
1610 1043 1691 1072 habet

900 1085 1071 1119 adjunclam,
1097 1088 1153 1111 tum
1177 1086 1302 1120 voluptas
1329 1095 1425 1114 rursus
1441 1088 1600 1123 simpliciter
1613 1097 1690 1118 sum-

902 1138 976 1158 mum
1002 1131 1053 1157 crlt
1071 1130 1185 1163 bonum,
1211 1132 1270 1159 sive
1292 1133 1515 1169 contemplanda,
1534 1135 1592 1162 sive
1616 1135 1689 1163 aliud

901 1176 1007 1210 agendo
1033 1177 1118 1210 ipsam
1150 1185 1360 1211 consequamur.
1380 1178 1502 1215 Utraque
1524 1185 1614 1208 autem
1644 1189 1690 1208 ra-

903 1222 977 1250 tione
1004 1224 1242 1258 eontemplativam
1263 1225 1429 1260 voluptatem
1448 1231 1475 1254 et
1490 1232 1629 1262 quatenus
1648 1234 1690 1256 est

901 1268 1113 1302 contemplativa
1131 1272 1159 1295 et
1174 1274 1311 1303 quatenus
1333 1274 1377 1298 est
1402 1272 1539 1307 voluptas,
1557 1265 1618 1301 esse
1641 1274 1691 1302 bo-

902 1321 966 1340 num
981 1315 1144 1350 neutiquam
1161 1316 1219 1343 ﬁeri
1240 1321 1339 1351 potest;
1368 1318 1420 1346 nisi
1440 1319 1600 1348 intercedat
1617 1321 1690 1348 aliud

902 1360 1041 1394 quoddam
1065 1369 1148 1389 unum
1179 1363 1252 1397 quod
1282 1363 1345 1391 huic
1373 1365 1482 1399 utrique
1508 1368 1692 1394 communiter

902 1407 1051 1436 adhazreat.
1069 1407 1137 1436 Illud
1164 1417 1282 1445 namque
1304 1418 1441 1439 summum
1459 1412 1560 1440 bonum
1576 1413 1692 1448 simplex

902 1458 984 1487 atque
999 1461 1083 1480 unum
1102 1462 1163 1482 esse
1178 1460 1287 1490 oportet
1311 1460 1337 1483 et
1352 1457 1423 1491 quod
1442 1458 1559 1492 desuper
1578 1459 1611 1485 ad
1628 1465 1690 1491 nos,

903 1499 936 1526 ab
953 1499 1054 1531 illoque
1082 1507 1190 1527 summe
1208 1508 1263 1528 uno
1291 1506 1372 1537 atque
1392 1502 1464 1530 bono
1481 1504 1554 1538 quod
1581 1511 1691 1531 omnem

902 1549 1012 1580 superat
1034 1550 1170 1578 naturam,
1186 1548 1357 1581 pervenerit,
1380 1556 1441 1575 cum
1466 1550 1544 1584 cujus
1560 1550 1692 1577 beneﬁcio

903 1591 995 1618 omnia
1013 1592 1118 1627 reliqua
1134 1601 1195 1628 qua:
1210 1593 1339 1620 nimirtnn
1353 1595 1418 1621 illltd
1433 1596 1607 1630 participant,
1622 1596 1692 1624 bona

902 1638 954 1665 tlici
981 1644 1132 1667 merentur.
1159 1639 1213 1667 Nos
1235 1641 1317 1675 igitur
1342 1641 1430 1676 ipsum
1460 1642 1604 1670 honestum
1634 1646 1694 1671 sive

903 1684 1046 1718 pulchrum
1061 1705 1068 1717 ,
1086 1685 1151 1712 illud
1184 1693 1244 1713 esse
1259 1687 1378 1714 dicimus
1394 1706 1402 1718 .
1432 1688 1511 1723 cujus
1525 1689 1606 1716 etiam
1628 1689 1693 1717 dum

902 1731 1098 1764 contemplatio
1117 1731 1145 1758 iit
1157 1732 1293 1767 particeps
1310 1738 1336 1760 et
1354 1734 1455 1760 bonum
1481 1740 1508 1764 ct
1525 1736 1651 1770 voluptas
1666 1743 1694 1763 et

902 1776 1037 1812 quidquid
1053 1777 1125 1804 aliud
1141 1778 1269 1806 clIieitur.
1288 1780 1326 1806 Ac
1340 1780 1446 1807 videtur
1460 1781 1621 1809 Aristoteles
1633 1790 1692 1809 eam

903 1821 938 1848 ob
954 1829 1063 1848 causam
1074 1823 1205 1858 voluptati
1225 1825 1402 1859 coniunxisse
1415 1827 1672 1861 contemplationem
1686 1849 1692 1859 ,

903 1872 931 1894 ιιι
949 1867 1114 1902 voluptatem
1140 1869 1270 1896 nimirum
1295 1871 1376 1898 nobis
1401 1872 1538 1906 propriam
1567 1877 1691 1901 nostrum

900 1920 963 1940 esse
979 1914 1079 1941 bonum
1096 1915 1251 1942 ostenderet
1264 1936 1272 1948 ,
1289 1918 1521 1951 quemadmodum
1534 1920 1616 1946 etiam
1631 1926 1693 1946 ton-

902 1960 1106 1995 templationein
1128 1968 1198 1996 opus
1214 1970 1273 1989 esse
1290 1964 1407 2002 maxime
1423 1970 1561 1991 nostrum.
1578 1964 1693 2000 Oportet

902 2013 1022 2041 namque
1050 2004 1188 2035 summum
1218 2008 1283 2035 illud
1312 2009 1425 2041 bonum.
1445 2018 1498 2036 non
1522 2010 1610 2037 solum
1634 2019 1694 2039 case

902 2053 1016 2084 bonum,
1031 2053 1077 2080 sed
1099 2053 1179 2081 nobis
1193 2062 1303 2089 quoque
1318 2056 1529 2089 accommodari,
1555 2061 1582 2083 et
1594 2057 1626 2084 ad
1644 2065 1695 2085 nos

902 2098 1011 2132 referri,
1034 2099 1056 2126 si
1081 2099 1132 2127 tale
1154 2099 1252 2127 delicat
1275 2101 1392 2135 jntiicari
1405 2122 1413 2134 ,
1434 2102 1505 2136 quod
1519 2103 1553 2128 sit
1568 2102 1639 2129 votis
1654 2101 1694 2129 di-

902 2151 982 2177 gnum
999 2151 1054 2178 prae
1075 2145 1181 2173 caeteris
1195 2145 1325 2172 omnibus
1343 2151 1378 2179 et;
1390 2147 1507 2173 maxime
1521 2154 1536 2173 a
1553 2146 1630 2173 nobis
1645 2146 1693 2174 eli-

903 2189 1033 2222 gendum.
1066 2189 1123 2222 Qua
1143 2191 1169 2217 in
1184 2199 1212 2218 re
1235 2191 1358 2225 proiecto
1386 2191 1430 2218 ille
1462 2198 1515 2219 non
1543 2192 1692 2220 admodum

904 2233 1039 2261 diversam
1061 2235 1094 2262 ab
1109 2234 1227 2268 Epicuro
1240 2239 1334 2263 tuetur
1352 2237 1530 2268 sententiam.
1547 2236 1594 2271 qui
1608 2236 1690 2265 etiam

903 2280 1022 2313 quodam
1043 2279 1069 2306 in
1086 2279 1146 2307 loco
1168 2279 1332 2314 voluptatem
1350 2287 1488 2307 sutnmum
1507 2279 1572 2306 facit
1588 2280 1690 2308 bonum

902 2332 1018 2359 eamque
1037 2325 1180 2360 intelligit,
1198 2332 1258 2359 quae
1275 2325 1300 2351 in
1328 2325 1420 2352 anituo
1436 2324 1512 2352 conti
1531 2327 1573 2352 tit.
1589 2324 1692 2367 t‘jenipe

903 2376 1017 2404 apparet
1048 2370 1136 2405 ipsum
1152 2371 1328 2398 Aristotelrm
1346 2371 1427 2398 etiam
1446 2370 1563 2406 Epicuro
1585 2371 1692 2398 uberri-

903 2424 974 2443 mam
991 2417 1143 2451 prebuissc
1162 2417 1347 2449 occasionem,
1365 2421 1395 2444 ut
1412 2425 1489 2444 suam
1506 2417 1539 2444 de
1553 2417 1692 2452 voluptate

903 2464 1066 2490 sententiam
1088 2463 1220 2490 audacter
1236 2464 1262 2490 in
1276 2463 1394 2490 medium
1413 2463 1535 2497 auertet,
1549 2464 1693 2490 lut‘ndatlt-

65 2510 266 2544 Ἀριστοτέλους
295 2510 361 2544 ἡμῖν
380 2509 505 2545 διορθοῦν
520 2510 677 2545 πρόκειται,
697 2509 765 2535 ἀλλὰ
782 2509 846 2543 περὶ

936 2517 958 2537 te
980 2510 1143 2544 susciperet.
1162 2510 1215 2537 t\'os
1242 2510 1333 2544 itaque
1357 2510 1431 2537 brevi
1445 2510 1560 2545 quadam
1586 2509 1692 2537 ratione

58 2555 110 2582 τῶν
130 2555 267 2590 μεγίστων
283 2556 330 2582 καὶ
351 2556 530 2590 κυριωτάτων
547 2556 636 2581 εἰπεῖν
648 2576 654 2588 ,
677 2557 725 2581 καὶ
740 2551 778 2581 ὦν
796 2555 846 2588 μά-

936 2556 1092 2582 tendemus
1112 2557 1279 2590 voluptatem
1312 2557 1385 2584 illam
1408 2556 1610 2583 Aristoleltcam
1630 2564 1689 2583 non

57 2600 134 2626 λιστα
159 2600 226 2635 πρὸς
254 2600 383 2627 Πλάτωνα
398 2601 606 2636 διενηνεγμένος
630 2601 680 2626 οὐκ
703 2599 785 2634 ὀλίγῳ
814 2598 846 2634 τιξ

936 2608 964 2628 se
994 2608 1130 2627 summum
1161 2601 1274 2628 honuni.
1313 2602 1417 2638 Quippe
1453 2610 1503 2630 nos
1532 2602 1606 2638 ipsos
1634 2607 1691 2629 ιυιιι

59 2647 134 2681 μέσῳ
147 2647 261 2679 τάνδρὸς
283 2647 450 2673 etiamm.

936 2647 1021 2675 axinie
1053 2647 1188 2673 sentimus
1215 2648 1287 2674 illam
1307 2656 1339 2675 ex
1363 2649 1572 2683 contemplando
1594 2656 1691 2683 capere

57 2698 236 2730 voluptatem.
252 2696 361 2730 quando
378 2696 483 2731 aliquid
498 2704 529 2724 ex
558 2696 698 2724 oblivione
734 2696 760 2723 in
777 2697 936 2724 memoriam
971 2700 1127 2723 revocatum
1152 2697 1378 2731 contemplamur.
1406 2698 1472 2731 Quae
1509 2702 1600 2725 autent
1635 2698 1691 2733 jam

55 2745 142 2780 longo‘
163 2748 287 2778 tempore
306 2745 406 2772 animis
430 2745 608 2780 concepimus
623 2766 630 2777 ,
654 2745 845 2780 complcxiqtle
862 2753 968 2777 sumus,
987 2752 1018 2771 ex
1032 2744 1149 2771 illisuon
1182 2745 1277 2772 eodem
1300 2745 1380 2773 modo
1411 2748 1536 2781 capimus
1565 2746 1689 2781 volupta-

55 2797 117 2818 tem.
144 2790 225 2823 Qqu
243 2791 267 2818 si
287 2791 342 2826 jam
368 2792 498 2825 voluptas
523 2800 660 2819 summum
679 2793 716 2820 sit
734 2792 846 2824 bonum,
869 2791 990 2826 illudque
1007 2791 1078 2826 quod
1102 2791 1214 2818 suavius
1233 2797 1275 2819 cst
1304 2797 1329 2818 et
1344 2792 1504 2827 jucundius,
1521 2793 1618 2821 melius
1637 2803 1645 2828 ;
1668 2795 1690 2822 si

53 2845 76 2866 et
101 2840 191 2873 magis
221 2841 400 2872 expetendum
423 2838 512 2866 altero
541 2839 614 2874 quod
644 2839 736 2866 minus
772 2838 854 2866 habet
873 2838 1013 2865 suavitatis
1029 2841 1054 2864 et
1079 2837 1277 2871 jucunditatis,
1295 2844 1406 2864 necesse
1429 2839 1482 2865 erit
1499 2839 1582 2867 etiam
1617 2841 1690 2867 illam

54 2895 144 2914 rerum
162 2894 194 2913 ex
216 2886 351 2913 oblivione
366 2888 392 2913 in
414 2887 633 2916 recordationem
659 2892 848 2914 revocatarum
869 2884 1126 2920 contemplationem
1148 2884 1329 2913 ettncliorcm
1366 2891 1426 2913 esse
1442 2889 1469 2912 et
1490 2887 1577 2920 magis
1609 2894 1692 2922 expc-

241 2936 375 2965 l’Al‘ttoL.
395 2935 454 2966 Gn.
476 2936 564 2966 CLX.
1491 2934 1530 2964 29
