1864 3056
176 120 228 154 90⁵1
768 114 929 145 GEORGII
955 113 1182 144 PLETHONIS.
1259 137 1263 140 .
1755 108 1810 138 908

180 179 288 206 tendam
319 176 402 205 altera
431 175 489 208 illa,
524 173 551 201 in
584 179 638 208 qua
661 171 722 207 quis
757 175 887 206 perpetuo
912 169 1001 197 sciens
1021 169 1170 204 perstiterit
1193 175 1224 197 ac
1254 167 1446 204 perseverarit.
1469 166 1529 194 lam
1557 167 1638 202 igitur
1666 165 1810 192 omnibus

179 231 252 252 sana:
267 223 365 251 mentis
383 220 541 249 hominibus
558 217 762 254 diiudicandum
774 215 964 250 relinquimus,
986 220 1077 242 ntrurn
1095 215 1159 242 illud
1178 215 1264 250 magis
1296 222 1376 246 quam
1394 214 1447 241 hoc
1463 213 1498 241 sit
1532 211 1765 248 amplectendam
1783 218 1811 239 et

177 270 314 306 quodnam
338 277 370 296 ex
393 268 499 296 duobus
517 267 570 295 illis
583 267 620 294 sit
645 266 854 302 praeferendum.
870 266 959 301 Atque
978 265 1065 294 dehis
1079 265 1188 301 quidem
1202 265 1344 297 hactenus,
1363 271 1424 298 qua;
1462 262 1586 290 videlicet
1607 261 1642 289 ad
1675 260 1810 295 disputa-

179 305 280 347 tionem
296 316 452 344 Aristotelis
466 315 500 342 de
518 314 641 342 moribus
665 314 814 348 pertinent,
833 313 878 341 ubi
903 319 970 340 sane
989 312 1040 341 etsi
1056 313 1132 347 plura
1146 312 1200 340 sint
1212 319 1272 347 qua:
1283 310 1521 346 reprehensionem
1549 312 1726 337 mereantur,
1758 305 1809 332 ista

178 369 268 392 tamen
297 363 378 390 modo
409 360 560 388 sufﬁciant.
585 359 679 392 Neque
706 359 779 386 enim
807 358 894 386 nostri
917 362 960 386 est
978 358 1434 387 institutiomniaeommemorare.
1464 355 1490 382 in
1508 353 1610 389 quibus
1637 351 1810 380 Aristoteles

177 408 288 438 erravit,
311 407 357 435 sed
373 405 533 442 principalia
550 405 683 432 duntaxat
697 409 724 442 et
747 404 875 436 maxima,
905 404 1111 439 praesertimque
1136 404 1184 432 illa
1216 404 1242 431 in
1269 403 1369 438 quibus
1401 409 1454 429 non
1491 401 1607 435 exiguo,
1646 397 1697 426 sed
1726 397 1810 431 longo

177 453 320 483 intervallo
343 453 485 480 Platonem
510 451 658 485 relinquit,
677 451 712 479 ab
739 459 827 486 eoque
847 450 961 477 multum
980 449 1116 478 dissentit.

491 497 566 525 CAP.
576 497 643 524 XIV.
975 498 999 526 Λ

975 498 999 526 Λ
1309 494 1432 522 ΚΕΦΑΛ.
1452 494 1501 522 IA'.

213 546 339 573 Dicamus
354 545 410 580 jam
436 543 537 579 aliquid
550 543 631 571 etiam
645 542 680 571 de
712 542 780 570 ccelo
804 546 830 569 et
864 542 949 576 quinti

1071 543 1163 578 λητέον
1183 542 1211 569 δὲ
1234 542 1283 577 ἤδη
1304 550 1331 568 τι
1354 542 1401 567 χαὶ
1421 539 1486 574 περὶ
1500 538 1553 566 τῶν
1574 539 1604 570 ἐς
1620 538 1667 566 τὸν
1684 538 1807 573 οὐρανὸν

176 599 292 626 corpore
303 590 376 625 quod
394 590 554 617 Aristoteles
573 589 676 624 primus
703 587 816 615 etiinxit.
833 587 912 620 Quatl

1069 589 1087 625 ᾧ
1118 590 1166 616 καὶ
1195 589 1225 615 τὺ
1257 588 1384 621 πέμπτον
1405 586 1490 621 ’σῶμα
1514 584 1805 619 κεκαινολογημένων.

175 644 236 664 esse
251 636 278 663 in
296 635 347 663 hoc
365 635 514 669 conspicuo
525 634 583 662 sive
602 633 671 661 etelo
688 633 744 660 sive
759 631 860 660 mundo
873 632 911 667 pri

1071 644 1139 670 rapa
1154 635 1189 661 τὰ
1206 634 1382 669 πρεσῦύτερσ.
1406 632 1460 659 τῶν
1480 632 1509 659 ὲν
1528 631 1597 665 τῷδε
1625 630 1666 665 τῷ
1691 630 1807 664 οὐρανῷ

175 689 202 710 et
218 681 410 716 antiquissima
435 687 561 715 corpora,
589 683 645 707 tam
679 679 835 714 superiores
865 686 909 706 om

1071 681 1148 708 ﬁ.sz
1162 680 1230 707 οἵτε
1255 679 1360 706 ἀνωθεν
1385 677 1486 709 πάντες
1504 677 1600 712 σοφοὶ,
1617 675 1669 702 καὶ
1689 676 1720 702 οι
1741 674 1807 710 περὶ

175 728 328 763 philosophi
341 735 423 762 quam
435 726 566 754 Platonici
577 733 631 754 uno
645 733 693 754 ore
702 725 847 757 aﬂirmant,
858 725 911 760 igni

1071 726 1148 754 ιτωνά
1164 734 1241 759 φασι,
1255 725 1323 760 πῦρ,
1338 724 1416 758 ἀέρα,
1437 723 1521 758 ὕδωρ,
1541 722 1604 757 γῆν.
1621 721 1738 748 Τούτων
1750 719 1807 755 τι-Ξρ

173 776 514 807 aerem,aquam,terram.
531 772 620 805 Atque
636 778 668 798 ex
689 770 731 798 his
748 769 854 804 quidem
872 769 907 802 igi

1080 774 1129 800 καὶ
1148 772 1200 806 γῆν
1225 770 1412 798 ἐναντιώτατα
1429 771 1501 805 ἔχειν
1517 769 1584 804 πρθις
1601 767 1726 803 ἀλλήλω·
1749 767 1805 802 πῦρ

177 823 204 846 et
219 823 319 845 terram
336 817 388 845 sibi
406 817 523 844 invicem
543 823 603 843 esse
625 816 744 842 maxime
767 814 913 847 contraria,

1085 818 1252 853 κουφότερόν
1267 826 1297 844 τε
1311 817 1341 844 ὃν
1359 817 1402 844 διὰ
1419 816 1558 851 μανότητα
1570 815 1620 842 καὶ
1636 815 1728 845 πᾶσιν
1748 816 1806 840 επι-

176 864 250 899 quod
266 863 336 898 ignis
365 867 406 890 est
419 862 514 895 levior,
533 865 642 896 propter
670 861 824 900 raritatem,
844 865 870 888 et
884 867 912 887 su

1069 864 1140 896 ἀζον·
1156 865 1209 898 γῆν
1222 864 1251 890 δὲ
1267 863 1423 898 βαρυτάτην
1442 862 1487 889 διὰ
1509 861 1668 894 πυκνότητα
1683 860 1734 886 καὶ
1755 861 1805 886 πᾶ-

174 917 251 936 mum
263 908 367 935 obtinet
384 907 484 941 locum,
501 911 572 934 terra
600 911 689 934 autem
705 903 867 942 gravissima
879 914 910 941 pr

1071 909 1270 944 ὑφισταμένην·
1284 910 1353 944 ἀέρα
1375 908 1404 935 δὲ
1427 908 1474 935 καὶ
1492 907 1563 942 ὕδωρ
1586 907 1616 933 ἐν
1641 907 1725 941 μέσῳ
1739 905 1802 933 τού-

179 961 219 982 ter
237 955 412 987 densitatem,
429 959 456 981 et
471 961 551 988 quam
567 953 694 980 omnibus
712 953 772 980 aliis
783 957 823 980 est
836 952 914 986 subje

1068 966 1070 976 ν
1086 956 1130 983 διά
1148 956 1179 982 τὸ
1201 956 1248 982 καὶ
1275 955 1426 990 μανότητός
1446 963 1475 980 τε
1493 954 1540 980 καὶ
1555 953 1729 987 πυκνότητος
1756 952 1804 986 μέ-

177 1000 319 1028 elcmentis
333 1009 340 1026 τ
357 1007 446 1027 aerem
461 1006 524 1027 vero
535 1003 665 1033 etaqunm
676 998 702 1025 iu
715 998 804 1025 medio
818 997 911 1025 ambor

1093 1002 1166 1038 ἔχειν
1192 1002 1296 1029 αὑτοῖν.
1312 1001 1405 1036 Ταύτῃ
1428 1001 1460 1036 δὴ
1482 1002 1528 1027 καὶ
1556 1000 1622 1036 περὶ
1645 999 1763 1034 κινησὲν
1776 1007 1803 1025 τε

179 1051 289 1081 propter
314 1051 341 1073 et
367 1045 507 1072 raritatem
536 1049 562 1072 et
588 1044 760 1077 densitatem,
786 1044 901 1071 mediam

1077 1049 1148 1075 κατά
1169 1048 1219 1084 τὴν
1243 1047 1340 1082 φορὰν,
1366 1048 1415 1074 καὶ
1432 1042 1618 1080 στάσιν,’πῦρ
1634 1045 1685 1079 μὲν
1702 1044 1740 1072 αὖ
1759 1045 1803 1070 καὶ

177 1098 325 1126 utrumque
352 1091 453 1119 habere
471 1091 614 1118 rationem.
635 1089 736 1117 Eodem
750 1094 840 1117 autem
869 1097 911 1116 mo

1079 1094 1146 1128 πρὸς
1162 1093 1270 1128 ἀλλήλω
1290 1091 1476 1119 ιναντιώτατα
1501 1091 1574 1125 ἔχειν
1587 1110 1594 1123 ,
1610 1091 1681 1125 ἀέρα
1708 1090 1739 1117 δὲ
1758 1090 1802 1116 καὶ

177 1138 248 1174 quod
266 1139 298 1166 ad
320 1143 422 1165 motum
442 1137 549 1169 attinet,
575 1136 676 1164 latione
694 1141 720 1163 et
736 1136 827 1171 quiete
842 1137 913 1163 invic

1067 1147 1086 1174 ηρ
1102 1141 1131 1164 ὲν
1148 1138 1225 1174 μέσῳ
1242 1137 1358 1167 τούτοιν.
1375 1137 1405 1164 El
1421 1137 1443 1164 δ’
1461 1137 1476 1171 ἠ
1492 1136 1528 1171 γῆ
1543 1136 1684 1170 ἀκίνητος.
1700 1136 1735 1162 τδ
1749 1134 1803 1169 πῦρ

177 1184 319 1219 distingui,
337 1190 369 1211 ac
385 1184 475 1218 ignem
489 1183 599 1218 quidem
624 1189 719 1210 rursus
734 1186 760 1209 et
777 1187 879 1209 terram
906 1190 913 1209 ε

1067 1165 1104 1219 έῐη
1119 1165 1340 1218 ἀειικίνίητονλαὶ
1352 1183 1404 1216 ἔτι,
1421 1184 1444 1210 εἰ
1563 1182 1597 1216 γῆ
1613 1165 1760 1217 ἀκινήτος.
1776 1165 1803 1208 :lt

177 1232 293 1259 invtccm
319 1231 437 1258 maxime
462 1237 522 1258 esse
551 1230 700 1262 contraria,
727 1236 816 1256 aerem
842 1236 905 1256 vero

1067 1229 1136 1265 ὕδωρ
1161 1230 1292 1264 κινητὸν,
1315 1229 1361 1256 τοῦ
1387 1229 1410 1256 δ’
1433 1229 1515 1264 ἀέρος
1543 1223 1611 1255 πολὺ
1630 1230 1666 1263 τῇ
1695 1230 1803 1261 κινήσει

177 1285 285 1313 aquam,
316 1277 404 1304 medio
426 1276 459 1304 ad
488 1280 633 1311 utrumque
663 1276 723 1304 loco
749 1283 778 1303 se
809 1275 913 1302 habere.

1066 1276 1184 1311 τόμενον,
1201 1275 1255 1310 ἀὴρ
1265 1275 1288 1302 δ’
1304 1275 1398 1306 ὓδατος
1410 1275 1500 1309 πολλῷ
1511 1275 1549 1309 τῷ
1564 1274 1705 1301 κινεῖσθαι
1720 1275 1802 1308 Omp—

178 1324 268 1358 itaque
296 1327 367 1349 terra
404 1321 440 1349 sit
466 1321 624 1354 immobilis,
645 1321 735 1356 ignem
770 1329 882 1350 necesse
908 1329 914 1348 ε

1065 1321 1127 1355 λων,
1144 1321 1195 1348 κᾶν
1217 1320 1271 1356 πῦρ
1297 1321 1376 1356 ἀέρος
1400 1330 1431 1348 τε
1455 1320 1614 1357 ὑπερϐάλλῃ
1643 1320 1741 1354 πολλῷ
1765 1320 1801 1346 ἔτι

178 1373 308 1403 perpetuo
323 1367 437 1399 moveri,
454 1370 480 1393 et
491 1371 631 1402 praeterea,
646 1366 670 1393 si
700 1371 770 1394 terra
793 1367 904 1401 quidem

1067 1368 1116 1394 λον
1132 1368 1171 1403 τῷ
1197 1368 1343 1400 κινεῖσθαι,
1376 1369 1423 1395 καὶ
1450 1367 1605 1402 ἀεικίνητον
1637 1367 1693 1402 εἴη·
1728 1367 1753 1393 ει
1783 1366 1803 1393 δ’

178 1414 337 1446 immobilis,
355 1417 411 1439 tum
426 1420 496 1447 aqua
505 1412 658 1440 movebitur
670 1412 791 1447 quidem,
806 1413 852 1441 sed
870 1413 914 1440 mii

1051 1413 1180 1449 ικίνητον,
1199 1415 1250 1441 κάν
1275 1414 1366 1448 κύκλῳ
1388 1415 1498 1442 κινοῖτο.
1522 1413 1581 1440 Ἐπ’
1600 1413 1666 1440 εὐθὺ
1682 1413 1744 1448 γὰρ
1760 1422 1787 1439 ἰιι

178 1468 259 1495 quam
275 1467 332 1491 aer,
350 1458 395 1494 qui
411 1463 486 1486 tanto
512 1457 599 1494 magis
616 1459 766 1487 movebitur
782 1466 864 1494 quam
879 1467 912 1494 aq

1066 1469 1146 1495 μενον
1165 1461 1214 1495 οὐχ
1231 1457 1288 1486 οἷόν
1300 1468 1330 1487 τε
1343 1460 1403 1487 οὐδὲ
1418 1460 1530 1495 κινητὸν
1541 1457 1623 1488 εἶναι.
1638 1460 1802 1487 Παύσασθαι

177 1512 280 1542 quanto
299 1506 342 1534 ille
355 1506 426 1540 quod
444 1506 477 1533 ad
501 1510 618 1539 motum,
631 1512 647 1533 a
664 1513 792 1541 supremo
816 1513 913 1540 supera

1065 1515 1147 1533 more
1183 1506 1291 1542 ἀνάγκη
1322 1506 1352 1532 τὺ
1369 1506 1412 1533 ἐπ’
1433 1506 1498 1533 εὐθὺ
1524 1506 1685 1540 κινούμενον
1707 1505 1801 1533 τούτου

180 1553 250 1588 igne,
263 1560 343 1587 quem
359 1551 459 1578 ideirco
475 1551 499 1578 in
518 1556 648 1587 perpetuo
657 1559 718 1579 esse
736 1556 810 1578 motu
823 1551 913 1579 fatend

1073 1553 1198 1588 σώματος
1214 1549 1285 1578 εἶναι
1301 1552 1347 1579 τόν
1361 1561 1391 1579 τε
1404 1551 1501 1586 αἰθέρα
1517 1552 1565 1579 καὶ
1580 1553 1635 1579 πᾶν
1650 1551 1682 1578 τὺ
1696 1551 1801 1578 ἀνωτά-

179 1599 240 1625 erit.
257 1597 334 1631 Quod
349 1597 371 1625 si
389 1602 518 1632 perpetuo
533 1602 667 1630 movetur,
691 1596 853 1624 circularem
869 1597 915 1624 υῐίι

1079 1599 1171 1633 σῶμα,
1190 1598 1306 1633 οὐρανόν
1325 1606 1355 1624 τε
1385 1598 1459 1629 ἰδίως
1485 1597 1664 1633 καλούμενον.
1687 1598 1801 1629 Τούτοις

180 1643 290 1671 habebit
314 1647 427 1670 motum.
444 1641 472 1668 Id
494 1648 611 1675 namque
637 1642 708 1675 quod
723 1646 797 1668 recta
826 1645 916 1668 movet

1064 1653 1071 1676 ς
1100 1644 1189 1678 λόγοις
1213 1644 1239 1671 τί
1268 1644 1338 1679 ἔχων
1363 1641 1521 1678 μέμψασθαι
1547 1644 1748 1679 Ἀριστοτέλης
1773 1645 1800 1670 τὺ

180 1697 234 1716 non
249 1692 338 1724 potest
361 1687 487 1714 mobilem
513 1687 652 1721 possidere
675 1691 813 1714 naturam.
840 1687 916 1720 Quie:

1064 1697 1140 1716 ιπτον
1163 1689 1243 1724 σῶμα
1268 1689 1520 1724 κεκαινοτιοίηκεν;
1547 1690 1606 1716 Ἐπ’
1628 1690 1706 1722 εὑθίι,
1726 1691 1800 1725 φησὶ,

178 1736 250 1763 enim
289 1735 396 1762 tandem
437 1733 594 1767 aliquando,
628 1733 700 1768 quod
739 1737 842 1760 rectum
882 1733 914 1759 ha

1061 1735 1165 1768 ;όμενον
1183 1736 1280 1771 ὁρᾶται
1305 1735 1335 1761 τὸ
1363 1735 1440 1770 πῦρ,
1469 1737 1482 1762 ὸ
1506 1736 1529 1762 δ’
1548 1736 1664 1771 οὐρανδς
1695 1738 1797 1772 κὺδὶλῳ.

181 1788 292 1810 motum.
311 1780 408 1808 Aither
421 1780 512 1814 itaque
528 1784 555 1808 et
575 1787 657 1807 omne
683 1787 841 1814 supremum
854 1786 917 1813 corp

1060 1781 1091 1807 rt‘
1111 1781 1160 1808 οὐκ
1185 1781 1218 1808 ἂν
1236 1781 1278 1816 εἴη
1303 1781 1358 1816 πῦρ
1377 1782 1391 1808 ὁ
1408 1781 1522 1817 οὐρανὸς
1544 1783 1578 1809 τὰ
1595 1782 1641 1809 τοῦ
1661 1782 1796 1818 σώματος.

181 1829 326 1863 ipsumque
356 1826 429 1862 quod
458 1826 494 1853 ita
527 1826 636 1861 proprie
665 1826 822 1853 nominatur
852 1825 917 1852 cmlu

1062 1828 1103 1855 ιλά
1128 1829 1174 1854 καὶ
1190 1829 1206 1863 ὴ
1229 1829 1265 1863 γῆ
1281 1829 1419 1863 φερομένη
1438 1829 1468 1855 τέ
1488 1838 1553 1856 ποτε
1568 1831 1675 1864 ὁρᾶται,
1690 1833 1741 1859 καὶ
1759 1832 1798 1857 ἐπ’

180 1875 261 1901 talum
290 1874 399 1901 habebit
427 1879 573 1905 naturam,
604 1880 686 1908 quam
718 1879 802 1907 nuper
835 1871 916 1898 dixiin

1058 1874 1081 1900 ib
1093 1874 1254 1909 φερομένη·
1287 1874 1354 1900 ἀλλά
1381 1874 1459 1900 τοῦτο
1487 1875 1538 1909 μὲν
1568 1875 1703 1912 ἀλλοτρίῳ
1730 1878 1794 1912 αὐτῇ

180 1920 241 1947 Jam
255 1919 396 1946 videamus
411 1918 512 1953 quibus
530 1918 688 1945 Aristoteles
706 1918 786 1946 nixus
809 1917 916 1946 rationi]

1058 1929 1090 1955 τῳ
1105 1920 1234 1955 γεγονυίᾳ
1260 1921 1390 1947 ἑκάστοτε
1415 1920 1572 1954 συμὸαἱνεν
1598 1923 1627 1953 ἐς
1652 1922 1683 1949 δὲ
1700 1923 1749 1950 τὸν
1761 1924 1794 1950 ol-

180 1970 274 1992 coutra
291 1973 338 1992 nos
351 1972 450 1991 novum
475 1964 540 1990 illud
555 1964 680 1998 quintum
693 1970 793 1997 corpus
816 1961 913 1990 el'ﬁuxe

1057 1967 1089 1991 ἴον
1112 1966 1252 2000 ἀφιγμένη
1271 1966 1348 2001 μένει
1377 1967 1426 2002 ἤδη
1444 1986 1452 1998 ,
1480 1968 1528 1994 καὶ
1552 1968 1603 1994 οὐκ
1623 1968 1666 1995 ἔτι
1684 1969 1793 2005 φέρεται

182 2011 323 2042 Videmus,
341 2011 388 2042 ait,
399 2011 488 2045 ignem
505 2014 607 2036 rectum
623 2009 724 2037 habere
736 2014 851 2042 mutum,
865 2008 915 2036 cccl

1068 2011 1135 2047 πρὸς
1152 2011 1231 2038 τοῦτο
1246 2013 1382 2046 πεφυκυῖα
1398 2013 1512 2047 μᾶλλον.
1527 2013 1559 2040 Τί
1575 2012 1621 2041 οὖν
1636 2015 1738 2043 κωλύει
1753 2017 1794 2043 καὶ

183 2061 272 2082 autem
300 2053 473 2081 circularem.
503 2052 672 2088 Quapropter
699 2053 769 2088 ignis
799 2054 919 2081 diversat:

1065 2057 1120 2092 πῦρ
1146 2058 1239 2092 ἐπειδὴ
1261 2058 1288 2084 ἐν
1315 2058 1450 2094 ἀλλοτρίῳ
1474 2060 1550 2094 τόπῳ
1563 2061 1740 2096 γιγνόμενον,
1756 2062 1796 2088 ὲκ¹

182 2103 253 2129 cudo
267 2100 398 2128 obtinebit
413 2104 550 2127 naturam.
583 2099 627 2132 At,
660 2100 822 2134 respondeo,
844 2100 918 2128 viden

1057 2102 1081 2128 ib
1098 2102 1248 2137 φερόμενον
1276 2103 1407 2131 ἑκάστοτε
1431 2105 1540 2140 ὁρᾶται,
1563 2108 1666 2141 ταύτην
1683 2108 1736 2142 μὲν
1751 2109 1793 2142 τὴν

181 2149 262 2176 etiam
281 2145 563 2183 quandoque_moveri
578 2149 605 2173 et
636 2150 708 2173 recto
744 2146 854 2181 quidem
875 2154 917 2174 mo

1058 2148 1104 2182 ράν
1118 2148 1178 2174 τότε
1192 2148 1338 2182 κινεῖσθαι,
1355 2149 1444 2176 κοινὸν
1468 2149 1497 2176 ὃν
1511 2150 1596 2178 ἅπασι
1625 2151 1731 2184 τούτοις
1746 2154 1794 2183 τοῖς

183 2195 299 2230 idipsum
316 2198 405 2221 autem
428 2198 492 2220 tunc
508 2192 674 2227 contingere,
692 2192 802 2227 quando
822 2192 849 2219 in
876 2193 919 2220 alit

1058 2203 1125 2230 μασι
1148 2194 1178 2221 τὸ
1203 2197 1232 2222 ὲν
1250 2195 1382 2231 ἀλλοτρίῳ
1397 2197 1521 2231 γεγονόσι
1539 2199 1612 2233 τόπῳ
1630 2198 1741 2225 εὐθεῖαν
1754 2199 1794 2231 φέ-

182 2242 306 2269 eonsistit
329 2240 399 2268 loco.
432 2238 639 2274 Quamprimum
669 2239 762 2274 itaque
773 2246 806 2266 eo
830 2246 918 2274 pervei

1057 2241 1125 2273 ςθαι,
1141 2241 1184 2268 ἵνα
1193 2242 1321 2278 ταύτῃζδὴ
1336 2243 1382 2269 καὶ
1398 2243 1436 2273 ὼς
1448 2242 1564 2276 τάχιστα
1579 2244 1625 2269 ἐπὶ
1639 2243 1684 2270 τὸν
1699 2245 1793 2270 οἰκεῖοι

181 2295 236 2324 quo
265 2287 390 2322 pertinet,
419 2291 476 2313 tum
495 2286 622 2321 quiescit,
638 2292 688 2312 nec
704 2285 821 2320 amplius
841 2292 917 2313 move

1058 2286 1151 2319 ίκοιτο,
1170 2287 1279 2314 ἐπειδὰν
1305 2288 1333 2315 δὲ
1361 2289 1391 2315 ἐν
1413 2288 1451 2323 τῷ
1472 2289 1569 2324 οἰκείῳ
1595 2289 1703 2323 γένοιτο
1715 2291 1792 2323 τόπῳ.

182 2340 311 2368 tanquam
328 2332 360 2359 ad
381 2332 433 2359 hoc
449 2333 538 2366 ipsum
557 2331 628 2359 illius
647 2330 733 2366 magis
756 2331 792 2358 sit
808 2338 918 2366 compar

1056 2341 1076 2358 τε
1100 2332 1132 2367 δὴ
1148 2332 1197 2359 καὶ
1211 2333 1304 2366 κύκλῳ
1329 2333 1464 2360 κινεῖσθαι
1486 2334 1555 2369 πρὸς
1572 2335 1651 2361 τοῦτο
1676 2336 1792 2370 πεφυκὸς

179 2386 289 2407 natura.
304 2378 372 2412 Quid
388 2378 470 2413 igitur
481 2377 593 2410 mirum,
608 2377 631 2404 si
647 2377 734 2412 ignem
750 2377 845 2409 etiam,
857 2385 915 2411 quat

1058 2378 1117 2405 λλον
1133 2387 1141 2412 ;
1157 2380 1181 2405 τί
1195 2379 1217 2406 δ’
1232 2379 1306 2414 αὐτῷ
1322 2379 1352 2406 τὸ
1367 2379 1493 2413 πέμπτον
1510 2381 1600 2407 έκεῖνο
1613 2381 1693 2415 σῶμα
1708 2383 1736 2408 εἴ
1743 2389 1792 2411 πως

183 2428 208 2453 in
225 2426 314 2453 alieno
330 2425 413 2452 fuerit
445 2424 520 2457 loco,
534 2427 606 2451 recta
625 2423 688 2450 ferri
700 2424 862 2457 quandoque
874 2422 916 2450 vid

1056 2424 1099 2451 τοῦ
1114 2433 1140 2451 τι
1164 2426 1257 2461 μόριον
1272 2427 1300 2452 ἐν
1325 2426 1457 2461 ἀλλοτρίῳ
1471 2426 1613 2460 ἔγγίγνετο
1631 2428 1706 2462 τόπῳ
1719 2436 1728 2462 ;
1751 2428 1792 2454 Πό-

183 2480 254 2504 mus,
270 2471 365 2499 eodem
394 2470 523 2497 nimirum
550 2475 636 2502 motu,
653 2469 700 2503 qui
727 2469 763 2496 sit
777 2469 905 2496 omnibus

1055 2480 1086 2505 ρα
1099 2471 1180 2498 αὑτοῦ
1199 2473 1279 2506 μένον
1293 2471 1386 2506 κύκλῳ
1404 2472 1546 2507 ἐστρέφετ’
1562 2473 1595 2499 ἀν
1609 2481 1616 2505 ;
1640 2473 1656 2509 ἢ
1671 2473 1717 2500 ἐπ’
1737 2473 1791 2501 εὐθὺ

182 2518 341 2554 corporibus
354 2517 507 2545 communis
528 2523 598 2551 quae,
608 2517 629 2543 si
640 2515 727 2543 alieno
734 2515 885 2542 consistant
897 2515 918 2542 Io

1056 2518 1126 2552 ῖχθὲν
1147 2497 1206 2544 ἐπὶ.ι
1220 2517 1265 2544 τδν
1287 2498 1387 2544 οξκεῐον
1406 2497 1514 2551 ἆοίκιὲέ

174 2569 256 2592 recta
285 2564 420 2596 feruntur,
437 2570 490 2597 quo
512 2562 609 2598 possit.
634 2560 757 2588 videlicet
783 2560 828 2588 ille
858 2568 910 2595 quo

1058 2572 1071 2588 ν
1097 2563 1245 2597 τεττάρων,
1276 2564 1353 2598 φησὶ,
1388 2563 1489 2590 τούτων
1520 2565 1655 2599 σωμάτων
1672 2567 1791 2593 ἁπάντων

182 2620 265 2647 quam
278 2611 408 2637 citissime
429 2609 462 2636 ad
483 2616 562 2636 suum
592 2608 734 2643 pervenire
763 2607 862 2640 locum,
883 2616 918 2643 qu

1056 2611 1088 2636 τὰ
1112 2610 1182 2644 μέρη
1207 2609 1407 2644 φθειρομένων,
1431 2610 1479 2636 καὶ
1502 2610 1556 2636 οὐδ’
1581 2612 1693 2638 ὁτουοῦν
1714 2613 1792 2640 αὐτῶν

183 2659 237 2694 ipsi
258 2662 354 2685 natura
379 2655 526 2684 destinavit
552 2661 579 2683 et
604 2659 748 2691 postquam
784 2656 810 2682 in
838 2655 885 2682 illo
905 2655 915 2690 j

1052 2663 1104 2690 ,ντη
1122 2655 1260 2691 ἀφθάρτου
1282 2655 1368 2688 ὄντος,
1389 2655 1495 2690 ἀνάγκη
1515 2653 1586 2683 εἰναὶ
1602 2666 1631 2683 τε
1648 2659 1694 2685 καὶ
1712 2659 1788 2691 πάντη

183 2709 320 2737 versatur,
335 2705 361 2730 in
376 2703 470 2730 orbem
489 2702 601 2735 moveri,
616 2706 745 2736 tanquam
762 2702 794 2728 ad
811 2702 861 2729 hoc
876 2702 917 2736 ips

1057 2700 1154 2735 Θαρτον
1170 2702 1259 2737 σῶμα,
1276 2702 1323 2728 καὶ
1340 2701 1412 2728 τοῦτ’
1429 2700 1499 2729 εἶναι
1518 2702 1564 2729 τὸν
1578 2703 1705 2738 οὐρανόν.
1723 2704 1790 2732 Τοῦτ’

182 2756 355 2786 comparatus
372 2748 476 2783 magis?
493 2748 548 2776 Cur
564 2748 655 2783 itaque
668 2749 793 2783 quintum
810 2747 876 2774 illud
903 2755 917 2774 c

1052 2757 1067 2773 κ
1079 2747 1118 2773 ἔτι
1133 2747 1315 2782 Ἀριστοτέλει
1331 2749 1355 2774 ei
1371 2748 1435 2783 περὶ
1451 2748 1582 2775 Πλάτωνα
1600 2751 1787 2784 συγχωροῦσιν.

181 2805 232 2832 pus
249 2796 352 2824 eﬂinxit
376 2795 453 2830 cujus
468 2796 490 2834 si
517 2786 652 2830 quidpiam
681 2795 749 2822 forte
777 2793 910 2828 particula

1069 2792 1122 2827 γάρ
1135 2793 1165 2827 δὴ
1183 2793 1212 2820 οὔ
1227 2801 1309 2828 φασιν
1320 2790 1393 2820 οὗτοι
1411 2793 1473 2820 καθ¹
1483 2794 1549 2820 αὐτὸ
1564 2794 1642 2821 οὐδὲν
1660 2796 1788 2830 ἄφθαρτον

181 2843 271 2869 alieno
291 2833 600 2892 consistath'duneogquetu
627 2845 733 2889 motum
750 2839 917 2886 habebit‘hn

1049 2839 1109 2873 ipa,
1124 2841 1182 2871 πῶς
1200 2840 1253 2875 γὰρ
1266 2840 1297 2866 ἀν
1322 2838 1377 2867 οἶόν
1393 2840 1416 2866 τ’
1430 2848 1498 2867 ειναι
1513 2841 1645 2874 φήςῡυῖιν
1660 2841 1785 2875 ἀφῦιρῖθν
