1864 3056
75 115 147 146 909

435 114 493 144 DE‘
505 114 719 144 PLATONICA
733 114 786 145 ET
811 114 1036 146 ARISTOTELI
1043 115 1087 145 CA
1109 117 1157 146 Pii
1164 116 1379 146 lLOSOPlllA-

1663 117 1716 148 910

75 171 161 198 καθ’
185 170 252 198 αὐτὸ
279 166 349 196 εἶναι
371 170 401 197 τὸ
421 171 548 205 μεριστόν
570 179 599 197 τε
628 171 673 197 καὶ
697 171 882 204 σκεδαστιιιδν,

976 172 1035 200 dem
1047 173 1127 200 etiam
1144 174 1171 200 in
1200 172 1292 200 orbem
1319 173 1459 200 vertetur?
1488 179 1523 199 an
1553 179 1616 200 vero
1643 178 1716 202 recta

75 218 137 243 καὶ
159 217 209 244 ὃσα
231 216 264 251 τῇ
287 215 385 242 ἑαυτοῦ
408 216 490 250 φύσει
504 215 649 250 διαλυτὸν;
668 215 703 243 τὰ
718 217 740 243 δ’
755 217 882 252 ἄφθαρτα

79 262 241 294 κάκείνοις
268 260 397 291 δοκοῦντα
425 263 478 290 τῶν
505 264 641 298 σωμάτων
667 264 698 291 οὐ
729 264 791 291 καθ’
810 264 881 291 αὐτὰ

75 304 224 343 ἄφθαρτα
237 305 308 335 εἶναι
322 307 457 341 δοκοῦσιν,
471 306 540 336 ἀλλὰ.
556 306 600 335 διὰ
621 308 709 344 ψυχῆς
730 310 880 345 παρουσίαν

75 351 136 378 ὑπ’
156 352 243 387 αὐτῆς
271 353 380 388 ἐκείνης
413 352 679 386 ἀπαθανατίζεσοαι.
699 355 754 382 Καὶ
779 355 802 382 et
831 356 882 390 μὲν

75 397 160 432 περὶ
184 397 316 424 Πλάτωνα
340 398 421 425 οῠτω-
438 397 492 425 ἔδει
511 399 540 425 δέ
565 405 616 426 που
633 400 681 426 καὶ
695 400 878 435 Ἀριστοτέλη,

76 442 141 469 ire
161 444 209 470 καὶ
232 443 313 470 αὑτὸν
330 444 439 479 ἔμψυχα
455 444 570 472 τοιαῦτα
588 445 643 472 τῶν
656 445 791 480 σωμάτων
806 446 880 473 τιθέη

78 496 185 522 μενον,
202 490 234 525 τῇ
250 488 323 524 ψυχῇ
338 489 417 517 τοῦτο
440 490 585 526 πρεσϐεῖον
603 491 762 526 ἀπονεῖμαι,
779 492 826 518 καὶ
843 492 881 526 μὴ

78 535 176 570 σῶμά
195 543 222 562 τι
244 536 306 563 καθ’
320 536 388 563 αὐτὸ
402 537 542 572 ἄφθαρτον
556 538 737 564 καινοποιεῖν.

933 217 1085 246 ascendens
1099 219 1132 245 ad
1159 219 1298 253 proprium
1314 218 1415 245 tendet
1430 217 1521 245 locum
1535 217 1546 244 ’ί
1574 217 1627 245 Sed
1651 218 1715 251 ista,

932 264 1032 299 inquit,
1050 264 1141 292 omnia
1163 268 1278 299 quatuor
1289 271 1401 299 corpora
1419 271 1480 290 cum
1503 263 1717 291 sintsecundum

931 315 1023 345 partes
1042 310 1359 342 dissolutioniobnoxia,
1384 317 1472 344 neque
1486 309 1571 336 ullum
1595 316 1627 336 ex
1649 308 1717 343 ipsis

931 357 1043 385 omnino
1070 363 1084 384 a
1108 357 1282 392 corruptione
1309 357 1346 384 sit
1369 357 1501 388 immune,
1524 363 1637 383 necesse
1664 355 1719 382 erit

933 402 1070 437 quoddam
1086 402 1167 430 etiam
1186 403 1319 430 exsistere
1335 409 1445 434 corpus,
1465 401 1535 436 quod
1549 401 1587 428 sit
1602 407 1717 434 corrup~

933 448 1016 475 tionis
1035 456 1149 483 prorsus
1175 455 1283 483 expers,
1310 448 1392 483 idque
1418 448 1508 483 ipsum
1534 447 1586 475 erit
1606 446 1716 474 coelum.

935 492 992 520 Hoc
1011 500 1076 520 vero
1091 492 1232 523 Platonici
1255 493 1311 529 jam
1342 500 1397 520 non
1423 492 1539 526 amplius
1565 491 1718 518 concedant

935 538 1086 565 Aristoteli.
1108 538 1213 575 Negant
1244 540 1317 566 enim
1348 546 1396 574 per
1422 546 1463 571 se,
1493 544 1598 572 suaque
1625 537 1651 563 vi
1688 541 1721 562 ae

78 591 192 612 natura
211 585 364 612 immortale
384 592 446 613 esse
468 585 552 612 ullum
565 593 676 621 corpus,
701 593 797 621 nempe
808 590 882 620 quod
901 585 1010 614 videant
1039 594 1093 614 non
1128 593 1209 621 posse
1236 586 1334 614 ﬂeriut
1355 587 1381 614 id
1396 587 1431 614 sit
1455 585 1620 618 immortale,
1646 582 1720 619 quod

78 634 134 657 est.
150 631 306 662 dividuum,
333 631 473 665 certisque
498 635 608 659 constat
631 631 754 667 partibus
779 639 884 666 suaque
904 637 1004 660 natura
1023 637 1111 667 potest
1124 633 1247 666 dissolvi,
1260 633 1339 668 quale
1349 637 1390 659 est
1410 639 1509 667 corpus
1537 638 1628 658 omne.
1655 629 1721 664 Quae

81 682 161 702 rem
187 683 302 711 corpora
318 679 370 713 ipsi
384 680 552 708 arbitrantur
574 688 635 708 esse
648 681 822 713 immortalia,
838 680 884 708 illa
904 688 957 707 non
970 687 1002 707 ex
1019 687 1068 708 sua
1084 684 1180 708 natura
1200 688 1262 709 esse
1286 680 1350 708 talia
1361 679 1493 711 sentiunt,
1532 679 1578 706 sed
1609 682 1722 713 propter

79 723 193 751 animle
211 726 379 759 praesentiam
405 728 481 755 reddi
504 728 670 756 immortalia
696 729 874 757 contendunt.
894 728 1030 763 Atqueilli
1049 728 1158 763 quidem
1175 729 1221 763 qui
1251 733 1325 756 stant
1357 736 1372 756 a
1398 728 1521 763 partibus
1537 725 1671 757 Platonis,
1692 724 1720 751 in

81 776 122 797 ea
147 775 214 798 sunt
237 774 382 800 sententia.
413 773 525 802 Rectius
547 779 638 802 autem
683 774 793 805 fecisset
815 775 897 802 etiam
937 775 1106 808 Aristoteles,
1134 776 1179 810 qui
1211 775 1270 809 ipse
1305 782 1412 809 quoque
1447 773 1581 809 ejusmodi
1604 778 1720 806 corpora

81 818 242 845 constituit
254 826 315 846 esse
329 819 460 853 animata,
477 821 498 847 si
530 821 627 849 anima:
658 821 728 849 hanc
751 820 938 855 prastantiam
952 821 1126 856 assignasset,
1143 825 1237 848 etnon
1262 820 1382 855 corpori,
1411 827 1462 848 nec
1493 820 1581 855 ipsum
1610 825 1658 853 per
1690 824 1720 845 se

84 871 203 899 suaque
216 865 242 892 vi
260 865 415 901 iminortaie
430 874 501 894 novo
521 868 638 900 quodam
652 860 734 895 modo
743 866 876 895 ﬁnxisset.

391 912 516 939 ΚΕΦΑΛ.
533 912 585 939 ΙΕ’.

127 954 237 988 Γελοίος
256 956 279 983 δ’
295 957 352 984 ἐστὶ
370 958 417 984 καὶ
432 957 487 990 ζῶα
512 959 561 993 μὲν
583 958 722 994 τιθέμενος
735 959 769 986 τὰ
784 959 882 992 ἄστραο

85 1003 164 1037 φησὶ
187 1003 241 1038 γάρ
255 1011 307 1029 που
323 1003 421 1037 λέγων,
443 1004 539 1040 Ἡμεῖς
559 1004 582 1031 δ’
598 1004 636 1036 ὡς
659 1005 722 1040 περὶ
737 1003 815 1035 ζώων
829 1004 882 1031 αὺ-

85 1048 150 1075 τῶν
163 1048 353 1084 διανοούμεθα’
362 1049 457 1076 ἔπειτα
467 1050 583 1085 ἀκίνητα
596 1050 646 1084 μὲν
658 1050 727 1076 αὐτὰ
740 1050 801 1077 καθ’
813 1050 883 1077 αὑτὰ

86 1094 182 1126 ἀξιῶν
197 1093 281 1129 εἶναι,
298 1095 350 1122 ὕπο
373 1095 403 1122 δὲ
423 1096 547 1132 σφαιρῶν
569 1097 650 1131 μόνον
677 1095 882 1130 ἀνελιττόμενα.

86 1141 169 1168 Τίνα
196 1141 230 1176 δή
257 1141 304 1168 καὶ
327 1142 415 1177 ψυχὴν
436 1142 505 1169 αὐτὰ
519 1142 590 1177 ἔχειν
606 1141 727 1175 ἀξιώσει,
748 1142 772 1169 εί
786 1142 834 1169 τόν
851 1150 882 1176 γε

87 1187 205 1214 ἅπαντα
215 1187 310 1222 χρῦνον
320 1187 433 1222 ἀκίνητα
444 1188 519 1221 μένει
529 1196 537 1222 ;
549 1187 580 1214 οὐ
593 1188 645 1223 γὰρ
656 1187 688 1223 δὴ
701 1187 750 1223 τὴν
762 1186 882 1222 ὀστρεώ-

86 1233 136 1268 δη.

1246 908 1321 937 CAP.
1346 908 1404 937 XV.

972 957 1067 985 Risum
1095 964 1204 991 quoque
1238 956 1317 983 nobis
1345 955 1410 983 facit
1447 955 1618 985 AriStoteles,
1648 953 1721 988 quod

932 1009 1007 1031 astra
1021 1002 1132 1037 quidem
1157 1002 1282 1029 concedit
1295 1009 1356 1029 esse
1384 1001 1513 1032 animata,
1527 999 1553 1027 id
1578 998 1650 1034 quod
1669 998 1721 1026 aii-

935 1049 996 1077 cubi
1011 1048 1141 1081 adirmat,
1153 1048 1247 1075 dicens
1262 1055 1292 1075 se
1303 1046 1397 1074 eodem
1414 1047 1473 1073 loco
1497 1050 1581 1078 nstra,
1597 1052 1652 1080 quo
1663 1046 1722 1071 anis

935 1094 1016 1122 malia
1030 1094 1150 1122 habere:
1170 1094 1262 1121 eadem
1280 1100 1343 1121 vero
1356 1097 1450 1127 postea
1481 1099 1527 1126 per
1543 1087 1573 1119 se
1583 1097 1644 1118 esse
1670 1089 1723 1118 iam

936 1141 1046 1168 mobilia
1081 1140 1232 1172 existimat,
1262 1143 1289 1166 et
1318 1139 1401 1166 motis
1438 1138 1569 1165 duntaxat
1594 1136 1720 1168 orbibus.

937 1187 1037 1222 quibus
1063 1191 1127 1213 sunt
1155 1186 1248 1218 inlixa,
1266 1185 1381 1212 moveri.
1401 1183 1462 1217 Quo
1497 1183 1596 1218 posito,
1617 1188 1720 1216 quaeso.

937 1233 1108 1268 qualemnam
1136 1232 1255 1259 animam
1282 1232 1371 1260 inesse
1397 1232 1464 1266 ipsis
1492 1229 1672 1261 existimabit.
1698 1228 1722 1257 si

87 1282 225 1308 nimirum
241 1287 314 1308 0mm
334 1285 455 1316 tempore
479 1286 606 1309 maneant
619 1281 769 1310 immobilia
783 1281 795 1308 ?
810 1288 874 1308 num
894 1287 953 1308 eam
969 1280 1103 1313 fortassis,
1119 1281 1228 1313 qualem
1245 1280 1345 1307 ostreis
1380 1284 1407 1307 et
1432 1278 1546 1306 conchis
1574 1276 1724 1305 attribuere

85 1330 218 1356 solemus

375 1375 511 1409 ,KEilAA.
530 1374 590 1408 lq’.

128 1420 192 1452 Πῶς
208 1420 236 1447 δὲ
253 1421 302 1448 καὶ
325 1421 340 1447 ὁ
351 1420 426 1456 ἥλιος
443 1421 517 1456 αὑτῷ
531 1421 562 1447 οὑ
576 1421 625 1455 τῆς
640 1420 747 1455 φύσεως
762 1421 795 1455 τῇ
816 1419 881 1454 θερ-

91 1468 193 1501 μότητι
212 1466 380 1502 θερμαίνει,
407 1467 475 1498 ἀλλὰ
500 1467 535 1502 τῇ
562 1467 679 1501 κινήσει,
703 1466 752 1500 τῆς
767 1465 883 1500 σελήνης

88 1514 124 1539 οὐ
150 1513 348 1548 παραπλησίως
375 1513 407 1548 τῇ
437 1521 469 1547 γε
498 1513 605 1548 κινήσει
621 1511 833 1547 θερμαινούσηςν
854 1513 878 1537 εἰ

89 1559 149 1593 γὰρ
163 1559 211 1585 καὶ
225 1558 314 1594 πολλῷ
328 1560 361 1594 τῇ
385 1559 460 1594 ήλίου
488 1560 504 1593 ἠ
531 1559 646 1594 σελήνης
661 1559 770 1593 κίνησις
785 1558 883 1593 βραδυ-

1239 1371 1317 1399 CAP.
1340 1370 1398 1398 XVI

973 1418 1108 1446 Jamrero
1123 1417 1206 1445 etiam
1236 1417 1319 1444 solem
1346 1424 1401 1444 non
1435 1422 1539 1444 natura:
1563 1415 1723 1447 calliditate.

937 1466 984 1493 sed
998 1468 1071 1492 motu
1100 1464 1220 1492 calorem
1237 1464 1316 1491 terris
1340 1463 1479 1498 impertire
1489 1463 1619 1495 aﬂ‘irmat,
1631 1463 1723 1490 lunam

938 1519 1002 1538 vero
1020 1515 1099 1546 negat
1124 1510 1251 1538 similiter
1271 1513 1345 1537 motu
1376 1509 1535 1538 calefacere.
1551 1508 1637 1543 Quam
1658 1516 1723 1536 vero

939 1557 991 1584 hoc
1006 1557 1154 1584 absurdum
1169 1555 1234 1583 est?
1260 1555 1373 1583 Etiamsi
1390 1556 1462 1582 enim
1490 1555 1562 1582 lunae
1575 1560 1667 1582 motus
1688 1554 1724 1582 sit

90 1607 175 1641 τέρα,
191 1605 259 1633 ἀλλὰ
275 1606 323 1632 καὶ
339 1605 476 1640 ὲγγυτέρσ.
501 1604 536 1632 ἂν
560 1606 594 1640 τῇ
615 1604 694 1640 ήμῶν
712 1604 813 1639 πολλῷ.
830 1604 882 1630 Πέ-

972 1602 1044 1630 rdior
1059 1606 1134 1629 motu
1154 1602 1231 1634 solis,
1250 1602 1309 1636 ipsa
1337 1607 1426 1630 tamen
1443 1602 1521 1633 sidus
1545 1605 1585 1629 est
1610 1600 1725 1629 novissi-

91 1660 166 1685 me
181 1652 210 1679 δὲ
234 1652 268 1678 τὰ
293 1651 407 1686 δύναμιν
423 1659 483 1677 τινα
500 1650 597 1687 ἔχοντα
625 1651 674 1678 τοῦ
703 1650 793 1678 ὁτιοῦν
816 1651 882 1686 δρᾷν

90 1699 151 1725 τῶν
170 1699 304 1733 σωμάτων
317 1718 324 1730 ,
352 1697 468 1732 ἐγγύθεν
492 1698 592 1731 μᾶλλον
610 1697 679 1727 ,αὑτό
704 1697 782 1733 δρᾷν.
802 1698 883 1724 Ὥστε

93 1743 144 1770 χαὶ
159 1743 260 1777 ταύτην
278 1743 327 1776 τῆς
339 1744 474 1778 κινήσεως
489 1742 655 1777 βραδύτητα,
671 1742 710 1777 τῷ
729 1742 817 1776 μείονι
834 1741 882 1767 τοῦ

93 1789 292 1824 ἀποστήματος
320 1788 581 1823 ἁνταναπληροῦσαν
594 1808 601 1820 ,
625 1787 825 1823 παραπλησίως
845 1787 884 1822 τῷ

93 1835 165 1870 ἡλίῳ
192 1834 360 1870 θερμαίνειν,
375 1835 399 1860 εί
420 1833 452 1870 δὴ
512 1834 618 1869 κίνησις
644 1831 689 1868 ἧν,
711 1833 760 1859 καὶ
785 1832 815 1859 οὺ
835 1832 884 1866 τῆς

94 1881 207 1915 φύσεως
230 1881 247 1916 ἡ
264 1880 400 1915 θερμότης
421 1880 438 1915 ἡ
467 1879 661 1914 θερμαίνουσα.
686 1877 757 1905 Ἀλλ’
775 1878 812 1910 ὡς
836 1878 884 1912 μὲν

94 1927 160 1960 είκῆ
175 1926 249 1960 αὑτῷ
266 1926 295 1952 τὺ
311 1927 436 1960 πέμπτον
452 1926 531 1952 τοῦτο
551 1925 630 1960 σῶμα
645 1925 882 1959 κεκαινολόγηται,

94 1971 240 1998 δέδεικται.

222 2132 226 2136 _
395 2101 520 2139 ιςΕΦΑΑ.
541 2101 590 2129 11'.

133 2151 192 2178 οὐκ
202 2150 322 2185 ἀφεκτέα
337 2149 366 2177 δὲ
378 2148 439 2175 οὐδὲ
459 2150 489 2175 ὲν
503 2150 536 2183 τῇ
548 2149 651 2183 φυσικῇ
667 2147 741 2183 αὐτῷ
755 2147 885 2182 ἀκροάσει

96 2197 218 2232 μάλιστα
243 2196 275 2231 δὴ
303 2195 333 2221 οὺ
362 2194 453 2225 καλῶς
467 2195 571 2221 ἐκείνου
594 2195 751 2229 εἰρημένου.
766 2194 886 2220 Ἄτοπον

94 2243 151 2276 γάρ
165 2249 231 2276 φησι
244 2241 276 2268 τὸ
288 2241 325 2275 μὴ
341 2240 444 2267 οἴεσθαι
458 2239 540 2266 ἕνεκά
554 2239 601 2265 τοὺ
611 2248 637 2266 τι
650 2239 785 2278 γίνεσθαι,
798 2240 830 2266 ἂν
847 2240 885 2274 μὴ

936 1656 1022 1680 mum,
1042 1648 1178 1682 terrisque
1204 1647 1460 1676 familiarissimum.
1486 1648 1579 1675 Solent
1600 1655 1666 1675 vero
1690 1655 1722 1674 ea

935 1701 1060 1729 corpora,
1072 1701 1133 1728 quae
1148 1694 1274 1720 virtutem
1287 1693 1388 1721 habent
1402 1694 1521 1728 aliquam
1532 1694 1566 1721 ad
1577 1693 1724 1728 agendum,

935 1740 1059 1774 proxime
1087 1740 1172 1773 magis
1200 1739 1274 1766 illam
1290 1747 1426 1771 exserere,
1453 1745 1481 1767 ut
1507 1740 1546 1767 ita
1574 1740 1724 1775 oportuerit

934 1787 1017 1813 etiam
1045 1785 1125 1812 istam
1159 1790 1249 1812 motus
1284 1785 1437 1812 tarditatem
1462 1785 1562 1812 minori
1593 1785 1722 1819 distantia

936 1831 1119 1866 compensari,
1139 1831 1292 1865 lunamque
1309 1831 1432 1858 similiter
1449 1836 1531 1866 atque
1548 1831 1630 1859 solem
1653 1833 1724 1859 cale-

936 1875 1037 1908 facere,
1051 1876 1072 1903 si
1089 1876 1218 1903 nimirum
1237 1884 1281 1903 res
1299 1876 1336 1903 ita
1352 1876 1474 1908 haberet,
1485 1881 1514 1904 ut
1528 1881 1619 1905 motus
1631 1878 1722 1912 petitis

936 1929 1017 1957 quam
1047 1922 1181 1949 calliditas
1212 1928 1348 1950 astrorum
1373 1923 1489 1951 calorem
1515 1923 1641 1951 ediceret.
1671 1924 1724 1951 Sed

934 1969 990 2004 jam
1021 1968 1252 2000 demonstratum,
1281 1969 1352 2003 quod
1381 1973 1482 1997 temere
1507 1973 1534 1996 et
1571 1969 1724 1997 inconsulto

937 2020 1034 2049 praeter
1048 2014 1163 2042 aliorum
1178 2014 1346 2048 opinionem,
1367 2015 1494 2049 quintam
1508 2021 1634 2043 naturam
1653 2016 1724 2044 caelo

939 2061 1104 2088 attribuerit.

1237 2108 1314 2135 CAP.
1330 2107 1412 2134 X‘v’ll.

972 2153 1065 2188 Neque
1080 2153 1145 2181 illud
1158 2153 1265 2181 silentio
1281 2153 1419 2187 praeterire
1435 2161 1554 2188 possum,
1570 2156 1642 2189 quod
1653 2155 1723 2182 idem

941 2200 1102 2228 Aristotcles
1115 2200 1142 2227 in
1158 2200 1273 2228 naturali
1294 2199 1493 2226 auscultatione
1522 2200 1635 2226 omnino
1656 2201 1726 2227 male

938 2244 1028 2277 docet,
1041 2245 1085 2272 ubi
1107 2244 1254 2272 absurdum
1277 2249 1329 2276 est,
1352 2244 1451 2278 inquit,
1477 2251 1531 2270 non
1567 2244 1725 2271 existimare

94 2289 171 2314 ἴδωσι
190 2287 220 2313 τὺ
234 2286 327 2313 ποιοῦν
343 2286 571 2321 βουλευσάμενον.
593 2286 691 2312 Καίτοι
708 2286 755 2312 καὶ
771 2287 787 2320 ὴ
801 2286 882 2320 τέχνη

976 2291 1009 2318 od
1025 2290 1062 2322 lit,
1081 2290 1137 2317 licri
1151 2294 1261 2324 propter
1281 2288 1394 2323 aliquid,
1410 2288 1462 2315 nisi
1488 2288 1583 2315 videas
1600 2289 1626 2314 id
1651 2288 1724 2323 quod

92 2335 124 2361 οὐ
136 2333 304 2369 βουλεύεται,
314 2333 406 2368 φησίν.
417 2333 449 2360 Ei
462 2332 516 2367 γὰρ
531 2331 566 2368 ἦν
578 2333 607 2359 ὲν
623 2332 662 2367 τῷ
673 2331 743 2367 ξύλῳ
759 2333 774 2367 ἡ
793 2332 883 2366 τέχνη,

92 2381 144 2406 οὐκ
168 2378 201 2406 ἂν
214 2379 382 2411 ἐϐουλεύετο,
399 2379 446 2405 καὶ
462 2378 521 2410 πῶς
538 2377 571 2405 ἂν
585 2379 667 2413 τέχνη
683 2377 723 2404 ἐτι
735 2377 842 2412 ἔμεινεν
852 2378 881 2403 οὺ

94 2425 150 2451 τῶν
179 2424 266 2459 ἔργω)
294 2424 530 2460 προδουλευομὲνη
546 2433 553 2457 ;
575 2424 592 2459 ἢ
618 2423 644 2449 τί
660 2423 724 2450 ἀλλο
739 2423 767 2450 τὺ
786 2423 884 2458 τέχνην

97 2470 217 2505 μάλιστα
230 2471 372 2503 συνιστῶν,
388 2471 405 2506 ἢ
423 2471 452 2497 τὸ
468 2469 660 2506 βουλεύεσθαι;
679 2469 693 2496 ὅ
712 2470 745 2505 ήν
762 2478 802 2500 τις
818 2470 884 2503 ἀφέ-

97 2516 171 2542 λοιτο
181 2515 277 2550 αὐτῆς,
290 2515 345 2542 οὐδ’
359 2515 391 2542 ἂν
403 2516 485 2550 τέχνη
497 2516 538 2542 ἔτι
552 2516 663 2548 μείνειε*
678 2515 736 2546 πῶς
749 2515 771 2541 δ’
790 2515 822 2541 ἂν
838 2515 883 2540 καὶ

98 2560 144 2588 ὲπί
159 2569 186 2587 τι
200 2561 275 2593 τέλος
284 2562 372 2588 ὁτιοῦν
389 2562 512 2596 ἐνεχθείη
529 2562 565 2596 μή
577 2569 650 2593 τινος
664 2561 710 2588 νοῦ
724 2560 806 2601 αὐτοῦ
819 2569 884 2596 προ-

98 2608 307 2641 ϐουλευομένου,
321 2608 368 2634 καὶ
381 2607 412 2634 τὸ
424 2608 499 2640 τέλος
514 2609 600 2634 ἐκεῖνο
613 2609 640 2634 ὲν
657 2607 744 2642 ἐαυτῷ
757 2607 788 2643 δὴ
804 2607 885 2642 μάλι-

98 2662 151 2680 στα
166 2652 378 2688 προειληφότοςς
394 2654 425 2680 El
439 2654 493 2689 γὰρ
510 2653 557 2679 καὶ
572 2654 588 2688 ἠ
602 2654 681 2688 τέχνη
698 2654 822 2687 μιμεῖται
840 2653 885 2679 καὶ

98 2699 159 2725 κατ’
183 2699 265 2725 αὑτὸν
294 2699 465 2735 Ἀριστοτέλη
493 2700 542 2734 τὴν
565 2699 658 2733 φύσιν,
678 2699 707 2725 οὐ
731 2699 781 2734 τὴν
804 2699 885 2733 φύσιν

97 2746 150 2771 ἔδει
163 2746 211 2781 τῆς
225 2745 324 2780 τέχνης
335 2745 551 2778 ὑπολείπεσθαι,
580 2746 649 2773 ἀλλὰ
665 2747 695 2772 τὸ
712 2745 831 2780 μάλιστα
854 2745 885 2779 δὴ

95 2790 174 2817 τοῦτο
188 2791 237 2824 τὴν
254 2791 351 2826 τέχνην
365 2792 507 2824 συνιςτῶν,
521 2791 610 2826 πολλῷ
624 2792 756 2828 πρότερον
770 2791 819 2826 τὴν
834 2791 883 2826 φύ-

96 2845 136 2862 σιν
150 2836 220 2870 ἔχειν
239 2839 284 2864 καὶ
302 2838 522 2872 μεγαλειότερον.
540 2839 568 2864 Ei
582 2839 610 2865 δέ
623 2847 650 2865 τι
678 2839 726 2865 καὶ
741 2839 770 2865 ὲν
784 2838 818 2873 τῇ
838 2837 882 2864 τέ-

939 2341 1028 2362 movet
1041 2335 1202 2362 ellicienlem
1225 2341 1346 2366 causam,
1360 2334 1477 2367 coepisse
1504 2333 1660 2362 consilium.
1679 2332 1727 2360 Est

936 2381 1083 2413 enim,ait.
1110 2380 1297 2415 perspicuum,
1316 2379 1452 2415 quod‘ars
1479 2386 1588 2414 quoque
1613 2386 1726 2406 movens

936 2434 967 2453 ca
979 2435 1040 2461 qua.
1055 2427 1123 2453 fiunt
1139 2434 1171 2454 ex
1189 2427 1258 2461 ipsa,
1280 2434 1338 2453 non.
1349 2427 1436 2458 capiat
1451 2425 1608 2452 consilium.
1618 2424 1724 2451 Etenim

936 2474 958 2500 si
985 2479 1056 2500 esset
1086 2473 1113 2499 in
1138 2473 1212 2507 ligno
1239 2480 1295 2506 ars,
1317 2472 1433 2508 exctttpli
1460 2471 1545 2507 gratia
1572 2471 1725 2498 fabricandi

939 2527 1031 2552 naves,
1044 2519 1180 2554 quomodo
1201 2524 1242 2546 cst
1267 2520 1293 2546 in
1315 2519 1348 2546 iis
1375 2526 1434 2553 qua:
1449 2523 1544 2545 natura
1577 2518 1655 2550 fiunt,
1681 2525 1726 2543 ars

939 2565 1039 2592 faceret
1051 2564 1176 2592 similiter
1185 2569 1266 2598 atque
1275 2570 1382 2596 natura,
1395 2572 1444 2592 nec
1455 2569 1561 2598 raperet
1571 2563 1726 2590 consilium.

939 2610 979 2637 Ad
993 2617 1052 2644 qua:
1069 2617 1119 2636 nos
1138 2610 1257 2637 breviter
1287 2610 1494 2642 respondemus,
1521 2609 1725 2644 interrogando,

939 2663 1057 2690 quanam
1075 2655 1181 2682 ratione
1204 2662 1249 2682 ars
1274 2655 1389 2690 posthac
1417 2656 1546 2690 appellari
1567 2656 1663 2690 possit,
1684 2662 1726 2687 ea,

938 2709 999 2735 qua:
1011 2709 1064 2728 non
1081 2701 1200 2728 consulit
1218 2707 1267 2728 nec
1293 2701 1427 2729 deliberat
1454 2701 1488 2729 de
1508 2701 1660 2736 operibus?
1685 2702 1726 2728 Au

939 2747 1038 2781 aliquid
1056 2747 1129 2774 aliud
1152 2751 1238 2773 artem
1255 2746 1342 2780 magis
1353 2746 1506 2783 constituit,
1529 2754 1612 2781 quam
1626 2753 1724 2781 capere

939 2793 1084 2821 consilium
1100 2794 1110 2820 i
1135 2792 1214 2825 Quod
1231 2800 1297 2820 sane
1314 2792 1338 2820 si
1360 2792 1422 2827 quis
1436 2793 1471 2820 ab
1497 2797 1556 2820 arte
1574 2793 1724 2828 exceperit.

938 2839 1012 2868 nullo
1028 2838 1108 2868 modo
1122 2838 1188 2867 artis
1198 2838 1408 2874 appellationem
1423 2838 1560 2866 retinebit.
1578 2839 1722 2872 Quomodo
