1864 3056
171 100 221 157 θιι

779 120 943 152 GEORGII
964 120 1181 151 PLETHONiS

1751 123 1804 156 912

172 185 264 209 autem
283 180 364 208 etiam
398 180 430 208 ad
456 179 575 215 aliquem
603 178 684 206 ﬁnem
717 177 821 209 tendet,
844 185 950 212 eumqm

1038 185 1064 214 ιῃ
1090 179 1217 213 φαίνηται
1244 178 1273 204 οὺ
1294 178 1489 213 βουλευόμενον
1517 177 1572 206 οἷον
1591 180 1724 216 ὃργαειον,
1739 181 1758 216 ἦ
1772 189 1811 212 τις

171 230 344 260 assequetur,
363 225 403 252 vel
416 225 529 257 θην-νει
542 229 640 252 natura
656 224 680 252 si
696 223 770 251 nulla
784 223 857 251 adsit
871 231 958 255 mens,

172 280 232 307 qua:
246 273 322 307 prius
333 271 422 306 capiat
435 271 594 304 consilium,
610 275 636 298 et
648 271 727 298 tinem
745 270 820 297 illum
830 270 856 296 in
870 269 960 303 seipse

144 315 147 317 4
171 319 348 353 conceperit?
371 317 503 345 Praeterea
515 317 538 344 si
563 324 619 349 ars,
637 321 706 344 teste
719 315 877 344 Aristotele.
897 313 960 341 imi-

172 368 245 391 tatur
269 367 408 396 naturam,
434 363 557 397 profecto
575 363 662 396 ipsam
693 369 746 389 non
772 360 908 396 oportebit
926 359 959 387 ab

169 413 229 436 arte
243 409 378 444 superari,
394 409 440 436 sed
455 409 481 436 id
495 408 568 444 quod
582 409 698 434 maxime
709 412 794 434 artem
805 406 958 438 runslituit,

169 458 275 481 natura
287 454 372 482 multo
386 455 462 488 prius
488 458 515 481 et
526 452 705 481 excellentius
733 453 824 479 inesse
838 455 957 486 oportet.

169 499 248 532 Quod
274 500 297 527 si
323 500 425 535 aliquid
442 500 524 527 etiam
546 499 573 526 in
592 504 652 526 arte
664 503 788 533 apparet,
810 497 882 532 quod
905 504 957 523 non

168 544 312 578 deliberat,
333 549 364 572 ut
384 551 425 572 est
449 545 672 576 instrumentum,
687 548 734 570 aut
758 543 893 574 minister.
921 542 957 569 ibi

167 590 322 623 sciendum,
339 598 395 618 non
418 591 444 618 in
471 591 525 618 illis
552 596 640 618 artem
673 590 720 617 sed
749 590 775 616 in
808 589 958 616 architecto

167 637 247 664 sit-im
263 637 378 664 esse.lta
389 644 497 672 quoque
506 637 527 663 si
537 636 684 671 quidquam
695 635 721 662 in
735 640 831 662 natura
846 633 958 661 rationis

166 689 265 717 expers
281 683 493 718 conspiciamus,
522 690 577 709 non
603 682 698 717 utique
714 682 739 708 in
754 680 799 708 illo
819 685 955 709 naturam.

166 735 227 762 quae
246 736 315 763 opus
339 728 430 761 eﬂieit,
458 729 635 756 collocamus.
663 728 713 756 Est
737 728 809 755 enim
844 732 955 760 natura,

166 773 213 801 Dei
230 774 272 801 lex
297 779 324 801 et
338 773 506 802 institutum.
526 774 608 809 Atqui
626 773 674 801 Dei
699 774 742 800 lex
760 777 787 800 et
804 773 956 800 institutum

165 820 272 847 ratione.
285 827 340 847 non
360 824 446 847 caret.
463 819 563 847 Verum
580 820 651 847 enim
677 827 742 846 vero
755 819 821 846 mihi
849 818 956 845 videtur

1011 224 1146 256 διάκονος,
1173 223 1232 252 ἀλλ’
1248 225 1298 251 οὒκ
1326 226 1355 251 ὲν
1382 227 1480 261 ἐκείνῳ
1498 228 1514 262 ἡ
1530 227 1622 263 τέχνη,
1637 226 1696 253 ἀλλ’
1717 227 1748 253 ὲν
1773 227 1810 262 τῷ

1012 271 1195 305 ἀρχιτέκτονι.
1213 271 1279 299 osa:
1309 280 1340 306 γε
1367 273 1392 298 εί
1410 273 1438 299 ὲν
1465 274 1498 308 τῇ
1521 274 1600 307 φύσει
1632 273 1765 307 φαίνεταί
1783 283 1808 300 τι

1010 316 1119 350 ἄλογον,
1135 317 1164 343 ὲν
1179 318 1274 352 ἐκείνῳ
1293 318 1309 352 ἡ
1338 317 1457 352 μάλιστα
1474 319 1507 354 δὴ
1519 318 1636 354 τοῦργον
1651 319 1749 353 δρῶσα
1761 319 1812 352 φύ-

1011 370 1064 394 σις,
1079 362 1111 388 Ἠ
1124 363 1178 397 γὰρ
1195 363 1276 397 φύσις
1293 364 1361 390 Θεοῦ
1379 365 1480 398 Θεσμός
1497 365 1566 391 ἐστι.
1576 364 1646 391 Θεοῦ
1662 365 1690 391 δὲ
1707 365 1811 400 θεσμὸς

1010 409 1060 435 οὐκ
1077 408 1186 442 ἄλογος.
1216 409 1404 444 Ἀριστοτέλης
1417 410 1447 437 δέ
1464 419 1510 445 μοι
1526 411 1602 437 δοκεῖ
1617 410 1673 437 τῶν
1688 411 1744 445 πρὸ
1763 412 1811 437 αὺ-

1009 452 1056 479 τοῦ
1067 453 1096 479 ἐν
1108 462 1139 487 γε
1154 455 1212 485 τοῖς
1230 454 1331 489 λόγοις,
1354 455 1539 490 Ἀναξαγόραν
1565 456 1686 491 μάλιστα
1701 457 1808 490 ἐζηλω-

1010 499 1098 526 κέναι.
1119 499 1237 531 Ἐκεῖνός
1264 509 1293 526 τε
1311 501 1367 536 γὰρ
1391 501 1453 528 νοῦν
1469 502 1519 536 μὲν
1535 503 1591 533 τοῖς
1608 502 1681 534 ὅλοις
1693 503 1806 537 ἐφίστη.

1010 546 1113 580 προϊὼν
1135 545 1164 572 δὲ
1186 546 1239 572 τῶν
1260 546 1347 580 λόγων
1370 548 1401 574 οὐ
1430 548 1504 575 πάνυ
1528 557 1569 575 τοι
1586 549 1715 582 ἐφαίνετο
1732 551 1807 584 αὐτῷ

1009 591 1162 626 χρώμενος,
1178 591 1234 619 ἀλλ’
1261 594 1290 624 ὲς
1307 593 1440 627 ἀθεότητα
1456 593 1558 628 μᾶλλον
1587 595 1805 630 ὑποφερόμενος.

1009 638 1064 664 Καὶ
1085 638 1274 674 Ἀριστοτέλης
1291 640 1369 671 θεοὺς
1391 641 1442 674 μέν
1456 650 1534 673 τινας
1547 642 1618 676 τῷδε
1639 642 1680 677 τῷ
1694 642 1805 676 οὖρανῷ

1009 684 1162 718 ἐφίστησιν,
1183 686 1211 712 ὲν
1239 686 1330 719 μέντοι
1356 686 1411 713 τῶν
1444 687 1531 721 λόγων
1546 687 1631 714 αὐτοῦ
1658 689 1714 718 rei;
1732 688 1807 714 πλεί-

1009 737 1082 760 στοις
1113 730 1142 756 οὺ
1161 731 1231 758 πάνυ
1249 740 1290 757 τοι
1306 731 1344 766 τῷ
1359 732 1423 767 θείῳ
1435 732 1575 767 χρώμενος
1590 733 1730 767 φαίνεται,
1748 734 1804 760 ἀλλ’

1008 775 1036 805 ἐς
1050 774 1184 810 ἀθεότητα
1212 777 1322 810 μᾶλλον.
1340 777 1456 804 καθόσον
1470 776 1528 809 οἷός
1544 779 1576 804 τέ
1597 779 1674 805 ἐστιν
1689 779 1805 806 ἀποκλί-

1008 829 1070 847 νων.
1089 822 1160 849 ’Λλλδ
1177 823 1239 858 οὐχὶ,
1252 823 1364 850 Πλάτων
1377 824 1473 857 οὕτω.
1497 824 1559 851 οὒτε
1575 825 1670 852 ἄλλοθι
1696 826 1753 852 τῶν
1767 826 1807 852 λό-

164 866 338 893 Aristotelcm
357 866 383 893 in
410 866 489 893 libris
510 866 568 893 suis
589 871 646 893 tum
673 866 740 893 alios
768 865 950 900 antiquiores,

1038 877 1073 901 ιν,
1103 868 1161 895 οὒτ’
1196 857 1225 896 ἐν
1252 869 1326 904 αὐτῷ
1349 869 1436 905 τούτῳ
1462 871 1527 906 περὶ
1552 871 1583 897 οὗ
1600 872 1667 906 ἡμῖν
1689 872 1805 906 ὁλόγοῖ.

166 917 223 940 tum
236 913 354 939 maxime
372 913 562 946 Anaxagoram
580 912 714 939 imitatum
725 919 796 939 esse.
812 911 857 938 llle
873 918 953 938 nam-

164 965 219 992 que
244 963 361 984 utentem
388 957 497 991 quidem
528 957 608 984 initio
639 956 775 983 orationis
805 963 862 982 sua:
889 955 955 982 huic

165 1003 293 1030 universo
320 1002 449 1038 praefecit,
482 1003 509 1030 in
545 1009 693 1037 progressu
721 1008 788 1029 vero
818 1001 953 1035 ejusdem,

163 1049 265 1077 trullam
281 1057 393 1084 prorsus
409 1049 480 1076 illius
496 1049 561 1076 facit
587 1049 767 1080 mentionem,
785 1047 832 1076 scd
855 1047 887 1074 ad
903 1048 953 1074 im-

163 1097 291 1132 pietatem
307 1097 410 1131 potius,
421 1104 475 1132 qna
492 1096 565 1124 Deus
589 1096 703 1123 omnino
718 1101 844 1130 negatur,
854 1094 951 1122 deﬂec-

1011 915 1093 941 Ἀλλὰ
1108 915 1155 942 δύο
1170 916 1267 950 τέχνας
1284 917 1407 952 διαιρῶν,
1425 918 1474 952 τὴν
1487 917 1538 951 μὲν
1552 918 1642 951 θείαν,
1659 919 1711 953 τὴν
1724 918 1747 944 δ’
1759 919 1806 944 ἀν-

1006 959 1156 995 θρωπίνην,
1173 960 1210 995 νῷ
1225 960 1309 994 ἄμφω
1329 962 1474 997 χρωμένω,
1513 964 1546 997 τῇ
1569 962 1621 997 μὲν
1647 963 1807 998 (hominen

1005 1005 1036 1031 τὸ
1051 1006 1199 1033 σκευαστὸν
1215 1008 1268 1034 πᾶν
1293 1008 1435 1042 ἀπονέμει,
1462 1009 1494 1044 τῇ
1525 1009 1553 1035 δὲ
1577 1009 1648 1044 θείᾳ,
1665 1011 1699 1044 τῇ
1725 1009 1805 1043 φύσει

1008 1051 1096 1077 πάντα
1122 1052 1262 1087 γινόμενα.
1282 1053 1398 1089 ’Δριστα
1418 1054 1446 1080 δὲ
1475 1055 1521 1081 καὶ
1549 1055 1682 1090 Πίνδαρος
1714 1055 1803 1081 εἰπεῖν

1008 1097 1108 1130 ἔδοξεν,
1125 1100 1319 1135 ἀριστοτέχναν
1333 1101 1378 1127 τὸν
1394 1100 1460 1128 Θεὸν
1478 1102 1648 1136 προσειπών.

164 1145 205 1174 tit.
227 1146 326 1173 Eodem
343 1147 423 1173 modo
449 1145 531 1172 etiam
558 1144 719 1172 Aristoteles
744 1143 812 1170 Deos
839 1144 947 1178 quidem
968 1144 1077 1180 aliquos
1111 1146 1270 1183 furithnjus
1283 1149 1344 1176 ωιιὶ
1376 1149 1514 1184 ριαιείάθε,
1553 1151 1673 1178 maxima
1712 1155 1804 1178 autem

163 1199 240 1230 parte
256 1202 370 1222 suorum
400 1201 515 1229 operum
526 1201 640 1228 prorsus
657 1192 761 1220 unliam
789 1193 896 1219 videtur
926 1191 1079 1220 divinitatis
1107 1183 1267 1222 memoriam
1299 1183 1455 1228 retinuisse,
1475 1199 1520 1225 sed
1551 1199 1584 1226 ad
1613 1199 1687 1226 illam
1711 1200 1801 1234 potius

161 1243 330 1276 Anaxagorae
361 1240 528 1276 impietatem
554 1239 646 1274 quoad
676 1240 737 1273 ejus
768 1239 825 1266 lieri
855 1243 955 1273 potest,
993 1240 1157 1267 declinasse.
1191 1240 1218 1269 Id
1239 1242 1313 1276 quod
1338 1242 1373 1270 de
1396 1243 1509 1272 Platone
1535 1245 1589 1274 dici
1615 1253 1670 1273 non
1699 1252 1801 1281 potest.

162 1290 252 1324 ipsum
270 1287 368 1316 lecisse
391 1287 433 1314 vel
458 1287 486 1314 in
504 1286 567 1314 aliis
590 1285 835 1319 disputationibus,
853 1285 901 1326 vel
923 1285 949 1312 in
971 1285 1026 1314 hac
1042 1286 1112 1320 ipsa,
1135 1295 1215 1322 quam
1230 1296 1302 1316 nunc
1317 1291 1442 1318 oratione
1455 1295 1614 1319 tractamus.
1647 1291 1695 1320 Ille
1730 1301 1804 1320 nam-

162 1344 217 1373 que
230 1336 299 1364 duas
317 1335 382 1363 facit
397 1339 481 1366 artes,
517 1341 600 1361 unam
636 1333 747 1368 quidem
773 1333 907 1366 divinam,
943 1335 1059 1361 alteram
1095 1343 1160 1362 vero
1189 1336 1334 1364 humanam
1361 1338 1512 1372 appellans,
1538 1347 1654 1374 quarum
1685 1345 1805 1374 utraque

162 1389 256 1413 mente
269 1384 439 1417 consiliOque
455 1387 548 1410 utatur
565 1389 596 1409 ac
609 1383 736 1409 humanae
750 1382 859 1414 quidem
871 1389 953 1410 omne
974 1383 1106 1410 l'artitium
1123 1391 1192 1419 opus
1207 1394 1215 1412 ς
1243 1386 1343 1414 divina
1363 1391 1466 1418 autem.
1480 1395 1510 1415 ea
1542 1396 1602 1422 qua:
1638 1390 1804 1417 naturaliter

163 1433 242 1467 ﬁunt,
275 1431 417 1459 adscribit.
447 1429 554 1465 Optime
581 1433 672 1457 autent
703 1428 784 1456 etiam
814 1428 949 1456 Pindarus
969 1429 1073 1458 dixisse
1099 1432 1215 1465 videtur,
1235 1433 1284 1467 qui
1309 1432 1393 1460 Deum
1426 1435 1682 1468 przcstantissimum
1719 1436 1804 1464 artiﬁ-

163 1489 221 1510 cem
237 1479 364 1516 appellat.

462 1526 539 1554 CAP.
554 1524 648 1553 XVIII.

197 1575 320 1602 Transeo
333 1577 422 1600 autem
439 1571 521 1599 etiam
538 1572 571 1598 ad
589 1570 736 1605 illudquod
754 1571 780 1597 in
811 1570 950 1605 metaphy-

163 1621 228 1648 sicis
263 1618 383 1646 omnium
419 1617 537 1652 pessime
566 1616 644 1643 dixit.
675 1615 743 1642 Cum
775 1615 849 1642 enim
878 1617 953 1641 esset

162 1664 288 1700 quaestio,
309 1669 401 1691 utrum
418 1662 510 1689 omnia
525 1660 684 1688 necessario
700 1659 776 1691 ﬁant,
795 1664 842 1686 aut
857 1659 952 1686 tierent

162 1711 263 1746 aliqua.
275 1717 336 1746 quae
353 1717 407 1736 non
422 1708 518 1735 flerent
536 1706 703 1735 necessario.
734 1707 768 1733 Et
784 1706 801 1733 ii
829 1705 950 1740 quidem,

156 1758 209 1792 'qni
225 1756 381 1785 necessario
394 1754 484 1782 omnia
506 1754 563 1781 lieri
580 1757 741 1786 statuerent,
763 1753 873 1779 duobus
890 1758 952 1785 pro-

158 1803 261 1838 loquiis
275 1803 464 1830 demonstrare
479 1800 596 1834 idipsum
629 1803 774 1831 conentur,
793 1797 863 1824 inter
890 1803 951 1831 quze

161 1850 279 1884 primum
296 1849 413 1881 esthoc,
441 1847 514 1881 quod
540 1853 622 1873 omne
633 1848 705 1880 quod
723 1844 763 1877 tit,
797 1844 831 1871 ab
860 1843 951 1877 aliqua

158 1904 242 1924 causa
260 1902 371 1923 necesse
385 1895 420 1921 sit
440 1894 510 1926 ﬁeri,
539 1893 653 1920 alterum
682 1899 744 1918 vero
771 1890 855 1923 istud,
879 1889 951 1924 quod

159 1943 251 1970 ouinis
261 1949 344 1970 causa
356 1948 418 1975 qua:
433 1939 538 1975 aliquid
552 1939 627 1970 facit,
641 1939 761 1973 idipsum
777 1943 804 1964 et
825 1943 950 1963 necrssa-

159 1988 202 2015 rio
216 1993 242 2016 et
256 1993 329 2015 certa
349 1987 477 2020 linitaque
490 1987 596 2013 ratione
612 1985 703 2018 faciat,
716 1984 752 2011 ibi
768 1991 834 2010 sane
845 1983 949 2009 Aristo-

158 2033 228 2060 teles
243 2040 306 2060 cum
320 2032 433 2063 videret,
450 2031 473 2058 si
492 2031 547 2058 duo
571 2031 628 2057 Inec
652 2030 847 2062 concedantur,
873 2028 950 2063 sequi

160 2078 351 2110 infallibiliter,
365 2082 395 2105 ut
408 2077 497 2104 omnia
508 2084 568 2110 quas
585 2077 686 2103 tiuutin
699 2084 786 2102 rerum
802 2080 908 2106 natura,
918 2082 949 2102 ea

161 2134 195 2155 ex
212 2125 374 2153 necessitate
389 2123 506 2158 quadam
523 2122 741 2158 proﬁciscantur,
753 2123 849 2156 neihoe
863 2123 950 2156 ipsqu

162 2172 332 2204 concederet,
349 2171 463 2197 alterum
484 2168 710 2196 contradictionis
739 2168 892 2195 membrum
906 2174 951 2194 as-

161 2219 255 2251 sumit,
287 2224 365 2253 quast
393 2217 459 2243 satis
490 2216 610 2248 ﬁrmum,
638 2219 664 2242 et
692 2213 831 2244 concedit,
858 2213 947 2247 aliqua
965 2227 989 2257 Β

160 2272 256 2292 eorum
270 2272 330 2299 qua:
348 2261 600 2293 Ilunt,‘necessario
616 2261 686 2293 ﬁeri,
702 2264 786 2294 atque
800 2256 836 2286 ita
854 2259 888 2286 ad
906 2259 948 2286 al-

159 2317 247 2340 terum
261 2311 368 2338 axioma
381 2309 562 2344 progreditur,
581 2313 608 2335 et
625 2308 691 2334 illud
722 2307 844 2342 quidem.
876 2307 948 2341 quod

160 2358 250 2385 omnis
263 2364 345 2384 causa
364 2355 495 2390 quidquid
522 2354 569 2381 illa
598 2353 663 2380 facit
696 2358 723 2380 et
748 2353 901 2380 necessario
922 2356 950 2380 et

161 2408 236 2432 certo
251 2403 326 2434 facit,
343 2410 396 2429 non
409 2401 489 2429 tollit.
503 2399 558 2428 lloe
575 2407 694 2434 namque
721 2399 866 2434 proloquio
891 2399 946 2432 jam

160 2457 224 2478 ante
234 2451 336 2477 abusus
346 2447 398 2475 Tuit
411 2448 436 2474 in
451 2446 637 2480 disputatione
655 2446 688 2473 de
704 2446 872 2480 sempiterno
889 2453 949 2472 mo-

162 2501 202 2528 tu,
218 2503 298 2530 quem
319 2494 414 2527 utique
445 2492 668 2520 manifestissime
701 2492 894 2524 subvertisset,
926 2492 948 2519 si

160 2542 228 2568 illud
247 2541 298 2568 hoe
315 2541 376 2567 loco
393 2543 528 2574 negasset.
541 2538 662 2566 Deﬂectit
677 2539 761 2573 igitur
773 2539 805 2566 ad
832 2539 948 2566 alterum

159 2591 187 2613 et
198 2585 325 2619 allirmat,
338 2585 428 2618 aliqua
443 2591 537 2610 eorum
550 2592 609 2618 qum
619 2584 697 2616 liunt,
713 2585 771 2611 sine
783 2592 865 2612 causa
879 2586 948 2617 tieri,

151 2633 258 2660 “tollens
279 2632 330 2659 hoc
345 2632 426 2659 modo
441 2631 591 2662 notionem,
610 2639 689 2665 quam
706 2632 796 2659 nullus
828 2640 948 2667 unquam

158 2672 201 2704 vel
216 2677 326 2711 sapiens
359 2677 399 2703 vel
416 2676 536 2711 plebeius
561 2683 609 2711 pro
642 2677 746 2704 incerta
772 2677 948 2712 ambiguitate

152 2723 264 2755 'habnit,
278 2728 469 2758 praeterquam,
500 2728 529 2749 ut
544 2727 658 2757 apparet
676 2722 847 2750 Aristoteles.
865 2724 948 2758 Atqui

159 2770 240 2796 etiam
255 2771 312 2804 ipse
329 2769 490 2796 Aristoteles
506 2769 612 2799 statuit,
625 2776 704 2795 omne
722 2770 793 2803 quod
812 2775 947 2803 ιιιονι-ιιιν,

158 2819 193 2845 ah
207 2818 378 2845 alinmnveri.
393 2818 448 2852 Ego
465 2825 527 2844 vero
538 2818 589 2844 hoc
602 2817 688 2852 ipsum
701 2817 806 2844 axioma
822 2824 950 2850 quu'cun-

158 2871 211 2898 que
228 2864 350 2892 videlicet
370 2868 522 2897 moventur,
555 2865 588 2891 ab
619 2865 672 2891 alio
699 2863 813 2895 moveri,
840 2868 947 2897 propter

1299 1526 1427 1554 ΚΕΦΑΛ.
1447 1528 1502 1554 111⁸.

1038 1570 1155 1605 Μέτειμι
1178 1571 1206 1597 δὲ
1223 1571 1270 1599 καὶ
1295 1572 1339 1599 ἐπ’
1355 1574 1442 1600 ὲκετνο
1457 1574 1488 1600 τὺ
1503 1574 1532 1600 ἐν
1555 1575 1588 1610 τῇ
1605 1577 1676 1610 μετὰ
1697 1577 1731 1604 τὰ
1751 1587 1802 1612 φυ-

1003 1617 1066 1643 σικὰ
1080 1618 1258 1654 πραγματείᾳ
1274 1619 1384 1645 πάντων
1398 1628 1449 1645 που
1462 1620 1620 1654 φαυλότατα
1637 1623 1800 1657 εἰρημένον.

1005 1664 1101 1695 Ὀντος
1115 1665 1171 1698 γὰρ
1187 1664 1356 1698 ζητήματος,
1371 1665 1475 1699 πότερα
1500 1667 1606 1693 ἅπαντα
1629 1667 1661 1700 ὲξ
1675 1669 1802 1704 ἀνάγκης

1002 1709 1137 1743 γίγνεται,
1156 1710 1171 1744 ἣ
1195 1710 1269 1736 ἔστιν
1283 1709 1301 1736 ἃ
1323 1711 1370 1737 καὶ
1395 1712 1444 1738 οὐκ
1459 1713 1486 1745 ἐξ
1502 1713 1627 1748 ἀνάγκης
1642 1717 1799 1750 γιγνόμενα

1002 1754 1056 1781 τῶν
1069 1755 1250 1788 γιγνομένων.
1267 1755 1322 1782 Καὶ
1339 1756 1394 1782 τῶν
1413 1757 1442 1789 ἐξ
1458 1758 1581 1793 ἀνάγκης
1599 1760 1711 1787 ἅπαντα
1726 1762 1801 1788 τιθε-

1004 1801 1092 1834 μένων
1106 1801 1247 1834 γίγνεσθαι
1263 1802 1294 1827 ὲκ
1307 1801 1382 1828 δυοῖν
1393 1803 1484 1829 αὐτῶν
1504 1805 1670 1839 ἀξιωμάτων
1687 1807 1798 1834 δεικνύ-

1001 1855 1046 1873 ναι
1058 1848 1245 1882 πειρωμένων,
1268 1849 1326 1878 ἑνὸς
1344 1849 1395 1882 μὲν
1421 1849 1469 1875 τοῦ
1501 1851 1573 1877 ἅπαν
1587 1851 1617 1878 τὸ
1633 1853 1798 1888 γιγνόμενον

1002 1893 1048 1918 ὑπ’
1062 1893 1149 1919 αιτίου
1163 1893 1236 1925 τινος
1249 1894 1397 1927 ἀναγκαῖον
1409 1893 1482 1920 εἶναι
1506 1897 1640 1929 γίνεσθαι,
1659 1898 1758 1932 ἐτέρου
1770 1899 1797 1925 δὲ

1001 1938 1050 1965 τοῦ
1076 1938 1148 1964 ἆπαν
1165 1938 1251 1964 αἴτιον
1276 1939 1289 1965 ὃ
1305 1947 1332 1964 τι
1355 1939 1388 1965 ἂν
1398 1939 1482 1974 δρῴη,
1504 1941 1610 1976 ἀνάγκη
1627 1950 1657 1968 τε
1670 1943 1718 1968 καὶ
1730 1943 1798 1977 ὡρι-

1003 1985 1108 2019 σμένως
1124 1984 1189 2011 αὐτὸ
1210 1985 1287 2020 δρᾷν,
1304 1984 1492 2021 Ἀριστοτέλης
1506 1987 1626 2021 συνορῶν
1642 1989 1693 2024 τὴν
1712 1990 1800 2023 ανάγ-

1002 2039 1053 2066 κην
1078 2030 1146 2063 τοῦ,
1178 2031 1284 2058 τούτοιν
1313 2032 1460 2066 κειμένοιν,
1483 2033 1592 2060 ἅπαντα
1620 2034 1650 2066 ἐξ
1673 2035 1798 2070 ἀνάγκης

1002 2078 1154 2112 γίγνεσθαι.
1172 2078 1420 2113 συμπεραίνεσοαι,
1437 2079 1482 2106 ῐνα
1499 2079 1536 2114 μὴ
1552 2079 1633 2106 τοῦτο
1652 2083 1795 2116 συγχωρὴ-

1003 2132 1049 2160 an,
1065 2124 1177 2159 οάτερον
1194 2125 1241 2159 τῆς
1256 2125 1426 2158 ἀντιφάσεως
1437 2127 1532 2160 μόριον
1548 2125 1699 2160 λαμϐάνων
1711 2127 1748 2158 ὡς
1764 2128 1795 2162 δὴ

1003 2170 1129 2205 ἔμπεδον,
1153 2171 1200 2196 καὶ
1216 2170 1298 2201 τιθεὶς
1321 2169 1393 2198 εἶναι
1414 2171 1488 2198 ἐστιν
1509 2171 1527 2198 ἂ
1556 2172 1612 2198 τῶν
1626 2173 1796 2207 γιγνομὲνων

1003 2219 1050 2243 καὶ
1063 2216 1092 2249 ἐξ
1107 2217 1228 2251 ἀνάγκης
1243 2218 1402 2251 γιγνόμενα,
1421 2218 1492 2244 κατὰ
1514 2218 1629 2252 θατέρου
1643 2220 1702 2244 τοῖν
1718 2219 1797 2251 ἀξιω-

1003 2263 1099 2296 μάτοιν
1112 2265 1206 2297 χωρεῖ,
1222 2263 1268 2288 καὶ
1282 2263 1312 2289 τὸ
1336 2263 1385 2297 μὲν
1403 2262 1476 2290 ἅπαν
1488 2263 1575 2289 αἴτιον
1590 2265 1603 2290 ὅ
1620 2273 1646 2290 τι
1662 2264 1695 2290 ἂν
1710 2264 1795 2298 ὁρῴη,

1000 2309 1107 2343 ἀνάγκῃ
1122 2317 1151 2335 τε
1167 2309 1213 2335 καὶ
1226 2308 1388 2344 ὡρισμένως
1413 2309 1492 2344 δρᾷν,
1508 2309 1558 2335 οὐκ
1586 2310 1706 2344 ἀναιρεῖ.
1727 2310 1794 2344 Ἤδη

1000 2354 1054 2388 γὰρ
1069 2353 1142 2389 αὑτῷ
1157 2354 1260 2388 φθάσας
1277 2354 1482 2388 κατακέχρηται
1508 2355 1537 2380 ἐν
1552 2355 1609 2385 τοῖς
1622 2355 1691 2389 περὶ
1708 2355 1792 2381 ἀϊδίου

1000 2400 1132 2435 κινήσεως
1147 2401 1247 2434 λόγοις.
1263 2400 1349 2432 Αὐτὸς
1364 2398 1411 2427 οὖν
1426 2400 1459 2426 ἂν
1476 2400 1558 2426 αὑτὸν
1574 2402 1794 2434 περιφανέστατα

1001 2447 1181 2480 περιέτρεπεν
1198 2447 1221 2472 εἰ
1237 2446 1316 2472 τοῦτο
1332 2446 1427 2481 ἀνῄρει
1438 2454 1446 2461 σ
1464 2447 1534 2472 κατὰ
1549 2446 1578 2472 δὲ
1592 2446 1624 2480 δὴ
1635 2447 1684 2473 τοῦ
1700 2446 1793 2473 λοιποῦ

1000 2494 1095 2527 χωρεῖ,
1112 2494 1158 2519 καὶ
1173 2493 1243 2526 ἀξιοῖ
1261 2493 1405 2526 γίγνεσθαι
1417 2493 1471 2518 τῶν
1484 2491 1655 2526 γιγνομένων
1671 2493 1734 2518 τινὰ
1749 2494 1793 2518 καὶ

1001 2539 1087 2566 αίτίου
1106 2541 1200 2574 χωρὶς,
1217 2540 1326 2574 ἀξίωμα
1339 2539 1460 2574 ἀναιρῶν
1474 2539 1563 2566 οὐδενὶ
1580 2540 1643 2571 ὅτῳ,
1658 2540 1690 2566 οὐ
1707 2539 1788 2573 σοφῷ,

1000 2587 1050 2612 οὐκ
1067 2586 1168 2622 ἰδιώτῃ,
1186 2587 1216 2612 οὒ
1233 2587 1333 2617 παντὸς
1347 2586 1447 2620 μᾶλλον
1463 2586 1579 2620 ἔμπεδον
1601 2583 1673 2612 εἶναι
1689 2586 1791 2617 δοκοῦν,

1001 2633 1071 2668 πλήν
1086 2641 1116 2667 γε
1135 2633 1167 2667 δὴ
1180 2632 1274 2664 αὑτοῦ,
1289 2633 1326 2663 ὡς
1349 2633 1447 2663 έοικεν,
1471 2632 1685 2666 Ἀριστοτέλους.
1701 2633 1791 2659 Καίτοι

1000 2679 1080 2710 αὐτὸς
1099 2678 1289 2712 Ἀριστοτέλης
1312 2679 1394 2710 ἀξιοῖ,
1411 2678 1484 2705 ἆπγν
1511 2679 1541 2704 τὺ
1556 2677 1719 2712 κινούμενον
1746 2678 1793 2704 ὑπό

1000 2735 1072 2757 τινος
1097 2725 1243 2752 κινεῖσθαι.
1280 2725 1350 2758 Ἐγὼ
1373 2725 1396 2750 δ’
1409 2723 1489 2759 ᾢμηκι
1505 2725 1551 2758 καὶ
1571 2723 1653 2750 τοῦτο
1670 2724 1692 2750 δ’
1711 2725 1792 2750 ἐκεῖνο

1003 2771 1105 2806 ἰσχύειν
1124 2771 1233 2805 μᾶλλον,
1247 2770 1264 2804 ἦ
1283 2770 1349 2796 αὐτὸ
1368 2769 1403 2795 δι’
1425 2770 1505 2796 ἀὺτό.
1531 2770 1608 2796 Ἐπεὶ
1625 2771 1680 2804 γὰρ
1697 2771 1749 2796 πᾶν
1764 2769 1791 2795 τὸ

1001 2816 1160 2851 κινούμενπν
1176 2816 1299 2850 γίγνεται
1315 2816 1401 2850 ταύτῃ
1459 2817 1574 2842 κινεῖται
1593 2815 1721 2850 (ἕκαστον
1741 2816 1790 2848 τὲιρ

1000 2862 1054 2888 τῶν
1088 2863 1116 2888 ἐν
1144 2861 1183 2896 τῷ
1215 2861 1367 2896 κινουμένῳ
1405 2862 1564 2897 κινημάτων
1594 2861 1702 2895 γένεσίς
1731 2863 1790 2895 τις),
