1864 3056
73 151 142 181 illi}

434 153 484 184 DE
505 153 715 184 PLATONlCA
738 154 787 184 ET
807 153 1088 185 ARISTOTELICA
1104 151 1378 184 PllILOSOPHlAi

1657 151 1723 184 911’

69 213 159 238 ἆπαν
190 212 217 238 δὲ
247 210 275 238 τὸ
292 212 452 246 γιγνόμενον
473 213 518 239 ὑπ’
531 213 618 240 αἰτίου
635 213 707 244 τινος
738 213 861 246 γίγνεται

961 211 993 238 ud
1008 210 1123 236 alterum
1142 209 1232 235 valere
1248 208 1334 244 magis
1347 215 1428 242 quam
1441 207 1526 242 ipsum
1546 215 1592 242 per
1606 216 1634 235 sc
1650 209 1708 234 cxi-

69 258 128 284 καὶ
160 258 233 285 am
248 258 278 284 τί»
309 259 467 293 κινούμενον
493 259 545 285 ὑπὸ
560 267 630 291 τινος
648 260 735 286 αἰτίου
767 261 868 285 κινοῖτο

67 303 120 330 ἄν.
148 304 177 330 '0
194 304 222 330 δὲ
242 305 329 330 ἐκεῖνο
349 304 477 339 ἀναιρῶν,
495 305 566 331 τοῦτ’
580 305 698 339 ἔμπεδον
717 305 803 330 οἴεται
829 304 868 332 ἔτι

67 349 172 384 ἐαιτῷ
189 349 309 377 ἔσεσθαι.
329 350 384 377 Καὶ
398 351 429 376 οὐ
453 351 553 385 συνορᾷ
579 351 626 378 καὶ
653 352 702 385 τὴν
732 350 779 376 τοῦ
796 350 868 377 θείου

65 395 170 427 δόξαν,
183 395 278 422 τούτου
294 395 341 422 τοῦ
357 394 511 430 ἀξιώματος
526 397 736 431 ἀναιρουμένου,
754 396 867 422 ἀσθενε-

68 441 181 474 στέραν
195 441 370 475 γιγνομένην.
381 442 459 475 Δῆλοι
476 443 529 476 γάρ
543 443 612 468 εἰσιν
627 442 651 468 οἱ
673 441 812 477 ἄνθρωποι
826 442 869 468 διὰ

67 485 176 511 τούτου
195 486 242 512 τοῦ
258 486 413 521 ἀξιώματος
429 488 477 521 τὴν
492 489 602 523 πρώτην
619 489 665 515 καὶ
691 490 869 524 προχειροτά-

66 539 127 566 την
142 532 190 558 τοῦ
208 532 280 560 θείου
294 533 371 566 δόξαν
395 534 588 569 λαμϐάνοντες.
609 534 685 562 Ἐπεὶ
704 537 758 571 γὰρ
776 536 869 569 φαίνε-

65 585 121 603 ται
140 577 216 604 ἐστιν
230 578 247 605 ἃ
275 579 328 605 τῶν
355 576 385 605 ἐν
397 579 464 615 τῷδε
489 581 527 615 τῷ
541 581 648 616 οὐρανῷ
667 582 821 616 γιγνόμενα
838 583 868 609 οὐ

67 623 127 654 τάς
143 631 176 657 γε
197 624 286 656 αἰτίας
312 624 432 660 φανερὰς
458 625 565 660 ἔχοντα,
596 627 621 653 ol
651 627 800 662 ἄνθρωποι,
821 629 869 655 ἇτε

67 667 156 694 ἅπαν
181 669 343 704 γιγνόμενον
367 671 413 697 ὑπ’
429 671 516 698 αἰτίου
537 673 611 704 τινῖς
625 672 748 706 γίνεσθαι
763 673 869 706 ἀξιοῦν-

67 722 134 746 τες,
150 714 197 739 ἐπὶ
211 713 259 749 τὴν
274 714 321 741 τοῦ
335 715 406 742 Gelo-4
417 715 494 748 δόξαν
503 717 692 752 ἀναφέρονται.
704 718 777 744 Ἔδει
792 718 814 745 δ’
828 719 870 744 ὲν-

67 757 218 791 δείξασθαι
242 761 427 797 Ἀριστοτέλη,
443 762 490 789 καὶ
505 762 530 788 ’τί
547 771 612 789 ποτε
628 763 680 797 ἄρα
698 764 770 791 ἐστὶν
782 765 869 791 ἐκεῖνο

67 804 103 829 τὸ
124 804 190 831 ἄνευ
207 806 293 832 αἰτίου
307 806 479 840 γιγνόμενον,
496 807 543 834 καὶ
563 808 600 843 μὴ
623 808 716 840 ἁπλῶς
728 808 814 840 οὕτως
831 810 869 835 εἱ-

68 850 150 876 πεῐν.
174 850 246 876 Ἀλλ’
263 851 321 885 ἐρεῖ
349 860 390 883 τις
412 851 476 882 ἴσως
491 853 520 878 τὸ
538 852 723 886 βουλεύεσθαι,
741 853 810 880 οὕτω
823 855 868 880 καὶ

68 894 164 920 αὑτοῦ
187 896 392 930 ’Λριπτοτέλους
418 897 446 922 ἐν
461 897 517 928 τοῖς
536 898 600 931 περὶ
613 898 761 933 ἑρμηνείας
784 899 865 926 αὐτοῦ

70 940 192 974 βιϐλίοις
208 941 502 978 φάακοντος.’ορὦμεν
514 942 568 978 γὰρ
583 943 621 974 ὡς
639 943 712 970 ἔστιν
727 945 799 979 ἀρχὴ
812 945 865 971 τῶν

68 985 218 1018 ἐσομένων
246 986 291 1012 καὶ
317 986 370 1012 ἀπδ
394 986 440 1013 τοῦ
471 987 646 1021 βουλεύεσθαι
675 988 722 1015 καὶ
739 989 792 1015 ἀπὸ
818 989 865 1016 τοῦ

70 1030 182 1064 πρᾶξαί
198 1039 234 1058 τι.
259 1031 340 1058 Ἀλλὰ
367 1033 418 1059 κάν
435 1033 522 1069 τούτῳ
536 1033 663 1068 ψεύδεται
689 1035 845 1070 περιφανῶς
857 1043 870 1071 Ἰ

69 1076 104 1102 οὗ
118 1077 175 1112 γὰρ
191 1077 261 1113 ἀρχὴ
275 1078 306 1104 τὸ
322 1078 498 1113 βουλεύεσθαι
517 1081 571 1107 τῶν
587 1082 735 1116 ἐσομένων,
750 1081 808 1109 ἀλλ’
825 1083 866 1109 ατ-

69 1130 134 1148 τιον
151 1123 202 1156 μέν
218 1132 269 1149 που
286 1123 359 1150 ἔστιν
374 1121 420 1157 ὦν,
439 1125 511 1161 ἀρχὴ
526 1126 548 1153 δ’
569 1126 602 1153 ἂν
616 1127 682 1153 αὐτὸ
697 1127 726 1154 τὸ
741 1127 866 1162 βουλεύε-

70 1168 139 1195 σθαι
153 1170 183 1195 οὐ
199 1171 268 1196 πάνυ
288 1179 339 1202 τοι,
358 1173 528 1206 φαινομένων
543 1173 592 1200 καὶ
609 1174 704 1200 τούτου
725 1175 865 1210 προτέρων

69 1215 182 1248 αἰτιῶν,
199 1216 252 1242 τῶν
276 1219 494 1252 περιισταμένων
507 1220 581 1255 ἡμᾶς
598 1221 778 1255 πραγμάτων.
791 1221 865 1256 Δῆλα

69 1261 128 1296 γὰρ
143 1262 187 1296 δὴ,
200 1262 240 1288 ὅτι
255 1263 292 1297 μὴ
306 1264 492 1297 περιστάντων
506 1265 582 1300 ἡίᾶς
592 1267 763 1300 πραγμάτων
777 1267 865 1294 τοιού-

71 1316 130 1334 των
148 1309 242 1340 τινῶν,
269 1309 332 1335 εἴων
346 1310 423 1343 δόξαν
442 1311 509 1346 ἡμῖν
520 1311 557 1343 ὡς
579 1311 724 1346 βουλευτέα
740 1313 784 1348 εἴη
812 1322 865 1339 πα-

73 1355 225 1389 ραστῆσαι,
244 1356 298 1382 οὐδ’
315 1356 347 1382 ἂν
363 1356 589 1392 βουλευσαίμεθα.
608 1358 688 1386 Ἀλλὰ
712 1358 790 1385 τοῦτο
815 1359 864 1393 μὲν

71 1401 150 1434 αὖτῷ
162 1402 295 1430 τοιοῦτον,
315 1403 397 1436 Ἡμῖν
412 1404 439 1430 δὲ
460 1404 579 1431 δεικτέον
593 1406 639 1431 καὶ
664 1406 693 1431 ἔν
708 1406 804 1432 τούτου
818 1406 863 1432 τοῦ

70 1447 234 1481 ἀξιώματος
263 1450 295 1483 τῇ
324 1449 460 1484 ἀναιρέσει
492 1449 664 1485 Ἀριστοτέλη
692 1451 767 1478 οὐδὲν
783 1449 864 1488 ἦττον

72 1493 157 1518 αὑτὸν
178 1492 223 1526 ὑφ’
239 1492 322 1520 αὐτοῦ
352 1494 597 1528 περιτρεπόμενον.
626 1495 762 1529 Οὑδεμίαν
788 1497 864 1531 ἐνέρ-

71 1547 153 1572 γειαν
167 1539 199 1565 ἐκ
216 1539 355 1573 δυνάμεως
373 1540 550 1574 μεταϐάλλειν
578 1541 766 1577 Ἀριστοτέλης
777 1543 860 1575 ἀξιοῖ,
876 1557 898 1585 c

73 1584 113 1618 μὴ
129 1584 228 1618 ἐτέρας
259 1584 342 1619 αὐτὴν
365 1585 500 1620 προτέρας
516 1587 656 1621 ἐνεργείας
687 1587 755 1621 πρὸς
779 1587 858 1615 τοῦτο

71 1631 267 1665 κεκινηκυίας,
294 1631 340 1657 καὶ
354 1632 440 1667 τούτῳ
455 1640 485 1658 τε
510 1633 652 1668 χρώμενος
673 1635 701 1660 ἐν
715 1636 772 1666 τοῖς
794 1638 859 1670 περὶ

72 1676 161 1703 ἀϊδίου
179 1677 310 1712 κινήσεως
326 1677 414 1711 λόγοις
430 1677 467 1712 τῷ
480 1678 614 1712 ἀξιώματι
629 1681 675 1705 καὶ
687 1679 803 1716 θιτέρῳ,
820 1682 857 1717 τῷ

72 1721 148 1748 ἅπαν
170 1722 256 1748 αἴτιον
284 1722 390 1757 ἀνάγκῃ
420 1722 486 1758 δρᾷν
510 1723 524 1749 ὃ
540 1731 566 1749 τι
586 1725 619 1751 ἂν
645 1725 717 1760 δρῴη
732 1725 864 1760 ἀξιοῦντι,

72 1768 124 1801 τὴν
135 1767 220 1794 ἀΐδιον
231 1767 338 1801 κίνησιν
349 1769 540 1803 συμπεραίνει.
568 1770 672 1797 Οὐκοῦν
689 1772 715 1798 ei
727 1780 752 1797 τι
765 1772 868 1805 γίγνοι-

73 1823 104 1840 το
124 1814 179 1840 τῶν
194 1815 361 1848 γιγνομένων
390 1815 421 1841 ἐκ
446 1814 586 1849 δυνάμεώς
611 1824 663 1842 που
683 1818 712 1848 ἐς
726 1818 866 1852 ἐνέργειαν

75 1861 234 1896 μεταϐαλεῖ,
259 1862 299 1893 εἱς
324 1861 358 1897 ἢν
382 1861 475 1888 οὔποτ’
506 1862 540 1888 ἂν
565 1863 740 1897 μεταϐάλλοι,
763 1864 799 1899 μὴ
818 1865 866 1900 οὐχ

74 1907 174 1943 ἑτέρας
191 1907 326 1942 προτέρας
354 1907 494 1943 ἐνεργείας
509 1908 611 1943 ταύτην
626 1909 701 1944 αὐτῷ
717 1909 766 1944 τὴν
781 1919 865 1945 μετα·

73 1953 158 1988 σολὴν
174 1953 398 1988 ἀπειργασμένης
408 1960 417 1968 ·
432 1954 448 1988 ἢ
462 1953 493 1989 δὴ
515 1954 562 1980 καὶ
584 1953 633 1988 τῆς
644 1955 777 1988 γενέσεως
790 1955 865 1991 αὐτῷ

73 2000 154 2026 ἔσται
166 2000 252 2027 αἰτία,
277 1999 332 2026 Καὶ
347 1998 418 2026 οὕτω
438 1999 576 2027 οὐδοτιοῦν
602 2001 636 2027 ἂν
656 2001 761 2035 γένοιτο
778 2002 865 2028 αιτίου

73 2045 172 2080 χωρίς.
186 2046 242 2072 Καὶ
258 2045 337 2080 δῆλός
356 2046 429 2072 ἐστιν
444 2045 631 2081 Ἀριστοτέλης
653 2047 680 2072 ὲν
691 2048 724 2082 τῇ
742 2047 776 2073 τὰ
797 2048 867 2081 μετὰ

72 2092 110 2118 τὰ
121 2091 225 2125 φυσικὰ
239 2091 312 2126 αὐτῷ
335 2092 511 2127 πραγματείᾳ
530 2092 581 2123 τὰς
607 2092 707 2125 πολλὰς
735 2093 788 2120 τῶν
804 2094 867 2120 ἑαυ-

73 2136 123 2164 τοῦ
155 2136 282 2172 ἀμαθιῶν
297 2138 489 2172 συμφορήσας,
517 2137 596 2165 τοῦτό
622 2147 673 2165 που
699 2139 866 2174 φαυλότατον

77 2187 190 2213 πάντων
207 2186 335 2221 εἰρηκώς.

922 255 1101 283 sliumverim.
1122 253 1188 282 Cum
1206 255 1277 281 enim
1294 261 1374 281 omne
1389 254 1460 288 quod
1479 259 1614 288 moretur,
1646 254 1709 281 inde

921 301 967 328 liat
981 302 1037 328 sive
1066 302 1192 334 exsistat,
1225 302 1295 329 unde
1327 302 1413 336 ipsum
1445 305 1568 329 meretur
1598 301 1707 336 (singuli

920 349 993 375 enim
1011 353 1103 376 motus
1117 349 1318 383 quodammodo
1335 350 1520 384 producuntur
1535 350 1561 376 in
1575 357 1618 381 eo,
1635 350 1706 382 quod

921 395 1068 430 movetur),
1082 403 1161 422 omne
1183 399 1272 422 autem
1284 395 1355 429 quod
1369 395 1406 428 fit,
1422 395 1446 421 id
1463 396 1507 422 liat
1524 403 1538 421 a
1558 403 1639 422 causa
1656 395 1707 422 ali-

920 448 984 476 qua,
999 446 1129 475 sequetur
1146 441 1218 473 inde,
1229 441 1300 474 quod
1311 441 1391 468 etiam
1399 448 1478 468 omne
1489 441 1559 474 quod
1574 446 1705 472 movetur,

919 489 954 515 ab
967 488 1061 522 aliqua
1079 495 1161 515 causa
1178 495 1294 515 necesse
1310 487 1344 514 sit
1360 487 1473 514 moreri.
1489 488 1522 513 At
1551 487 1595 514 ille
1620 487 1707 522 posito

922 535 972 562 hoc
984 543 1032 569 pro
1046 536 1221 566 corilirmato,
1254 535 1406 568 aliquarum
1421 535 1525 562 scilicet
1539 542 1626 562 rerum
1641 543 1707 562 cau-

923 588 980 606 sam
997 588 1058 607 esse
1071 580 1185 612 nullam,
1210 580 1388 608 nihilominus
1411 584 1501 607 tamen
1533 579 1596 606 illud
1619 579 1708 606 adhuc

921 625 1030 652 firmum
1047 625 1105 652 l'ore
1122 626 1262 660 opinatur,
1278 626 1346 660 quod
1365 627 1397 653 ab
1413 626 1516 660 aliquo,
1541 633 1708 660 quaecunque

920 676 1075 702 moventur,
1091 672 1192 698 moveri
1214 673 1249 699 sit
1280 680 1401 700 neceSse.
1419 671 1471 699 Nec
1502 671 1705 704 animadvertit,

921 718 992 753 quod
1009 718 1117 744 sublata
1130 712 1283 752 aliquarum
1301 725 1392 744 rerum
1422 725 1483 752 quae
1512 717 1578 744 ﬁunt
1611 725 1705 748 causa,

920 763 1000 790 etiam
1017 763 1111 797 opinio
1126 771 1185 797 qua:
1203 763 1319 790 habetur
1331 762 1365 790 de
1380 763 1433 789 Deo
1450 763 1566 790 debilior
1586 763 1707 790 imbecil-

921 809 1025 843 liorque
1039 808 1094 835 ﬁat.
1121 808 1293 836 Manifestum
1321 813 1363 835 est
1388 809 1470 840 enim,
1501 810 1572 843 quod
1595 808 1705 844 quidam

922 860 1030 890 propter
1046 855 1115 883 hanc
1129 855 1268 883 notionem
1283 862 1344 890 quae
1359 854 1451 886 habet,
1481 856 1546 882 nihil
1573 856 1631 882 sine
1657 863 1705 883 sua

921 907 1002 927 causa
1020 900 1088 932 ﬁeri,
1112 901 1276 939 praecipuam
1305 905 1332 927 et
1353 900 1569 935 rnlgarissimam
1593 901 1625 928 de
1651 901 1707 927 Deo

920 946 1083 973 sententiam
1110 946 1321 980 amplectantur.
1348 945 1416 974 Nam
1447 947 1558 981 quando
1582 947 1706 974 videntur

919 992 1021 1025 aliqua,
1035 999 1096 1026 qua:
1108 991 1176 1018 ﬁunt
1194 992 1220 1019 in
1237 992 1289 1019 hoc
1306 993 1417 1024 mundo,
1434 1001 1520 1027 caque
1548 993 1708 1021 manifestas

920 1045 973 1064 non
990 1037 1089 1065 habent
1100 1045 1207 1070 causas,
1225 1043 1281 1065 tum
1297 1039 1430 1069 homines,
1458 1039 1504 1073 qui
1525 1046 1608 1065 omne
1633 1039 1706 1073 quod

920 1084 960 1115 iit,
971 1084 1003 1111 ab
1019 1084 1112 1119 aliqua
1134 1091 1217 1112 causa
1250 1084 1306 1112 fieri
1334 1089 1502 1118 compertum
1530 1084 1641 1115 habent,
1673 1084 1708 1112 ad

918 1134 1023 1158 natura:
1052 1130 1152 1157 divina:
1180 1130 1365 1165 cognitionem
1395 1130 1530 1156 feruntur.
1559 1128 1708 1163 Oportebat

920 1181 1011 1203 autem
1038 1176 1238 1208 demonstrare,
1259 1183 1275 1203 0
1303 1175 1473 1206 Aristotcles,
1500 1175 1643 1209 qualenam
1673 1176 1708 1202 sit

921 1222 995 1254 illud,
1007 1223 1079 1255 quod
1093 1221 1152 1249 sine
1167 1229 1250 1248 causa
1266 1222 1352 1254 ﬂeret,
1367 1229 1455 1256 neque
1483 1221 1520 1248 ita
1547 1221 1708 1255 simpliciter

918 1276 974 1295 rem
987 1268 1130 1295 atiirmare.
1144 1268 1177 1294 At
1192 1268 1263 1295 dicet
1278 1267 1392 1294 fortasse
1407 1267 1506 1300 aliquis
1525 1267 1696 1294 deliberatio-

918 1321 979 1341 nem
993 1321 1052 1342 esse
1072 1321 1103 1341 ex
1119 1321 1150 1340 eo
1163 1321 1271 1348 genere,
1286 1313 1312 1341 id
1329 1314 1402 1348 quod
1428 1313 1486 1348 ipse
1506 1312 1665 1340 Aristoteles
1679 1313 1706 1339 in

918 1361 995 1388 libris
1007 1360 1040 1386 de
1061 1359 1284 1394 interpretatione
1308 1359 1413 1386 videtur
1448 1359 1549 1386 dicere.
1576 1358 1707 1386 Videmus

918 1414 1046 1442 namque,
1062 1406 1107 1439 ait,
1124 1405 1286 1440 principium
1302 1404 1455 1432 futurorum
1468 1412 1528 1432 cum
1547 1412 1560 1431 a
1572 1403 1707 1431 delibera-

919 1454 1001 1482 tione.
1034 1457 1088 1480 tmn
1108 1452 1141 1479 ab
1168 1451 1274 1479 actione
1300 1450 1357 1486 ipsa
1386 1450 1528 1478 exsistere.
1558 1449 1610 1477 Sed
1636 1449 1662 1476 in
1675 1457 1709 1476 eo

918 1498 997 1532 plane
1010 1500 1093 1524 errat.
1109 1496 1202 1530 Neque
1216 1495 1289 1522 enim
1307 1495 1468 1522 deliberatio
1484 1499 1525 1522 est
1539 1494 1704 1530 principium

918 1543 1082 1576 futurorum,
1099 1541 1204 1569 tametsi
1217 1541 1363 1576 aliquando
1378 1541 1413 1568 sit
1427 1549 1519 1569 causa.
1535 1540 1601 1575 Ejus
1613 1545 1705 1568 autem

918 1589 969 1623 rei,
986 1590 1018 1616 de
1032 1597 1085 1623 qua
1112 1588 1263 1616 deliberant
1294 1587 1430 1619 homines.
1460 1588 1518 1622 ipsa
1546 1587 1704 1621 neutiquam

917 1635 1082 1672 principium
1100 1639 1141 1663 est
1157 1633 1327 1666 deliberatio,
1341 1633 1560 1668 quandoquidem
1593 1633 1707 1668 huiusce

918 1683 1004 1717 ipsius
1018 1682 1077 1709 alia:
1091 1684 1223 1716 apparent
1252 1681 1357 1715 priores
1370 1685 1396 1707 et
1413 1679 1582 1714 antiquiores
1605 1685 1704 1708 causae.

917 1736 948 1755 ea
962 1727 1086 1755 videlicet
1100 1734 1160 1761 quae
1173 1733 1222 1752 nos
1243 1726 1427 1752 circumstant
1445 1723 1562 1757 negotia.
1577 1723 1617 1750 ldd
1634 1723 1707 1758 quod

918 1774 980 1800 inde
993 1772 1099 1808 liquido
1113 1777 1196 1807 patet,
1209 1771 1343 1806 siquidem
1356 1770 1408 1797 nisi
1424 1777 1473 1797 nos
1483 1770 1573 1803 aliqua
1588 1769 1707 1796 circum—

917 1822 990 1846 stent
1014 1817 1133 1852 ncgotia,
1161 1817 1194 1844 dc
1220 1817 1320 1851 quibus
1350 1814 1564 1843 consultandum
1591 1815 1706 1845 videtur,

917 1871 966 1891 nos
978 1871 1117 1898 nunquam
1144 1862 1477 1890 deliberaturi‘essemus.
1507 1860 1559 1887 Sed
1582 1863 1709 1887 transea-

918 1917 988 1943 mus,
1002 1909 1108 1944 ipsique
1132 1907 1272 1935 Aristoteli
1303 1908 1354 1934 hoc
1382 1906 1479 1941 dogma
1504 1906 1704 1941 relinquamus.

916 1955 1051 1983 Jamwm
1067 1955 1173 1982 sublato
1191 1955 1241 1981 hoc
1271 1954 1408 1980 axiomate
1436 1960 1443 1980 :
1464 1953 1586 1979 omnium
1614 1959 1707 1978 rerum

917 2009 978 2030 esse
1003 2001 1122 2036 aliquam
1163 2008 1288 2032 causam,
1325 1999 1497 2026 Aristotelem
1527 1998 1705 2026 nihilominus

917 2048 1027 2083 sibiipsi
1054 2055 1115 2075 esse
1143 2047 1308 2074 contrarium
1340 2046 1526 2073 ostendemus.
1556 2044 1630 2072 Nihil
1660 2044 1710 2072 ille

917 2095 1108 2122 arhitraturex
1138 2093 1263 2128 potentia
1292 2093 1319 2119 in
1350 2096 1439 2119 aetum
1465 2098 1618 2125 erumpere,
1652 2090 1708 2118 nisi

919 2142 988 2169 alius
1002 2134 1112 2176 quidem
1130 2139 1274 2167 antecedat
1287 2144 1375 2171 actus,
1394 2139 1440 2174 qui
1458 2138 1584 2165 latentem
1612 2138 1707 2165 occul-

919 2194 1032 2223 tamque
1044 2188 1118 2215 illam
1129 2187 1184 2214 vim
1202 2187 1258 2213 sive
1275 2185 1425 2220 potentiam
1440 2184 1473 2211 ad
1489 2183 1616 2211 alIectum
1648 2184 1708 2211 sive

73 2243 166 2262 actum
179 2235 311 2269 impellat,
326 2241 353 2262 et
366 2237 533 2270 promoveat.
549 2234 605 2263 Hoc
639 2235 726 2270 ipsum
748 2236 855 2263 axioma
883 2236 911 2263 in
931 2236 1117 2271 disputatione
1151 2235 1184 2261 de
1199 2234 1365 2268 sempiterno
1400 2237 1475 2259 motu
1503 2238 1648 2266 usurpans,
1677 2233 1706 2258 et

74 2286 190 2313 alterum
206 2284 282 2317 illud,
310 2292 418 2311 omnem
446 2291 556 2313 causam
588 2284 745 2312 necessario
787 2291 878 2318 agere,
901 2286 945 2312 'id
976 2284 1049 2319 quod
1086 2284 1151 2319 agit,
1183 2281 1426 2317 sempiternitatem
1466 2286 1556 2309 motus
1589 2285 1707 2308 conatur

72 2335 274 2362 demonstrare.
289 2332 406 2360 Proinde
424 2333 446 2361 si
459 2333 523 2368 quid
539 2333 585 2360 liat
599 2341 631 2360 ex
649 2333 683 2360 iis
696 2341 756 2368 qua:
781 2333 861 2364 liunt.
882 2333 908 2360 id
924 2333 1012 2369 ipsqu
1025 2341 1057 2360 ex
1071 2332 1191 2368 potentia
1209 2332 1234 2358 in
1247 2331 1334 2358 lucem
1351 2329 1465 2365 produci
1498 2336 1610 2357 necesse
1641 2327 1704 2360 erit,

74 2381 101 2407 in
113 2387 193 2414 quam
208 2387 289 2414 porro
308 2387 444 2414 nunquam
461 2379 636 2415 producetur,
651 2381 702 2407 nisi
717 2380 786 2408 alius
800 2381 910 2415 quidam
927 2381 1070 2409 antecedat
1084 2385 1172 2412 actus.
1203 2379 1250 2414 qui
1278 2378 1356 2404 talem
1385 2377 1564 2404 mutationem
1596 2376 1703 2404 cilicia!-

74 2426 160 2459 Qnem
179 2427 271 2460 utique
299 2426 377 2452 etiam
403 2426 586 2461 generationis
607 2427 795 2463 cujuscunque
824 2427 863 2454 rei
883 2432 1022 2455 auctorem
1038 2431 1064 2455 et
1081 2432 1191 2453 causam
1225 2423 1354 2452 constitui
1389 2426 1506 2456 oportet.
1539 2423 1627 2458 Atque
1653 2424 1706 2451 hoc

75 2473 156 2500 modo
172 2472 237 2499 nihil
254 2480 373 2507 unquam
393 2473 557 2505 invenietur,
586 2474 659 2509 quod
692 2475 751 2501 siue
773 2482 855 2502 causa
877 2474 934 2501 ﬁeri
965 2474 1018 2502 dici
1055 2473 1152 2508 possit.
1173 2471 1278 2506 Quibus
1298 2471 1491 2499 derno:;slratis
1506 2475 1619 2505 apparet
1650 2472 1705 2498 evi-

75 2519 234 2546 dentissime
248 2518 418 2546 Aristotelem
431 2519 457 2546 in
470 2526 502 2546 eo
513 2527 604 2554 opere,
619 2521 692 2555 quod
706 2520 739 2548 de
751 2521 782 2548 iis
797 2529 859 2555 qum
880 2528 924 2549 res
942 2521 1069 2556 physicas
1083 2524 1293 2554 consequuntur
1306 2518 1416 2546 inscribi
1430 2517 1509 2552 solet,
1529 2518 1599 2546 inter
1635 2518 1705 2547 alios

76 2565 176 2593 multos
189 2571 258 2600 qu0s
274 2566 410 2599 congessit
425 2573 532 2593 errores
542 2567 575 2604 .ln
593 2566 643 2594 hac
661 2573 690 2593 re
704 2566 861 2601 turpissime
880 2567 987 2601 lapsum
1004 2573 1075 2593 esse.

380 2612 506 2639 ΚΕΦΑΛ.
521 2612 581 2640 1Θ¹..

1234 2611 1387 2640 CAP.XIX.

111 2659 217 2694 Εὔηθες
227 2658 249 2685 δ’
261 2658 344 2692 αὖτοῦ
363 2659 410 2685 καὶ
432 2659 462 2685 τὸ
478 2660 510 2694 τῇ
529 2661 631 2694 φυσικῇ
654 2661 752 2693 ἐκεῖνο,
769 2661 799 2687 τὸ
815 2661 865 2696 τὴν

80 2706 188 2741 κίνησιν
206 2704 244 2740 μὴ
264 2705 430 2740 συγχωρεῖν,
448 2704 540 2740 διττήν
555 2714 584 2732 τε
599 2703 669 2732 εἶναι
690 2707 737 2732 καὶ
760 2706 869 2741 ὁμώνυ-

79 2761 138 2787 μην,
158 2751 208 2785 τὴν
226 2751 276 2786 μὲν
296 2751 449 2786 δραστικὴν
471 2751 501 2778 τέ
525 2761 586 2778 τινα
604 2753 652 2780 καὶ
671 2752 700 2778 ὲν
716 2752 753 2787 τῷ
775 2761 867 2779 κινου-

80 2798 161 2832 μένῳ.
174 2796 271 2823 Καίτιι
280 2796 334 2823 τῶν
348 2805 380 2830 γε
394 2796 537 2832 δυνάμεων
546 2797 601 2824 τῶν
609 2799 673 2833 περὶ
687 2798 795 2833 κίνησιν
812 2798 866 2825 Btt-

78 2843 130 2868 τῶν
150 2843 167 2877 ἡ
194 2841 243 2876 μὲν
270 2843 397 2877 κινητικὴ
431 2842 476 2868 καὶ
504 2843 531 2868 έν
557 2843 595 2876 τῷ
620 2844 772 2875 κινήτοντι,
795 2843 811 2877 ἡ
836 2842 864 2869 δὲ

82 2886 218 2922 παθητικῆ
245 2890 291 2914 καὶ
319 2889 347 2916 ὲν
371 2888 410 2923 τῷ
438 2888 645 2924 κινηηηοομένῳ
679 2889 733 2916 δέοι
759 2889 789 2916 ἂν
814 2890 860 2915 καὶ

957 2661 1048 2695 Neque
1064 2659 1130 2687 illud
1147 2658 1288 2689 sapientia:
1306 2658 1448 2691 cujusdam
1469 2657 1549 2685 habet
1574 2657 1704 2690 speciem,

919 2707 991 2741 quod
1010 2706 1079 2733 idem
1095 2704 1256 2732 Aristoteles
1276 2703 1303 2731 in
1322 2704 1442 2739 physicis
1468 2703 1559 2736 docet,
1578 2703 1621 2730 ubi
1646 2711 1703 2731 mo-

918 2755 973 2777 tmu
998 2758 1051 2777 non
1068 2749 1195 2777 concedit
1223 2756 1285 2776 esse
1314 2749 1448 2783 duplicem
1465 2753 1492 2776 et
1521 2750 1703 2784 mquivocum,

916 2798 999 2824 alium
1009 2797 1116 2832 quidem
1126 2796 1245 2823 activum
1257 2795 1303 2829 qui
1313 2799 1354 2823 est
1366 2795 1391 2822 in
1404 2801 1537 2827 movente,
1547 2795 1630 2822 alium
1640 2804 1704 2824 vero

918 2843 1066 2878 passivum,
1078 2842 1123 2878 qui
1136 2848 1177 2869 cst
1191 2841 1216 2868 in
1230 2848 1262 2868 co
1275 2841 1347 2876 quod
1365 2846 1500 2868 movetur.
1525 2841 1608 2878 Atqui
1640 2850 1702 2870 cum

915 2890 969 2918 sint
986 2889 1113 2924 potentia:
1127 2888 1199 2916 circa
1228 2893 1331 2915 motum
1358 2887 1488 2924 duplices,
1508 2897 1561 2917 una
1591 2889 1705 2925 quidem
