  <div class='ocr_page' id='page_1' title='image "/cluster/home/n/w/nwhite01/storage/ocr_20150623/160/njp.32101010941936/533.png"; bbox 0 0 1864 3056; ppageno 0'>
   <div class='ocr_carea' id='block_1_1' title="bbox 156 117 210 149">
    <p class='ocr_par' dir='ltr' id='par_1_1' title="bbox 156 117 210 149">
     <span class='ocr_line' id='line_1_1' title="bbox 156 117 210 149; baseline 0 0"><span class='ocrx_word' id='word_1_1' title='bbox 156 117 210 149; x_wconf 79' lang='grc'><strong>915</strong></span> 
     </span>
    </p>
   </div>
   <div class='ocr_carea' id='block_1_2' title="bbox 774 121 1177 152">
    <p class='ocr_par' dir='ltr' id='par_1_2' title="bbox 774 121 1177 152">
     <span class='ocr_line' id='line_1_2' title="bbox 774 121 1177 152; baseline -0.002 -2"><span class='ocrx_word' id='word_1_2' title='bbox 774 121 938 152; x_wconf 76' lang='lat' dir='ltr'><strong>GEORGII</strong></span> <span class='ocrx_word' id='word_1_3' title='bbox 955 121 1177 152; x_wconf 81' lang='lat' dir='ltr'><strong>PLE&#39;I‘IIONIS</strong></span> 
     </span>
    </p>
   </div>
   <div class='ocr_carea' id='block_1_3' title="bbox 1748 118 1804 149">
    <p class='ocr_par' dir='ltr' id='par_1_3' title="bbox 1748 118 1804 149">
     <span class='ocr_line' id='line_1_3' title="bbox 1748 118 1804 149; baseline 0.018 -1"><span class='ocrx_word' id='word_1_4' title='bbox 1748 118 1804 149; x_wconf 81' lang='lat'><strong>916</strong></span> 
     </span>
    </p>
   </div>
   <div class='ocr_carea' id='block_1_4' title="bbox 154 162 938 211">
    <p class='ocr_par' dir='ltr' id='par_1_4' title="bbox 154 162 938 211">
     <span class='ocr_line' id='line_1_4' title="bbox 154 162 938 211; baseline 0.001 -9"><span class='ocrx_word' id='word_1_5' title='bbox 154 175 253 202; x_wconf 83' lang='lat' dir='ltr'><strong>motiva</strong></span> <span class='ocrx_word' id='word_1_6' title='bbox 270 183 330 210; x_wconf 68' lang='lat' dir='ltr'><strong>quae</strong></span> <span class='ocrx_word' id='word_1_7' title='bbox 342 180 383 203; x_wconf 86' lang='lat' dir='ltr'><strong>est</strong></span> <span class='ocrx_word' id='word_1_8' title='bbox 412 175 438 202; x_wconf 89' lang='lat' dir='ltr'><strong>in</strong></span> <span class='ocrx_word' id='word_1_9' title='bbox 464 182 496 203; x_wconf 90' lang='lat' dir='ltr'><strong>eo</strong></span> <span class='ocrx_word' id='word_1_10' title='bbox 520 175 592 211; x_wconf 87' lang='lat' dir='ltr'><strong>quod</strong></span> <span class='ocrx_word' id='word_1_11' title='bbox 619 175 748 208; x_wconf 84' lang='lat' dir='ltr'><strong>movebit,</strong></span> <span class='ocrx_word' id='word_1_12' title='bbox 772 162 823 203; x_wconf 75' lang='lat' dir='ltr'><strong>alia</strong></span> <span class='ocrx_word' id='word_1_13' title='bbox 850 181 938 204; x_wconf 87' lang='lat' dir='ltr'><strong>autem</strong></span> 
     </span>
    </p>
   </div>
   <div class='ocr_carea' id='block_1_5' title="bbox 999 162 1802 211">
    <p class='ocr_par' dir='ltr' id='par_1_5' title="bbox 999 175 1802 211">
     <span class='ocr_line' id='line_1_5' title="bbox 999 175 1802 211; baseline 0.001 -9"><span class='ocrx_word' id='word_1_14' title='bbox 999 177 1134 211; x_wconf 64' lang='grc' dir='ltr'>ἐνέργειαν</span> <span class='ocrx_word' id='word_1_15' title='bbox 1150 176 1263 203; x_wconf 78' lang='grc' dir='ltr'>ταύταιν</span> <span class='ocrx_word' id='word_1_16' title='bbox 1284 175 1405 211; x_wconf 74' lang='grc' dir='ltr'>ἑκατέρᾳ</span> <span class='ocrx_word' id='word_1_17' title='bbox 1431 175 1603 211; x_wconf 72' lang='grc' dir='ltr'><strong>κατάλληλον</strong></span> <span class='ocrx_word' id='word_1_18' title='bbox 1620 175 1802 206; x_wconf 76' lang='grc' dir='ltr'>ἀποδιδόναι.</span> 
     </span>
    </p>
   </div>
   <div class='ocr_carea' id='block_1_6' title="bbox 155 219 941 257">
    <p class='ocr_par' dir='ltr' id='par_1_6' title="bbox 155 219 941 257">
     <span class='ocr_line' id='line_1_6' title="bbox 155 219 941 257; baseline 0.005 -12"><span class='ocrx_word' id='word_1_19' title='bbox 155 219 271 254; x_wconf 80' lang='lat' dir='ltr'><strong>passiva,</strong></span> <span class='ocrx_word' id='word_1_20' title='bbox 289 227 349 254; x_wconf 74' lang='lat' dir='ltr'><strong>qua:</strong></span> <span class='ocrx_word' id='word_1_21' title='bbox 362 225 403 247; x_wconf 87' lang='lat' dir='ltr'><strong>est</strong></span> <span class='ocrx_word' id='word_1_22' title='bbox 430 219 457 247; x_wconf 90' lang='lat' dir='ltr'><strong>in</strong></span> <span class='ocrx_word' id='word_1_23' title='bbox 484 227 517 247; x_wconf 88' lang='lat' dir='ltr'><strong>eo</strong></span> <span class='ocrx_word' id='word_1_24' title='bbox 541 220 612 255; x_wconf 92' lang='lat' dir='ltr'><strong>quod</strong></span> <span class='ocrx_word' id='word_1_25' title='bbox 639 221 801 255; x_wconf 76' lang='lat' dir='ltr'><strong>movebitur,</strong></span> <span class='ocrx_word' id='word_1_26' title='bbox 834 226 941 257; x_wconf 90' lang='lat' dir='ltr'><strong>oportet</strong></span> 
     </span>
    </p>
   </div>
   <div class='ocr_carea' id='block_1_7' title="bbox 154 263 942 301">
    <p class='ocr_par' dir='ltr' id='par_1_7' title="bbox 154 263 942 301">
     <span class='ocr_line' id='line_1_7' title="bbox 154 263 942 301; baseline 0.003 -10"><span class='ocrx_word' id='word_1_27' title='bbox 154 263 274 298; x_wconf 87' lang='lat' dir='ltr'><strong>profecto</strong></span> <span class='ocrx_word' id='word_1_28' title='bbox 292 265 373 291; x_wconf 82' lang='lat' dir='ltr'><strong>etiam</strong></span> <span class='ocrx_word' id='word_1_29' title='bbox 389 269 478 291; x_wconf 88' lang='lat' dir='ltr'><strong>actum</strong></span> <span class='ocrx_word' id='word_1_30' title='bbox 498 265 629 292; x_wconf 73' lang='lat' dir='ltr'><strong>constitui</strong></span> <span class='ocrx_word' id='word_1_31' title='bbox 645 265 779 301; x_wconf 84' lang='lat' dir='ltr'><strong>duplicem</strong></span> <span class='ocrx_word' id='word_1_32' title='bbox 799 267 846 300; x_wconf 85' lang='lat' dir='ltr'><strong>qui</strong></span> <span class='ocrx_word' id='word_1_33' title='bbox 875 267 942 293; x_wconf 52' lang='lat' dir='ltr'><strong>utri-</strong></span> 
     </span>
    </p>
   </div>
   <div class='ocr_carea' id='block_1_8' title="bbox 154 310 940 347">
    <p class='ocr_par' dir='ltr' id='par_1_8' title="bbox 154 310 940 347">
     <span class='ocr_line' id='line_1_8' title="bbox 154 310 940 347; baseline 0.004 -11"><span class='ocrx_word' id='word_1_34' title='bbox 154 317 205 344; x_wconf 86' lang='lat' dir='ltr'><strong>que</strong></span> <span class='ocrx_word' id='word_1_35' title='bbox 221 310 347 344; x_wconf 63' lang='lat' dir='ltr'><strong>potentia:</strong></span> <span class='ocrx_word' id='word_1_36' title='bbox 359 311 581 346; x_wconf 78' lang='lat' dir='ltr'><strong>correspondeat,</strong></span> <span class='ocrx_word' id='word_1_37' title='bbox 600 312 708 339; x_wconf 70' lang='lat' dir='ltr'><strong>motiv‘a!</strong></span> <span class='ocrx_word' id='word_1_38' title='bbox 721 311 830 346; x_wconf 85' lang='lat' dir='ltr'><strong>quidem</strong></span> <span class='ocrx_word' id='word_1_39' title='bbox 843 316 940 347; x_wconf 84' lang='lat' dir='ltr'><strong>poten-</strong></span> 
     </span>
    </p>
   </div>
   <div class='ocr_carea' id='block_1_9' title="bbox 153 357 938 394">
    <p class='ocr_par' dir='ltr' id='par_1_9' title="bbox 153 357 938 394">
     <span class='ocr_line' id='line_1_9' title="bbox 153 357 938 394; baseline 0.003 -11"><span class='ocrx_word' id='word_1_40' title='bbox 153 357 207 390; x_wconf 71' lang='lat' dir='ltr'><strong>tiae,</strong></span> <span class='ocrx_word' id='word_1_41' title='bbox 240 357 358 384; x_wconf 83' lang='lat' dir='ltr'><strong>activum</strong></span> <span class='ocrx_word' id='word_1_42' title='bbox 386 363 501 390; x_wconf 87' lang='lat' dir='ltr'><strong>motunt,</strong></span> <span class='ocrx_word' id='word_1_43' title='bbox 528 359 605 386; x_wconf 84' lang='lat' dir='ltr'><strong>alteri</strong></span> <span class='ocrx_word' id='word_1_44' title='bbox 638 364 728 386; x_wconf 81' lang='lat' dir='ltr'><strong>autem</strong></span> <span class='ocrx_word' id='word_1_45' title='bbox 754 366 814 394; x_wconf 79' lang='lat' dir='ltr'><strong>quze</strong></span> <span class='ocrx_word' id='word_1_46' title='bbox 837 359 938 386; x_wconf 83' lang='lat' dir='ltr'><strong>moveri</strong></span> 
     </span>
    </p>
   </div>
   <div class='ocr_carea' id='block_1_10' title="bbox 153 403 940 438">
    <p class='ocr_par' dir='ltr' id='par_1_10' title="bbox 153 403 940 438">
     <span class='ocr_line' id='line_1_10' title="bbox 153 403 940 438; baseline 0.004 -9"><span class='ocrx_word' id='word_1_47' title='bbox 153 403 249 431; x_wconf 77' lang='lat' dir='ltr'><strong>idonea</strong></span> <span class='ocrx_word' id='word_1_48' title='bbox 261 407 311 436; x_wconf 88' lang='lat' dir='ltr'><strong>est,</strong></span> <span class='ocrx_word' id='word_1_49' title='bbox 330 405 480 438; x_wconf 87' lang='lat' dir='ltr'><strong>passivum.</strong></span> <span class='ocrx_word' id='word_1_50' title='bbox 499 404 550 432; x_wconf 89' lang='lat' dir='ltr'><strong>Sed</strong></span> <span class='ocrx_word' id='word_1_51' title='bbox 565 405 709 432; x_wconf 89' lang='lat' dir='ltr'><strong>timuitille</strong></span> <span class='ocrx_word' id='word_1_52' title='bbox 724 412 758 432; x_wconf 89' lang='lat' dir='ltr'><strong>ne</strong></span> <span class='ocrx_word' id='word_1_53' title='bbox 772 405 815 432; x_wconf 89' lang='lat' dir='ltr'><strong>hic</strong></span> <span class='ocrx_word' id='word_1_54' title='bbox 835 404 940 432; x_wconf 83' lang='lat' dir='ltr'><strong>activus</strong></span> 
     </span>
    </p>
   </div>
   <div class='ocr_carea' id='block_1_11' title="bbox 153 451 940 486">
    <p class='ocr_par' dir='ltr' id='par_1_11' title="bbox 153 451 940 486">
     <span class='ocr_line' id='line_1_11' title="bbox 153 451 940 486; baseline 0.005 -11"><span class='ocrx_word' id='word_1_55' title='bbox 153 454 254 483; x_wconf 85' lang='lat' dir='ltr'><strong>motus,</strong></span> <span class='ocrx_word' id='word_1_56' title='bbox 269 455 358 477; x_wconf 89' lang='lat' dir='ltr'><strong>motus</strong></span> <span class='ocrx_word' id='word_1_57' title='bbox 373 457 434 477; x_wconf 90' lang='lat' dir='ltr'><strong>cum</strong></span> <span class='ocrx_word' id='word_1_58' title='bbox 462 451 508 482; x_wconf 86' lang='lat' dir='ltr'><strong>sit,</strong></span> <span class='ocrx_word' id='word_1_59' title='bbox 540 451 686 486; x_wconf 80' lang='lat' dir='ltr'><strong>aliquando</strong></span> <span class='ocrx_word' id='word_1_60' title='bbox 709 458 762 478; x_wconf 91' lang='lat' dir='ltr'><strong>non</strong></span> <span class='ocrx_word' id='word_1_61' title='bbox 788 455 940 479; x_wconf 84' lang='lat' dir='ltr'><strong>moveatur.</strong></span> 
     </span>
    </p>
   </div>
   <div class='ocr_carea' id='block_1_12' title="bbox 153 495 942 532">
    <p class='ocr_par' dir='ltr' id='par_1_12' title="bbox 153 495 942 532">
     <span class='ocr_line' id='line_1_12' title="bbox 153 495 942 532; baseline 0.004 -10"><span class='ocrx_word' id='word_1_62' title='bbox 153 495 187 522; x_wconf 87' lang='lat' dir='ltr'><strong>At</strong></span> <span class='ocrx_word' id='word_1_63' title='bbox 205 497 297 523; x_wconf 82' lang='lat' dir='ltr'><strong>timuit</strong></span> <span class='ocrx_word' id='word_1_64' title='bbox 317 496 371 529; x_wconf 83' lang='lat' dir='ltr'><strong>ille,</strong></span> <span class='ocrx_word' id='word_1_65' title='bbox 386 497 458 532; x_wconf 90' lang='lat' dir='ltr'><strong>quod</strong></span> <span class='ocrx_word' id='word_1_66' title='bbox 469 497 579 524; x_wconf 91' lang='lat' dir='ltr'><strong>minime</strong></span> <span class='ocrx_word' id='word_1_67' title='bbox 589 497 736 525; x_wconf 88' lang='lat' dir='ltr'><strong>timendum</strong></span> <span class='ocrx_word' id='word_1_68' title='bbox 752 497 859 525; x_wconf 88' lang='lat' dir='ltr'><strong>fuisset.</strong></span> <span class='ocrx_word' id='word_1_69' title='bbox 870 497 942 530; x_wconf 88' lang='lat' dir='ltr'><strong>Quid</strong></span> 
     </span>
    </p>
   </div>
   <div class='ocr_carea' id='block_1_13' title="bbox 153 542 940 578">
    <p class='ocr_par' dir='ltr' id='par_1_13' title="bbox 153 542 940 578">
     <span class='ocr_line' id='line_1_13' title="bbox 153 542 940 578; baseline 0.003 -10"><span class='ocrx_word' id='word_1_70' title='bbox 153 542 224 568; x_wconf 85' lang='lat' dir='ltr'><strong>enim</strong></span> <span class='ocrx_word' id='word_1_71' title='bbox 240 543 365 577; x_wconf 88' lang='lat' dir='ltr'><strong>prohibet</strong></span> <span class='ocrx_word' id='word_1_72' title='bbox 380 543 502 570; x_wconf 92' lang='lat' dir='ltr'><strong>activum</strong></span> <span class='ocrx_word' id='word_1_73' title='bbox 516 543 591 570; x_wconf 90' lang='lat' dir='ltr'><strong>illum</strong></span> <span class='ocrx_word' id='word_1_74' title='bbox 618 548 722 571; x_wconf 88' lang='lat' dir='ltr'><strong>motum</strong></span> <span class='ocrx_word' id='word_1_75' title='bbox 750 548 777 571; x_wconf 85' lang='lat' dir='ltr'><strong>et</strong></span> <span class='ocrx_word' id='word_1_76' title='bbox 803 551 864 570; x_wconf 91' lang='lat' dir='ltr'><strong>eum</strong></span> <span class='ocrx_word' id='word_1_77' title='bbox 895 544 940 578; x_wconf 88' lang='lat' dir='ltr'><strong>qui</strong></span> 
     </span>
    </p>
   </div>
   <div class='ocr_carea' id='block_1_14' title="bbox 154 589 941 626">
    <p class='ocr_par' dir='ltr' id='par_1_14' title="bbox 154 589 941 626">
     <span class='ocr_line' id='line_1_14' title="bbox 154 589 941 626; baseline 0.005 -12"><span class='ocrx_word' id='word_1_78' title='bbox 154 592 255 620; x_wconf 80' lang='lat' dir='ltr'><strong>movet,</strong></span> <span class='ocrx_word' id='word_1_79' title='bbox 266 596 319 616; x_wconf 93' lang='lat' dir='ltr'><strong>non</strong></span> <span class='ocrx_word' id='word_1_80' title='bbox 334 589 436 616; x_wconf 88' lang='lat' dir='ltr'><strong>moveri</strong></span> <span class='ocrx_word' id='word_1_81' title='bbox 448 589 530 617; x_wconf 85' lang='lat' dir='ltr'><strong>?cum</strong></span> <span class='ocrx_word' id='word_1_82' title='bbox 551 590 574 617; x_wconf 89' lang='lat' dir='ltr'><strong>is</strong></span> <span class='ocrx_word' id='word_1_83' title='bbox 586 590 632 625; x_wconf 91' lang='lat' dir='ltr'><strong>qui</strong></span> <span class='ocrx_word' id='word_1_84' title='bbox 647 595 749 623; x_wconf 88' lang='lat' dir='ltr'><strong>movet,</strong></span> <span class='ocrx_word' id='word_1_85' title='bbox 776 591 941 626; x_wconf 79' lang='lat' dir='ltr'><strong>quand.xque</strong></span> 
     </span>
    </p>
   </div>
   <div class='ocr_carea' id='block_1_15' title="bbox 154 634 939 673">
    <p class='ocr_par' dir='ltr' id='par_1_15' title="bbox 154 634 939 673">
     <span class='ocr_line' id='line_1_15' title="bbox 154 634 939 673; baseline 0.003 -12"><span class='ocrx_word' id='word_1_86' title='bbox 154 634 189 661; x_wconf 88' lang='lat' dir='ltr'><strong>sit</strong></span> <span class='ocrx_word' id='word_1_87' title='bbox 207 634 363 662; x_wconf 89' lang='lat' dir='ltr'><strong>immobilis.</strong></span> <span class='ocrx_word' id='word_1_88' title='bbox 380 635 418 662; x_wconf 89' lang='lat' dir='ltr'><strong>De</strong></span> <span class='ocrx_word' id='word_1_89' title='bbox 427 636 536 670; x_wconf 84' lang='lat' dir='ltr'><strong>passivo</strong></span> <span class='ocrx_word' id='word_1_90' title='bbox 547 636 618 663; x_wconf 85' lang='lat' dir='ltr'><strong>enim</strong></span> <span class='ocrx_word' id='word_1_91' title='bbox 644 641 718 663; x_wconf 88' lang='lat' dir='ltr'><strong>motu</strong></span> <span class='ocrx_word' id='word_1_92' title='bbox 742 637 842 671; x_wconf 88' lang='lat' dir='ltr'><strong>palam,</strong></span> <span class='ocrx_word' id='word_1_93' title='bbox 867 637 939 673; x_wconf 90' lang='lat' dir='ltr'><strong>quod</strong></span> 
     </span>
    </p>
   </div>
   <div class='ocr_carea' id='block_1_16' title="bbox 155 679 942 714">
    <p class='ocr_par' dir='ltr' id='par_1_16' title="bbox 155 679 942 714">
     <span class='ocr_line' id='line_1_16' title="bbox 155 679 942 714; baseline 0.001 -8"><span class='ocrx_word' id='word_1_94' title='bbox 155 679 242 714; x_wconf 83' lang='lat' dir='ltr'><strong>ipsius</strong></span> <span class='ocrx_word' id='word_1_95' title='bbox 255 688 309 707; x_wconf 90' lang='lat' dir='ltr'><strong>non</strong></span> <span class='ocrx_word' id='word_1_96' title='bbox 331 681 366 708; x_wconf 83' lang='lat' dir='ltr'><strong>sit</strong></span> <span class='ocrx_word' id='word_1_97' title='bbox 378 680 472 708; x_wconf 86' lang='lat' dir='ltr'><strong>eadem</strong></span> <span class='ocrx_word' id='word_1_98' title='bbox 485 681 566 708; x_wconf 85' lang='lat' dir='ltr'><strong>ratio.</strong></span> <span class='ocrx_word' id='word_1_99' title='bbox 580 681 619 708; x_wconf 85' lang='lat' dir='ltr'><strong>Ac</strong></span> <span class='ocrx_word' id='word_1_100' title='bbox 649 681 682 708; x_wconf 90' lang='lat' dir='ltr'><strong>de</strong></span> <span class='ocrx_word' id='word_1_101' title='bbox 717 681 806 708; x_wconf 81' lang='lat' dir='ltr'><strong>activo</strong></span> <span class='ocrx_word' id='word_1_102' title='bbox 835 680 881 708; x_wconf 88' lang='lat' dir='ltr'><strong>illo</strong></span> <span class='ocrx_word' id='word_1_103' title='bbox 909 688 942 708; x_wconf 85' lang='lat' dir='ltr'><strong>ne</strong></span> 
     </span>
    </p>
   </div>
   <div class='ocr_carea' id='block_1_17' title="bbox 994 223 1801 260">
    <p class='ocr_par' dir='ltr' id='par_1_17' title="bbox 994 223 1801 260">
     <span class='ocr_line' id='line_1_17' title="bbox 994 223 1801 260; baseline 0 -10"><span class='ocrx_word' id='word_1_104' title='bbox 994 225 1027 259; x_wconf 84' lang='grc' dir='ltr'><strong>τῇ</strong></span> <span class='ocrx_word' id='word_1_105' title='bbox 1045 224 1095 258; x_wconf 81' lang='grc' dir='ltr'>μὲν</span> <span class='ocrx_word' id='word_1_106' title='bbox 1107 225 1234 260; x_wconf 82' lang='grc' dir='ltr'><strong>κινητικῇ</strong></span> <span class='ocrx_word' id='word_1_107' title='bbox 1249 223 1365 259; x_wconf 80' lang='grc' dir='ltr'><strong>δυνάμει</strong></span> <span class='ocrx_word' id='word_1_108' title='bbox 1377 224 1427 259; x_wconf 76' lang='grc' dir='ltr'>τὴν</span> <span class='ocrx_word' id='word_1_109' title='bbox 1442 224 1592 260; x_wconf 81' lang='grc' dir='ltr'><strong>δραστικὴν</strong></span> <span class='ocrx_word' id='word_1_110' title='bbox 1620 223 1754 259; x_wconf 84' lang='grc' dir='ltr'>κίνησιν,</span> <span class='ocrx_word' id='word_1_111' title='bbox 1767 226 1801 258; x_wconf 77' lang='grc' dir='ltr'><strong>τῇ</strong></span> 
     </span>
    </p>
   </div>
   <div class='ocr_carea' id='block_1_18' title="bbox 993 269 1800 305">
    <p class='ocr_par' dir='ltr' id='par_1_18' title="bbox 993 269 1800 305">
     <span class='ocr_line' id='line_1_18' title="bbox 993 269 1800 305; baseline -0.001 -9"><span class='ocrx_word' id='word_1_112' title='bbox 993 270 1022 297; x_wconf 80' lang='grc' dir='ltr'>δὲ</span> <span class='ocrx_word' id='word_1_113' title='bbox 1050 271 1150 305; x_wconf 77' lang='grc' dir='ltr'>κινηκῇ</span> <span class='ocrx_word' id='word_1_114' title='bbox 1182 271 1231 305; x_wconf 82' lang='grc' dir='ltr'>τὴν</span> <span class='ocrx_word' id='word_1_115' title='bbox 1261 270 1428 305; x_wconf 76' lang='grc' dir='ltr'>παθητικήν.</span> <span class='ocrx_word' id='word_1_116' title='bbox 1463 269 1544 296; x_wconf 79' lang='grc' dir='ltr'>Ἀλλὰ</span> <span class='ocrx_word' id='word_1_117' title='bbox 1577 270 1687 301; x_wconf 82' lang='grc' dir='ltr'>δέδιεν,</span> <span class='ocrx_word' id='word_1_118' title='bbox 1718 269 1800 305; x_wconf 79' lang='grc' dir='ltr'>μὴὴ</span> 
     </span>
    </p>
   </div>
   <div class='ocr_carea' id='block_1_19' title="bbox 993 314 1798 351">
    <p class='ocr_par' dir='ltr' id='par_1_19' title="bbox 993 314 1798 351">
     <span class='ocr_line' id='line_1_19' title="bbox 993 314 1798 351; baseline -0.001 -8"><span class='ocrx_word' id='word_1_119' title='bbox 993 316 1126 351; x_wconf 85' lang='grc' dir='ltr'>δραστικὴ</span> <span class='ocrx_word' id='word_1_120' title='bbox 1146 315 1216 350; x_wconf 69' lang='grc' dir='ltr'>αὕτη</span> <span class='ocrx_word' id='word_1_121' title='bbox 1226 316 1333 350; x_wconf 78' lang='grc' dir='ltr'>κίνησις</span> <span class='ocrx_word' id='word_1_122' title='bbox 1349 314 1417 342; x_wconf 71' lang='grc' dir='ltr'>οὖσα</span> <span class='ocrx_word' id='word_1_123' title='bbox 1434 315 1492 342; x_wconf 79' lang='grc' dir='ltr'>ἐσθ’</span> <span class='ocrx_word' id='word_1_124' title='bbox 1505 316 1550 343; x_wconf 77' lang='grc' dir='ltr'>ὅτε</span> <span class='ocrx_word' id='word_1_125' title='bbox 1573 318 1605 341; x_wconf 79' lang='grc' dir='ltr'>οὐ</span> <span class='ocrx_word' id='word_1_126' title='bbox 1628 315 1798 350; x_wconf 80' lang='grc' dir='ltr'>κινήσηται.</span> 
     </span>
    </p>
   </div>
   <div class='ocr_carea' id='block_1_20' title="bbox 1000 360 1799 399">
    <p class='ocr_par' dir='ltr' id='par_1_20' title="bbox 1000 360 1799 399">
     <span class='ocr_line' id='line_1_20' title="bbox 1000 360 1799 399; baseline -0.001 -11"><span class='ocrx_word' id='word_1_127' title='bbox 1000 362 1089 394; x_wconf 79' lang='grc' dir='ltr'>’Λδεὲς</span> <span class='ocrx_word' id='word_1_128' title='bbox 1103 361 1125 388; x_wconf 85' lang='grc' dir='ltr'>δ’</span> <span class='ocrx_word' id='word_1_129' title='bbox 1137 361 1174 394; x_wconf 86' lang='grc' dir='ltr'>ὡς</span> <span class='ocrx_word' id='word_1_130' title='bbox 1185 361 1279 393; x_wconf 83' lang='grc' dir='ltr'>δεδιώς</span> <span class='ocrx_word' id='word_1_131' title='bbox 1291 370 1298 396; x_wconf 85' lang='grc'><strong>;</strong></span> <span class='ocrx_word' id='word_1_132' title='bbox 1311 362 1344 388; x_wconf 86' lang='grc' dir='ltr'><strong>Τί</strong></span> <span class='ocrx_word' id='word_1_133' title='bbox 1361 362 1414 399; x_wconf 78' lang='grc' dir='ltr'><strong>γὰρ</strong></span> <span class='ocrx_word' id='word_1_134' title='bbox 1429 361 1460 388; x_wconf 81' lang='grc' dir='ltr'><strong>τδ</strong></span> <span class='ocrx_word' id='word_1_135' title='bbox 1473 361 1596 388; x_wconf 80' lang='grc' dir='ltr'><strong>κωλῦσον</strong></span> <span class='ocrx_word' id='word_1_136' title='bbox 1612 360 1664 396; x_wconf 81' lang='grc' dir='ltr'><strong>τὴν</strong></span> <span class='ocrx_word' id='word_1_137' title='bbox 1680 361 1799 396; x_wconf 79' lang='grc' dir='ltr'>δραστι-</span> 
     </span>
    </p>
   </div>
   <div class='ocr_carea' id='block_1_21' title="bbox 994 407 1797 443">
    <p class='ocr_par' dir='ltr' id='par_1_21' title="bbox 994 407 1797 443">
     <span class='ocr_line' id='line_1_21' title="bbox 994 407 1797 443; baseline -0.004 -7"><span class='ocrx_word' id='word_1_138' title='bbox 994 408 1045 443; x_wconf 82' lang='grc' dir='ltr'>κὴν</span> <span class='ocrx_word' id='word_1_139' title='bbox 1062 408 1164 443; x_wconf 83' lang='grc' dir='ltr'>ταύτην</span> <span class='ocrx_word' id='word_1_140' title='bbox 1180 409 1288 443; x_wconf 84' lang='grc' dir='ltr'>κίνησιν</span> <span class='ocrx_word' id='word_1_141' title='bbox 1308 409 1355 435; x_wconf 64' lang='grc' dir='ltr'>καὶ</span> <span class='ocrx_word' id='word_1_142' title='bbox 1373 408 1504 437; x_wconf 74' lang='grc' dir='ltr'><strong>κινοῦσαν</strong></span> <span class='ocrx_word' id='word_1_143' title='bbox 1529 408 1614 443; x_wconf 80' lang='grc' dir='ltr'>αὐτὴν</span> <span class='ocrx_word' id='word_1_144' title='bbox 1637 407 1677 443; x_wconf 81' lang='grc' dir='ltr'>μὴ</span> <span class='ocrx_word' id='word_1_145' title='bbox 1704 408 1797 434; x_wconf 63' lang='grc' dir='ltr'>κινεῖ.</span> 
     </span>
    </p>
   </div>
   <div class='ocr_carea' id='block_1_22' title="bbox 995 452 1796 489">
    <p class='ocr_par' dir='ltr' id='par_1_22' title="bbox 995 452 1796 489">
     <span class='ocr_line' id='line_1_22' title="bbox 995 452 1796 489; baseline -0.001 -9"><span class='ocrx_word' id='word_1_146' title='bbox 995 454 1074 487; x_wconf 84' lang='grc' dir='ltr'>σθαι;</span> <span class='ocrx_word' id='word_1_147' title='bbox 1091 453 1168 487; x_wconf 75' lang='grc' dir='ltr'>ὄντος</span> <span class='ocrx_word' id='word_1_148' title='bbox 1183 453 1248 480; x_wconf 79' lang='grc' dir='ltr'>ποτὲ</span> <span class='ocrx_word' id='word_1_149' title='bbox 1263 454 1311 481; x_wconf 82' lang='grc' dir='ltr'>τοῦ</span> <span class='ocrx_word' id='word_1_150' title='bbox 1325 455 1464 486; x_wconf 77' lang='grc' dir='ltr'>κινοῦντος</span> <span class='ocrx_word' id='word_1_151' title='bbox 1484 454 1616 489; x_wconf 73' lang='grc' dir='ltr'><strong>ἀκινήτου</strong></span> <span class='ocrx_word' id='word_1_152' title='bbox 1634 462 1643 486; x_wconf 84' lang='grc'>;</span> <span class='ocrx_word' id='word_1_153' title='bbox 1663 452 1726 488; x_wconf 80' lang='grc' dir='ltr'><strong>Τὴν</strong></span> <span class='ocrx_word' id='word_1_154' title='bbox 1745 454 1796 488; x_wconf 71' lang='grc' dir='ltr'>μὲν</span> 
     </span>
    </p>
   </div>
   <div class='ocr_carea' id='block_1_23' title="bbox 994 499 1795 536">
    <p class='ocr_par' dir='ltr' id='par_1_23' title="bbox 994 499 1795 536">
     <span class='ocr_line' id='line_1_23' title="bbox 994 499 1795 536; baseline -0.001 -10"><span class='ocrx_word' id='word_1_155' title='bbox 994 500 1050 534; x_wconf 81' lang='grc' dir='ltr'>γὰρ</span> <span class='ocrx_word' id='word_1_156' title='bbox 1065 499 1223 535; x_wconf 81' lang='grc' dir='ltr'>παθητικὴν</span> <span class='ocrx_word' id='word_1_157' title='bbox 1239 500 1288 535; x_wconf 74' lang='grc' dir='ltr'><strong>οὐχ</strong></span> <span class='ocrx_word' id='word_1_158' title='bbox 1302 499 1359 528; x_wconf 80' lang='grc' dir='ltr'>οἷόν</span> <span class='ocrx_word' id='word_1_159' title='bbox 1375 509 1416 528; x_wconf 90' lang='grc' dir='ltr'>τε.</span> <span class='ocrx_word' id='word_1_160' title='bbox 1433 500 1473 536; x_wconf 72' lang='grc' dir='ltr'>Τῇ</span> <span class='ocrx_word' id='word_1_161' title='bbox 1484 501 1512 528; x_wconf 81' lang='grc' dir='ltr'>δὲ</span> <span class='ocrx_word' id='word_1_162' title='bbox 1526 500 1662 536; x_wconf 81' lang='grc' dir='ltr'>δραστικῇ</span> <span class='ocrx_word' id='word_1_163' title='bbox 1674 500 1704 526; x_wconf 83' lang='grc' dir='ltr'><strong>τί</strong></span> <span class='ocrx_word' id='word_1_164' title='bbox 1714 499 1795 526; x_wconf 73' lang='grc' dir='ltr'>ἔσται</span> 
     </span>
    </p>
   </div>
   <div class='ocr_carea' id='block_1_24' title="bbox 994 545 1795 582">
    <p class='ocr_par' dir='ltr' id='par_1_24' title="bbox 994 545 1795 582">
     <span class='ocr_line' id='line_1_24' title="bbox 994 545 1795 582; baseline -0.005 -8"><span class='ocrx_word' id='word_1_165' title='bbox 994 546 1024 574; x_wconf 80' lang='grc' dir='ltr'>τὸ</span> <span class='ocrx_word' id='word_1_166' title='bbox 1041 546 1178 581; x_wconf 74' lang='grc' dir='ltr'>ἐμποδών.</span> <span class='ocrx_word' id='word_1_167' title='bbox 1196 546 1239 573; x_wconf 84' lang='grc' dir='ltr'>Ἐν</span> <span class='ocrx_word' id='word_1_168' title='bbox 1255 548 1360 579; x_wconf 80' lang='grc' dir='ltr'>τούτοις</span> <span class='ocrx_word' id='word_1_169' title='bbox 1376 547 1456 582; x_wconf 77' lang='grc' dir='ltr'>ἡμεῖς</span> <span class='ocrx_word' id='word_1_170' title='bbox 1472 546 1648 582; x_wconf 78' lang='grc' dir='ltr'><strong>Ἀριστοτέλη</strong></span> <span class='ocrx_word' id='word_1_171' title='bbox 1665 545 1795 580; x_wconf 78' lang='grc' dir='ltr'>ἀμαθαί-</span> 
     </span>
    </p>
   </div>
   <div class='ocr_carea' id='block_1_25' title="bbox 994 592 1792 628">
    <p class='ocr_par' dir='ltr' id='par_1_25' title="bbox 994 592 1792 628">
     <span class='ocr_line' id='line_1_25' title="bbox 994 592 1792 628; baseline -0.001 -9"><span class='ocrx_word' id='word_1_172' title='bbox 994 602 1076 620; x_wconf 89' lang='grc' dir='ltr'>νοντα</span> <span class='ocrx_word' id='word_1_173' title='bbox 1091 594 1283 628; x_wconf 82' lang='grc' dir='ltr'>ἀποφαίνομεν</span> <span class='ocrx_word' id='word_1_174' title='bbox 1298 594 1328 620; x_wconf 79' lang='grc' dir='ltr'>οὺ</span> <span class='ocrx_word' id='word_1_175' title='bbox 1345 594 1436 621; x_wconf 81' lang='grc' dir='ltr'>πάντα</span> <span class='ocrx_word' id='word_1_176' title='bbox 1458 593 1553 625; x_wconf 78' lang='grc' dir='ltr'>αὐτοῦ,</span> <span class='ocrx_word' id='word_1_177' title='bbox 1570 593 1606 622; x_wconf 82' lang='grc' dir='ltr'>τὰ</span> <span class='ocrx_word' id='word_1_178' title='bbox 1621 592 1651 620; x_wconf 78' lang='grc' dir='ltr'>δὲ</span> <span class='ocrx_word' id='word_1_179' title='bbox 1669 592 1792 626; x_wconf 78' lang='grc' dir='ltr'>μέγιστα</span> 
     </span>
    </p>
   </div>
   <div class='ocr_carea' id='block_1_26' title="bbox 994 636 1792 675">
    <p class='ocr_par' dir='ltr' id='par_1_26' title="bbox 994 636 1792 675">
     <span class='ocr_line' id='line_1_26' title="bbox 994 636 1792 675; baseline 0 -11"><span class='ocrx_word' id='word_1_180' title='bbox 994 639 1041 664; x_wconf 75' lang='grc' dir='ltr'>καὶ</span> <span class='ocrx_word' id='word_1_181' title='bbox 1057 638 1219 674; x_wconf 82' lang='grc' dir='ltr'>κυριώτατα</span> <span class='ocrx_word' id='word_1_182' title='bbox 1232 636 1269 666; x_wconf 86' lang='grc' dir='ltr'>ὦν</span> <span class='ocrx_word' id='word_1_183' title='bbox 1293 640 1362 675; x_wconf 79' lang='grc' dir='ltr'>πρὸς</span> <span class='ocrx_word' id='word_1_184' title='bbox 1380 639 1515 669; x_wconf 77' lang='grc' dir='ltr'>Πλάτωνά</span> <span class='ocrx_word' id='word_1_185' title='bbox 1527 647 1557 665; x_wconf 88' lang='grc' dir='ltr'><strong>τε</strong></span> <span class='ocrx_word' id='word_1_186' title='bbox 1573 638 1622 665; x_wconf 73' lang='grc' dir='ltr'>καὶ</span> <span class='ocrx_word' id='word_1_187' title='bbox 1636 638 1706 668; x_wconf 64' lang='grc' dir='ltr'>τοὺς</span> <span class='ocrx_word' id='word_1_188' title='bbox 1727 637 1792 672; x_wconf 76' lang='grc' dir='ltr'>περὶ</span> 
     </span>
    </p>
   </div>
   <div class='ocr_carea' id='block_1_27' title="bbox 996 684 1501 721">
    <p class='ocr_par' dir='ltr' id='par_1_27' title="bbox 996 684 1501 721">
     <span class='ocr_line' id='line_1_27' title="bbox 996 684 1501 721; baseline 0.004 -11"><span class='ocrx_word' id='word_1_189' title='bbox 996 684 1129 712; x_wconf 81' lang='grc' dir='ltr'>Πλάτωνα</span> <span class='ocrx_word' id='word_1_190' title='bbox 1143 686 1316 721; x_wconf 78' lang='grc' dir='ltr'><strong>διαφέρεται,</strong></span> <span class='ocrx_word' id='word_1_191' title='bbox 1329 685 1501 718; x_wconf 71' lang='grc' dir='ltr'><strong>ἐκλέξαντες.</strong></span> 
     </span>
    </p>
   </div>
   <div class='ocr_carea' id='block_1_28' title="bbox 156 727 1791 767">
    <p class='ocr_par' dir='ltr' id='par_1_28' title="bbox 156 727 1791 767">
     <span class='ocr_line' id='line_1_28' title="bbox 156 727 1791 767; baseline 0.002 -12"><span class='ocrx_word' id='word_1_192' title='bbox 156 728 316 761; x_wconf 84' lang='lat' dir='ltr'><strong>atlirmetnr,</strong></span> <span class='ocrx_word' id='word_1_193' title='bbox 331 728 398 756; x_wconf 89' lang='lat' dir='ltr'><strong>nihil</strong></span> <span class='ocrx_word' id='word_1_194' title='bbox 415 728 590 763; x_wconf 84' lang='lat' dir='ltr'><strong>impedit.Ae</strong></span> <span class='ocrx_word' id='word_1_195' title='bbox 626 728 652 755; x_wconf 95' lang='lat' dir='ltr'><strong>in</strong></span> <span class='ocrx_word' id='word_1_196' title='bbox 685 727 728 756; x_wconf 86' lang='lat' dir='ltr'><strong>his</strong></span> <span class='ocrx_word' id='word_1_197' title='bbox 746 728 855 763; x_wconf 81' lang='lat' dir='ltr'><strong>quidem</strong></span> <span class='ocrx_word' id='word_1_198' title='bbox 890 728 1045 759; x_wconf 79' lang='lat' dir='ltr'><strong>Aristmelis</strong></span> <span class='ocrx_word' id='word_1_199' title='bbox 1079 733 1264 767; x_wconf 76' lang='lat' dir='ltr'><strong>ignorantiam</strong></span> <span class='ocrx_word' id='word_1_200' title='bbox 1288 734 1454 766; x_wconf 82' lang='lat' dir='ltr'><strong>deteximus,</strong></span> <span class='ocrx_word' id='word_1_201' title='bbox 1477 741 1529 762; x_wconf 86' lang='lat' dir='ltr'><strong>non</strong></span> <span class='ocrx_word' id='word_1_202' title='bbox 1561 732 1658 760; x_wconf 81' lang='lat' dir='ltr'><strong>omnia</strong></span> <span class='ocrx_word' id='word_1_203' title='bbox 1684 736 1791 763; x_wconf 76' lang='lat' dir='ltr'><strong>tamen,</strong></span> 
     </span>
    </p>
   </div>
   <div class='ocr_carea' id='block_1_29' title="bbox 155 774 1754 814">
    <p class='ocr_par' dir='ltr' id='par_1_29' title="bbox 155 774 1754 814">
     <span class='ocr_line' id='line_1_29' title="bbox 155 774 1754 814; baseline 0.001 -12"><span class='ocrx_word' id='word_1_204' title='bbox 155 775 202 803; x_wconf 91' lang='lat' dir='ltr'><strong>sed</strong></span> <span class='ocrx_word' id='word_1_205' title='bbox 219 776 338 803; x_wconf 78' lang='lat' dir='ltr'><strong>maxima</strong></span> <span class='ocrx_word' id='word_1_206' title='bbox 354 781 381 803; x_wconf 87' lang='lat' dir='ltr'><strong>et</strong></span> <span class='ocrx_word' id='word_1_207' title='bbox 401 776 536 810; x_wconf 71' lang='lat' dir='ltr'><strong>pratcipua</strong></span> <span class='ocrx_word' id='word_1_208' title='bbox 561 780 728 809; x_wconf 80' lang='lat' dir='ltr'><strong>exponentes</strong></span> <span class='ocrx_word' id='word_1_209' title='bbox 754 775 781 802; x_wconf 91' lang='lat' dir='ltr'><strong>in</strong></span> <span class='ocrx_word' id='word_1_210' title='bbox 805 774 904 810; x_wconf 86' lang='lat' dir='ltr'><strong>quibus</strong></span> <span class='ocrx_word' id='word_1_211' title='bbox 927 783 943 803; x_wconf 86' lang='lat' dir='ltr'><strong>a</strong></span> <span class='ocrx_word' id='word_1_212' title='bbox 961 775 1075 805; x_wconf 87' lang='lat' dir='ltr'><strong>Platone</strong></span> <span class='ocrx_word' id='word_1_213' title='bbox 1086 783 1113 806; x_wconf 88' lang='lat' dir='ltr'><strong>et</strong></span> <span class='ocrx_word' id='word_1_214' title='bbox 1132 779 1165 807; x_wconf 91' lang='lat' dir='ltr'><strong>iis</strong></span> <span class='ocrx_word' id='word_1_215' title='bbox 1183 779 1230 814; x_wconf 93' lang='lat' dir='ltr'><strong>qui</strong></span> <span class='ocrx_word' id='word_1_216' title='bbox 1266 778 1406 807; x_wconf 85' lang='lat' dir='ltr'><strong>Platonem</strong></span> <span class='ocrx_word' id='word_1_217' title='bbox 1430 782 1593 814; x_wconf 81' lang='lat' dir='ltr'><strong>sequuntur,</strong></span> <span class='ocrx_word' id='word_1_218' title='bbox 1621 776 1754 806; x_wconf 69' lang='lat' dir='ltr'><strong>discedit.</strong></span> 
     </span>
    </p>
   </div>
   <div class='ocr_carea' id='block_1_30' title="bbox 473 821 624 850">
    <p class='ocr_par' dir='ltr' id='par_1_30' title="bbox 473 821 624 850">
     <span class='ocr_line' id='line_1_30' title="bbox 473 821 624 850; baseline 0 0"><span class='ocrx_word' id='word_1_219' title='bbox 473 822 549 850; x_wconf 81' lang='lat' dir='ltr'><strong>CAP.</strong></span> <span class='ocrx_word' id='word_1_220' title='bbox 566 821 624 850; x_wconf 81' lang='lat' dir='ltr'><strong>XX.</strong></span> 
     </span>
    </p>
   </div>
   <div class='ocr_carea' id='block_1_31' title="bbox 1296 827 1482 854">
    <p class='ocr_par' dir='ltr' id='par_1_31' title="bbox 1296 827 1482 854">
     <span class='ocr_line' id='line_1_31' title="bbox 1296 827 1482 854; baseline -0.005 0"><span class='ocrx_word' id='word_1_221' title='bbox 1296 827 1422 854; x_wconf 72' lang='grc' dir='ltr'><strong>ΚΕΦΔΛ.</strong></span> <span class='ocrx_word' id='word_1_222' title='bbox 1440 827 1482 853; x_wconf 83' lang='grc' dir='ltr'><strong>Κ’.</strong></span> 
     </span>
    </p>
   </div>
   <div class='ocr_carea' id='block_1_32' title="bbox 193 868 938 908">
    <p class='ocr_par' dir='ltr' id='par_1_32' title="bbox 193 868 938 907">
     <span class='ocr_line' id='line_1_32' title="bbox 193 868 938 907; baseline 0.003 -11"><span class='ocrx_word' id='word_1_223' title='bbox 193 869 382 903; x_wconf 79' lang='lat' dir='ltr'><strong>Discrepantia</strong></span> <span class='ocrx_word' id='word_1_224' title='bbox 411 869 566 897; x_wconf 82' lang='lat' dir='ltr'><strong>Aristotelis</strong></span> <span class='ocrx_word' id='word_1_225' title='bbox 587 873 614 896; x_wconf 91' lang='lat' dir='ltr'><strong>et</strong></span> <span class='ocrx_word' id='word_1_226' title='bbox 643 868 765 899; x_wconf 80' lang='lat' dir='ltr'><strong>Platonis</strong></span> <span class='ocrx_word' id='word_1_227' title='bbox 778 869 804 901; x_wconf 82' lang='lat' dir='ltr'><strong>in</strong></span> <span class='ocrx_word' id='word_1_228' title='bbox 823 869 856 898; x_wconf 88' lang='lat' dir='ltr'><strong>iis</strong></span> <span class='ocrx_word' id='word_1_229' title='bbox 885 878 938 907; x_wconf 69' lang='lat' dir='ltr'><strong>qua</strong></span> 
     </span>
    </p>
   </div>
   <div class='ocr_carea' id='block_1_33' title="bbox 999 868 1790 908">
    <p class='ocr_par' dir='ltr' id='par_1_33' title="bbox 1033 872 1790 908">
     <span class='ocr_line' id='line_1_33' title="bbox 1033 872 1790 908; baseline -0.003 -8"><span class='ocrx_word' id='word_1_230' title='bbox 1033 873 1133 906; x_wconf 82' lang='grc' dir='ltr'>Λοιπὺς</span> <span class='ocrx_word' id='word_1_231' title='bbox 1146 873 1174 900; x_wconf 71' lang='grc' dir='ltr'>δὲ</span> <span class='ocrx_word' id='word_1_232' title='bbox 1189 873 1221 908; x_wconf 82' lang='grc' dir='ltr'>δὴ</span> <span class='ocrx_word' id='word_1_233' title='bbox 1236 874 1303 908; x_wconf 78' lang='grc' dir='ltr'>ἠμῐν</span> <span class='ocrx_word' id='word_1_234' title='bbox 1316 874 1372 900; x_wconf 83' lang='grc' dir='ltr'><strong>τῶν</strong></span> <span class='ocrx_word' id='word_1_235' title='bbox 1385 873 1522 908; x_wconf 77' lang='grc' dir='ltr'><strong>μεγίστων</strong></span> <span class='ocrx_word' id='word_1_236' title='bbox 1537 873 1585 900; x_wconf 73' lang='grc' dir='ltr'><strong>καὶ</strong></span> <span class='ocrx_word' id='word_1_237' title='bbox 1599 873 1615 899; x_wconf 79' lang='grc' dir='ltr'><strong>ό</strong></span> <span class='ocrx_word' id='word_1_238' title='bbox 1626 873 1695 908; x_wconf 79' lang='grc' dir='ltr'>περὶ</span> <span class='ocrx_word' id='word_1_239' title='bbox 1710 872 1790 899; x_wconf 85' lang='grc' dir='ltr'>είδῶν</span> 
     </span>
    </p>
   </div>
   <div class='ocr_carea' id='block_1_34' title="bbox 119 907 800 950">
    <p class='ocr_par' dir='ltr' id='par_1_34' title="bbox 119 907 800 950">
     <span class='ocr_line' id='line_1_34' title="bbox 119 907 800 950; baseline 0 -8"><span class='ocrx_word' id='word_1_240' title='bbox 119 907 122 910; x_wconf 63' lang='grc'><strong>’</strong></span> <span class='ocrx_word' id='word_1_241' title='bbox 156 915 189 943; x_wconf 82' lang='lat' dir='ltr'><strong>ad</strong></span> <span class='ocrx_word' id='word_1_242' title='bbox 209 915 311 942; x_wconf 81' lang='lat' dir='ltr'><strong>formas</strong></span> <span class='ocrx_word' id='word_1_243' title='bbox 323 919 349 942; x_wconf 90' lang='lat' dir='ltr'><strong>et</strong></span> <span class='ocrx_word' id='word_1_244' title='bbox 362 915 467 949; x_wconf 84' lang='lat' dir='ltr'><strong>species</strong></span> <span class='ocrx_word' id='word_1_245' title='bbox 478 915 659 950; x_wconf 80' lang='lat' dir='ltr'><strong>sempiternas</strong></span> <span class='ocrx_word' id='word_1_246' title='bbox 675 915 800 945; x_wconf 77' lang='lat' dir='ltr'><strong>attinent.</strong></span> 
     </span>
    </p>
   </div>
   <div class='ocr_carea' id='block_1_35' title="bbox 193 960 946 996">
    <p class='ocr_par' dir='ltr' id='par_1_35' title="bbox 193 960 946 996">
     <span class='ocr_line' id='line_1_35' title="bbox 193 960 946 996; baseline 0 -8"><span class='ocrx_word' id='word_1_247' title='bbox 193 960 337 995; x_wconf 77' lang='lat' dir='ltr'><strong>Reliquum</strong></span> <span class='ocrx_word' id='word_1_248' title='bbox 353 961 408 995; x_wconf 88' lang='lat' dir='ltr'><strong>jam</strong></span> <span class='ocrx_word' id='word_1_249' title='bbox 434 965 485 993; x_wconf 88' lang='lat' dir='ltr'><strong>est,</strong></span> <span class='ocrx_word' id='word_1_250' title='bbox 503 966 532 992; x_wconf 84' lang='lat' dir='ltr'><strong>ut</strong></span> <span class='ocrx_word' id='word_1_251' title='bbox 557 961 590 991; x_wconf 86' lang='lat' dir='ltr'><strong>de</strong></span> <span class='ocrx_word' id='word_1_252' title='bbox 616 961 760 996; x_wconf 83' lang='lat' dir='ltr'><strong>speciebus</strong></span> <span class='ocrx_word' id='word_1_253' title='bbox 789 969 946 991; x_wconf 73' lang='lat' dir='ltr'><strong>sermonem</strong></span> 
     </span>
    </p>
   </div>
   <div class='ocr_carea' id='block_1_36' title="bbox 157 1007 945 1042">
    <p class='ocr_par' dir='ltr' id='par_1_36' title="bbox 157 1007 945 1042">
     <span class='ocr_line' id='line_1_36' title="bbox 157 1007 945 1042; baseline 0.003 -7"><span class='ocrx_word' id='word_1_254' title='bbox 157 1008 344 1040; x_wconf 82' lang='lat' dir='ltr'><strong>instituamus,</strong></span> <span class='ocrx_word' id='word_1_255' title='bbox 371 1007 404 1036; x_wconf 85' lang='lat' dir='ltr'><strong>de</strong></span> <span class='ocrx_word' id='word_1_256' title='bbox 429 1007 529 1042; x_wconf 85' lang='lat' dir='ltr'><strong>quibus</strong></span> <span class='ocrx_word' id='word_1_257' title='bbox 556 1008 676 1037; x_wconf 82' lang='lat' dir='ltr'><strong>maxima</strong></span> <span class='ocrx_word' id='word_1_258' title='bbox 702 1007 772 1036; x_wconf 83' lang='lat' dir='ltr'><strong>solet</strong></span> <span class='ocrx_word' id='word_1_259' title='bbox 806 1009 945 1037; x_wconf 84' lang='lat' dir='ltr'><strong>contentio</strong></span> 
     </span>
    </p>
   </div>
   <div class='ocr_carea' id='block_1_37' title="bbox 156 1053 943 1088">
    <p class='ocr_par' dir='ltr' id='par_1_37' title="bbox 156 1053 943 1088">
     <span class='ocr_line' id='line_1_37' title="bbox 156 1053 943 1088; baseline -0.001 -6"><span class='ocrx_word' id='word_1_260' title='bbox 156 1054 269 1083; x_wconf 82' lang='lat' dir='ltr'><strong>moveri.</strong></span> <span class='ocrx_word' id='word_1_261' title='bbox 292 1053 319 1081; x_wconf 92' lang='lat' dir='ltr'><strong>In</strong></span> <span class='ocrx_word' id='word_1_262' title='bbox 339 1053 382 1081; x_wconf 89' lang='lat' dir='ltr'><strong>his</strong></span> <span class='ocrx_word' id='word_1_263' title='bbox 398 1061 462 1082; x_wconf 90' lang='lat' dir='ltr'><strong>vero</strong></span> <span class='ocrx_word' id='word_1_264' title='bbox 488 1061 540 1080; x_wconf 88' lang='lat' dir='ltr'><strong>non</strong></span> <span class='ocrx_word' id='word_1_265' title='bbox 576 1054 687 1088; x_wconf 83' lang='lat' dir='ltr'><strong>quidem</strong></span> <span class='ocrx_word' id='word_1_266' title='bbox 704 1053 810 1083; x_wconf 79' lang='lat' dir='ltr'><strong>Platoni</strong></span> <span class='ocrx_word' id='word_1_267' title='bbox 825 1061 943 1082; x_wconf 85' lang='lat' dir='ltr'><strong>consen-</strong></span> 
     </span>
    </p>
   </div>
   <div class='ocr_carea' id='block_1_38' title="bbox 159 1099 946 1134">
    <p class='ocr_par' dir='ltr' id='par_1_38' title="bbox 159 1099 946 1134">
     <span class='ocr_line' id='line_1_38' title="bbox 159 1099 946 1134; baseline -0.004 -5"><span class='ocrx_word' id='word_1_268' title='bbox 159 1102 272 1133; x_wconf 78' lang='lat' dir='ltr'><strong>tiemus.</strong></span> <span class='ocrx_word' id='word_1_269' title='bbox 286 1101 331 1129; x_wconf 84' lang='lat' dir='ltr'><strong>sed</strong></span> <span class='ocrx_word' id='word_1_270' title='bbox 354 1100 529 1128; x_wconf 83' lang='lat' dir='ltr'><strong>Aristotelem</strong></span> <span class='ocrx_word' id='word_1_271' title='bbox 552 1100 634 1129; x_wconf 85' lang='lat' dir='ltr'><strong>etiam</strong></span> <span class='ocrx_word' id='word_1_272' title='bbox 659 1099 755 1131; x_wconf 82' lang='lat' dir='ltr'><strong>hacin</strong></span> <span class='ocrx_word' id='word_1_273' title='bbox 779 1105 856 1134; x_wconf 85' lang='lat' dir='ltr'><strong>parte</strong></span> <span class='ocrx_word' id='word_1_274' title='bbox 875 1099 946 1130; x_wconf 84' lang='lat' dir='ltr'><strong>male</strong></span> 
     </span>
    </p>
   </div>
   <div class='ocr_carea' id='block_1_39' title="bbox 157 1147 943 1185">
    <p class='ocr_par' dir='ltr' id='par_1_39' title="bbox 157 1147 943 1185">
     <span class='ocr_line' id='line_1_39' title="bbox 157 1147 943 1185; baseline -0.001 -10"><span class='ocrx_word' id='word_1_275' title='bbox 157 1149 365 1185; x_wconf 81' lang='lat' dir='ltr'><strong>contradixisse,</strong></span> <span class='ocrx_word' id='word_1_276' title='bbox 385 1147 450 1174; x_wconf 88' lang='lat' dir='ltr'><strong>etin</strong></span> <span class='ocrx_word' id='word_1_277' title='bbox 466 1147 527 1174; x_wconf 81' lang='lat' dir='ltr'><strong>aliis</strong></span> <span class='ocrx_word' id='word_1_278' title='bbox 540 1147 646 1182; x_wconf 78' lang='lat' dir='ltr'><strong>quidem</strong></span> <span class='ocrx_word' id='word_1_279' title='bbox 669 1147 866 1185; x_wconf 75' lang='lat' dir='ltr'><strong>sycophantam</strong></span> <span class='ocrx_word' id='word_1_280' title='bbox 880 1154 943 1181; x_wconf 69' lang='lat' dir='ltr'><strong>ase-</strong></span> 
     </span>
    </p>
   </div>
   <div class='ocr_carea' id='block_1_40' title="bbox 156 1193 945 1229">
    <p class='ocr_par' dir='ltr' id='par_1_40' title="bbox 156 1193 945 1229">
     <span class='ocr_line' id='line_1_40' title="bbox 156 1193 945 1229; baseline -0.004 -6"><span class='ocrx_word' id='word_1_281' title='bbox 156 1203 197 1227; x_wconf 84' lang='lat' dir='ltr'><strong>re.</strong></span> <span class='ocrx_word' id='word_1_282' title='bbox 211 1195 237 1222; x_wconf 91' lang='lat' dir='ltr'><strong>in</strong></span> <span class='ocrx_word' id='word_1_283' title='bbox 253 1194 313 1221; x_wconf 86' lang='lat' dir='ltr'><strong>aliis</strong></span> <span class='ocrx_word' id='word_1_284' title='bbox 330 1201 395 1222; x_wconf 87' lang='lat' dir='ltr'><strong>vero</strong></span> <span class='ocrx_word' id='word_1_285' title='bbox 409 1201 461 1221; x_wconf 92' lang='lat' dir='ltr'><strong>non</strong></span> <span class='ocrx_word' id='word_1_286' title='bbox 481 1193 507 1221; x_wconf 95' lang='lat' dir='ltr'><strong>id</strong></span> <span class='ocrx_word' id='word_1_287' title='bbox 520 1194 653 1222; x_wconf 80' lang='lat' dir='ltr'><strong>conficere</strong></span> <span class='ocrx_word' id='word_1_288' title='bbox 673 1193 746 1229; x_wconf 88' lang='lat' dir='ltr'><strong>quod</strong></span> <span class='ocrx_word' id='word_1_289' title='bbox 776 1193 873 1226; x_wconf 85' lang='lat' dir='ltr'><strong>voluit,</strong></span> <span class='ocrx_word' id='word_1_290' title='bbox 899 1193 945 1221; x_wconf 85' lang='lat' dir='ltr'><strong>de-</strong></span> 
     </span>
    </p>
   </div>
   <div class='ocr_carea' id='block_1_41' title="bbox 157 1239 946 1273">
    <p class='ocr_par' dir='ltr' id='par_1_41' title="bbox 157 1239 946 1273">
     <span class='ocr_line' id='line_1_41' title="bbox 157 1239 946 1273; baseline 0 -6"><span class='ocrx_word' id='word_1_291' title='bbox 157 1240 380 1271; x_wconf 83' lang='lat' dir='ltr'><strong>monstrabimus,</strong></span> <span class='ocrx_word' id='word_1_292' title='bbox 391 1239 472 1273; x_wconf 85' lang='lat' dir='ltr'><strong>idque</strong></span> <span class='ocrx_word' id='word_1_293' title='bbox 492 1240 570 1267; x_wconf 86' lang='lat' dir='ltr'><strong>nobis</strong></span> <span class='ocrx_word' id='word_1_294' title='bbox 597 1239 665 1267; x_wconf 89' lang='lat' dir='ltr'><strong>vitio</strong></span> <span class='ocrx_word' id='word_1_295' title='bbox 699 1239 859 1267; x_wconf 84' lang='lat' dir='ltr'><strong>vertendum</strong></span> <span class='ocrx_word' id='word_1_296' title='bbox 891 1246 946 1267; x_wconf 91' lang='lat' dir='ltr'><strong>non</strong></span> 
     </span>
    </p>
   </div>
   <div class='ocr_carea' id='block_1_42' title="bbox 156 1284 944 1320">
    <p class='ocr_par' dir='ltr' id='par_1_42' title="bbox 156 1284 944 1320">
     <span class='ocr_line' id='line_1_42' title="bbox 156 1284 944 1320; baseline -0.005 -6"><span class='ocrx_word' id='word_1_297' title='bbox 156 1287 218 1318; x_wconf 84' lang='lat' dir='ltr'><strong>erit,</strong></span> <span class='ocrx_word' id='word_1_298' title='bbox 235 1286 370 1320; x_wconf 79' lang='lat' dir='ltr'><strong>siquidem</strong></span> <span class='ocrx_word' id='word_1_299' title='bbox 392 1286 472 1313; x_wconf 85' lang='lat' dir='ltr'><strong>etiam</strong></span> <span class='ocrx_word' id='word_1_300' title='bbox 497 1285 525 1313; x_wconf 92' lang='lat' dir='ltr'><strong>in</strong></span> <span class='ocrx_word' id='word_1_301' title='bbox 546 1285 683 1320; x_wconf 87' lang='lat' dir='ltr'><strong>prioribus</strong></span> <span class='ocrx_word' id='word_1_302' title='bbox 695 1289 759 1315; x_wconf 87' lang='lat' dir='ltr'><strong>sunt</strong></span> <span class='ocrx_word' id='word_1_303' title='bbox 777 1285 878 1320; x_wconf 77' lang='lat' dir='ltr'><strong>aliqua,</strong></span> <span class='ocrx_word' id='word_1_304' title='bbox 898 1284 944 1311; x_wconf 82' lang='lat' dir='ltr'><strong>tibi</strong></span> 
     </span>
    </p>
   </div>
   <div class='ocr_carea' id='block_1_43' title="bbox 157 1331 943 1364">
    <p class='ocr_par' dir='ltr' id='par_1_43' title="bbox 157 1331 943 1364">
     <span class='ocr_line' id='line_1_43' title="bbox 157 1331 943 1364; baseline -0.003 -5"><span class='ocrx_word' id='word_1_305' title='bbox 157 1332 264 1360; x_wconf 83' lang='lat' dir='ltr'><strong>Platoni</strong></span> <span class='ocrx_word' id='word_1_306' title='bbox 289 1339 344 1361; x_wconf 84' lang='lat' dir='ltr'><strong>non</strong></span> <span class='ocrx_word' id='word_1_307' title='bbox 376 1332 592 1364; x_wconf 82' lang='lat' dir='ltr'><strong>consentientes,</strong></span> <span class='ocrx_word' id='word_1_308' title='bbox 632 1331 812 1359; x_wconf 89' lang='lat' dir='ltr'><strong>nihilominus</strong></span> <span class='ocrx_word' id='word_1_309' title='bbox 835 1331 943 1359; x_wconf 85' lang='lat' dir='ltr'><strong>Aristo-</strong></span> 
     </span>
    </p>
   </div>
   <div class='ocr_carea' id='block_1_44' title="bbox 157 1377 943 1412">
    <p class='ocr_par' dir='ltr' id='par_1_44' title="bbox 157 1377 943 1412">
     <span class='ocr_line' id='line_1_44' title="bbox 157 1377 943 1412; baseline -0.003 -7"><span class='ocrx_word' id='word_1_310' title='bbox 157 1379 238 1406; x_wconf 88' lang='lat' dir='ltr'><strong>telem</strong></span> <span class='ocrx_word' id='word_1_311' title='bbox 282 1378 370 1412; x_wconf 85' lang='lat' dir='ltr'><strong>ipsum</strong></span> <span class='ocrx_word' id='word_1_312' title='bbox 408 1385 423 1405; x_wconf 87' lang='lat' dir='ltr'><strong>a</strong></span> <span class='ocrx_word' id='word_1_313' title='bbox 458 1377 548 1412; x_wconf 78' lang='lat' dir='ltr'><strong>seipso</strong></span> <span class='ocrx_word' id='word_1_314' title='bbox 586 1377 718 1406; x_wconf 85' lang='lat' dir='ltr'><strong>dissidere</strong></span> <span class='ocrx_word' id='word_1_315' title='bbox 763 1377 943 1405; x_wconf 87' lang='lat' dir='ltr'><strong>ostendimus.</strong></span> 
     </span>
    </p>
   </div>
   <div class='ocr_carea' id='block_1_45' title="bbox 157 1423 944 1460">
    <p class='ocr_par' dir='ltr' id='par_1_45' title="bbox 157 1423 944 1460">
     <span class='ocr_line' id='line_1_45' title="bbox 157 1423 944 1460; baseline -0.006 -7"><span class='ocrx_word' id='word_1_316' title='bbox 157 1426 196 1453; x_wconf 80' lang='lat' dir='ltr'><strong>Ac</strong></span> <span class='ocrx_word' id='word_1_317' title='bbox 216 1425 334 1460; x_wconf 75' lang='lat' dir='ltr'><strong>primunt</strong></span> <span class='ocrx_word' id='word_1_318' title='bbox 349 1424 459 1459; x_wconf 88' lang='lat' dir='ltr'><strong>quidem</strong></span> <span class='ocrx_word' id='word_1_319' title='bbox 475 1423 540 1450; x_wconf 92' lang='lat' dir='ltr'><strong>illud</strong></span> <span class='ocrx_word' id='word_1_320' title='bbox 564 1423 777 1457; x_wconf 74' lang='lat' dir='ltr'><strong>reprehensione</strong></span> <span class='ocrx_word' id='word_1_321' title='bbox 788 1430 841 1453; x_wconf 80' lang='lat' dir='ltr'><strong>non</strong></span> <span class='ocrx_word' id='word_1_322' title='bbox 856 1426 944 1455; x_wconf 82' lang='lat' dir='ltr'><strong>caret,</strong></span> 
     </span>
    </p>
   </div>
   <div class='ocr_carea' id='block_1_46' title="bbox 157 1467 945 1506">
    <p class='ocr_par' dir='ltr' id='par_1_46' title="bbox 157 1467 945 1506">
     <span class='ocr_line' id='line_1_46' title="bbox 157 1467 945 1506; baseline -0.005 -8"><span class='ocrx_word' id='word_1_323' title='bbox 157 1471 230 1506; x_wconf 81' lang='lat' dir='ltr'><strong>quod</strong></span> <span class='ocrx_word' id='word_1_324' title='bbox 254 1470 397 1498; x_wconf 75' lang='lat' dir='ltr'><strong>manifeste</strong></span> <span class='ocrx_word' id='word_1_325' title='bbox 427 1469 535 1497; x_wconf 84' lang='lat' dir='ltr'><strong>veritati</strong></span> <span class='ocrx_word' id='word_1_326' title='bbox 564 1473 697 1504; x_wconf 68' lang='lat' dir='ltr'><strong>repugnat</strong></span> <span class='ocrx_word' id='word_1_327' title='bbox 720 1469 764 1496; x_wconf 86' lang='lat' dir='ltr'><strong>ubi</strong></span> <span class='ocrx_word' id='word_1_328' title='bbox 794 1472 856 1504; x_wconf 81' lang='lat' dir='ltr'><strong>post</strong></span> <span class='ocrx_word' id='word_1_329' title='bbox 896 1467 945 1495; x_wconf 90' lang='lat' dir='ltr'><strong>So-</strong></span> 
     </span>
    </p>
   </div>
   <div class='ocr_carea' id='block_1_47' title="bbox 158 1514 947 1551">
    <p class='ocr_par' dir='ltr' id='par_1_47' title="bbox 158 1514 947 1551">
     <span class='ocr_line' id='line_1_47' title="bbox 158 1514 947 1551; baseline 0 -8"><span class='ocrx_word' id='word_1_330' title='bbox 158 1521 262 1545; x_wconf 82' lang='lat' dir='ltr'><strong>cratem</strong></span> <span class='ocrx_word' id='word_1_331' title='bbox 286 1517 343 1549; x_wconf 88' lang='lat' dir='ltr'><strong>ait,</strong></span> <span class='ocrx_word' id='word_1_332' title='bbox 367 1517 469 1551; x_wconf 85' lang='lat' dir='ltr'><strong>primos</strong></span> <span class='ocrx_word' id='word_1_333' title='bbox 494 1516 644 1547; x_wconf 72' lang='lat' dir='ltr'><strong>exstitisse,</strong></span> <span class='ocrx_word' id='word_1_334' title='bbox 662 1516 711 1551; x_wconf 81' lang='lat' dir='ltr'><strong>qui</strong></span> <span class='ocrx_word' id='word_1_335' title='bbox 737 1521 890 1543; x_wconf 82' lang='lat' dir='ltr'><strong>sermonem</strong></span> <span class='ocrx_word' id='word_1_336' title='bbox 910 1514 947 1543; x_wconf 75' lang='lat' dir='ltr'><strong>de</strong></span> 
     </span>
    </p>
   </div>
   <div class='ocr_carea' id='block_1_48' title="bbox 162 1549 980 1597">
    <p class='ocr_par' dir='ltr' id='par_1_48' title="bbox 162 1549 980 1597">
     <span class='ocr_line' id='line_1_48' title="bbox 162 1549 980 1597; baseline -0.004 -6"><span class='ocrx_word' id='word_1_337' title='bbox 162 1563 305 1596; x_wconf 79' lang='lat' dir='ltr'><strong>speciebus</strong></span> <span class='ocrx_word' id='word_1_338' title='bbox 320 1564 347 1590; x_wconf 88' lang='lat' dir='ltr'><strong>in</strong></span> <span class='ocrx_word' id='word_1_339' title='bbox 360 1549 469 1589; x_wconf 77' lang='lat' dir='ltr'><strong>scholas</strong></span> <span class='ocrx_word' id='word_1_340' title='bbox 482 1549 709 1597; x_wconf 81' lang='lat' dir='ltr'><strong>philosophorum</strong></span> <span class='ocrx_word' id='word_1_341' title='bbox 728 1561 945 1594; x_wconf 71' lang='lat' dir='ltr'><strong>introduxerint,</strong></span> <span class='ocrx_word' id='word_1_342' title='bbox 959 1549 980 1579; x_wconf 67' lang='grc' dir='ltr'><strong>θ</strong></span> 
     </span>
    </p>
   </div>
   <div class='ocr_carea' id='block_1_49' title="bbox 161 1607 947 1642">
    <p class='ocr_par' dir='ltr' id='par_1_49' title="bbox 161 1607 947 1642">
     <span class='ocr_line' id='line_1_49' title="bbox 161 1607 947 1642; baseline -0.001 -6"><span class='ocrx_word' id='word_1_343' title='bbox 161 1609 299 1637; x_wconf 76' lang='lat' dir='ltr'><strong>Platonem</strong></span> <span class='ocrx_word' id='word_1_344' title='bbox 315 1607 445 1637; x_wconf 87' lang='lat' dir='ltr'><strong>nimirum</strong></span> <span class='ocrx_word' id='word_1_345' title='bbox 472 1607 635 1642; x_wconf 74' lang='lat' dir='ltr'><strong>intelligens.</strong></span> <span class='ocrx_word' id='word_1_346' title='bbox 652 1607 764 1636; x_wconf 80' lang='lat' dir='ltr'><strong>Certum</strong></span> <span class='ocrx_word' id='word_1_347' title='bbox 787 1611 877 1634; x_wconf 84' lang='lat' dir='ltr'><strong>autem</strong></span> <span class='ocrx_word' id='word_1_348' title='bbox 903 1611 947 1636; x_wconf 83' lang='lat' dir='ltr'><strong>est</strong></span> 
     </span>
    </p>
   </div>
   <div class='ocr_carea' id='block_1_50' title="bbox 158 1652 945 1689">
    <p class='ocr_par' dir='ltr' id='par_1_50' title="bbox 158 1652 945 1689">
     <span class='ocr_line' id='line_1_50' title="bbox 158 1652 945 1689; baseline -0.004 -7"><span class='ocrx_word' id='word_1_349' title='bbox 158 1655 240 1683; x_wconf 79' lang='lat' dir='ltr'><strong>etiam</strong></span> <span class='ocrx_word' id='word_1_350' title='bbox 257 1653 463 1689; x_wconf 59' lang='lat' dir='ltr'><strong>Pythagorasos,</strong></span> <span class='ocrx_word' id='word_1_351' title='bbox 483 1653 531 1688; x_wconf 88' lang='lat' dir='ltr'><strong>qui</strong></span> <span class='ocrx_word' id='word_1_352' title='bbox 555 1657 618 1682; x_wconf 85' lang='lat' dir='ltr'><strong>ante</strong></span> <span class='ocrx_word' id='word_1_353' title='bbox 634 1653 771 1681; x_wconf 78' lang='lat' dir='ltr'><strong>Platonem</strong></span> <span class='ocrx_word' id='word_1_354' title='bbox 788 1652 917 1681; x_wconf 68' lang='lat' dir='ltr'><strong>vixerunt</strong></span> <span class='ocrx_word' id='word_1_355' title='bbox 936 1671 945 1684; x_wconf 84' lang='lat'><strong>,</strong></span> 
     </span>
    </p>
   </div>
   <div class='ocr_carea' id='block_1_51' title="bbox 160 1698 942 1743">
    <p class='ocr_par' dir='ltr' id='par_1_51' title="bbox 160 1698 942 1743">
     <span class='ocr_line' id='line_1_51' title="bbox 160 1698 942 1743; baseline -0.006 -14"><span class='ocrx_word' id='word_1_356' title='bbox 160 1703 194 1743; x_wconf 79' lang='lat' dir='ltr'><strong>d_e</strong></span> <span class='ocrx_word' id='word_1_357' title='bbox 209 1702 261 1729; x_wconf 86' lang='lat' dir='ltr'><strong>hac</strong></span> <span class='ocrx_word' id='word_1_358' title='bbox 277 1709 307 1728; x_wconf 77' lang='lat' dir='ltr'><strong>re</strong></span> <span class='ocrx_word' id='word_1_359' title='bbox 320 1700 484 1731; x_wconf 82' lang='lat' dir='ltr'><strong>disseruisse</strong></span> <span class='ocrx_word' id='word_1_360' title='bbox 498 1719 506 1731; x_wconf 87' lang='lat'><strong>,</strong></span> <span class='ocrx_word' id='word_1_361' title='bbox 524 1700 595 1729; x_wconf 86' lang='lat' dir='ltr'><strong>sicut</strong></span> <span class='ocrx_word' id='word_1_362' title='bbox 610 1707 644 1726; x_wconf 86' lang='lat' dir='ltr'><strong>ex</strong></span> <span class='ocrx_word' id='word_1_363' title='bbox 658 1706 693 1726; x_wconf 84' lang='lat' dir='ltr'><strong>eo</strong></span> <span class='ocrx_word' id='word_1_364' title='bbox 703 1706 788 1734; x_wconf 83' lang='lat' dir='ltr'><strong>opere</strong></span> <span class='ocrx_word' id='word_1_365' title='bbox 802 1698 922 1726; x_wconf 76' lang='lat' dir='ltr'><strong>Platonis</strong></span> <span class='ocrx_word' id='word_1_366' title='bbox 935 1717 942 1730; x_wconf 87' lang='lat'><strong>,</strong></span> 
     </span>
    </p>
   </div>
   <div class='ocr_carea' id='block_1_52' title="bbox 158 1743 946 1782">
    <p class='ocr_par' dir='ltr' id='par_1_52' title="bbox 158 1743 946 1782">
     <span class='ocr_line' id='line_1_52' title="bbox 158 1743 946 1782; baseline -0.005 -7"><span class='ocrx_word' id='word_1_367' title='bbox 158 1748 231 1782; x_wconf 88' lang='lat' dir='ltr'><strong>quod</strong></span> <span class='ocrx_word' id='word_1_368' title='bbox 253 1748 384 1776; x_wconf 72' lang='lat' dir='ltr'><strong>Tinmum</strong></span> <span class='ocrx_word' id='word_1_369' title='bbox 402 1746 517 1776; x_wconf 73' lang='lat' dir='ltr'><strong>Loorum</strong></span> <span class='ocrx_word' id='word_1_370' title='bbox 534 1745 666 1778; x_wconf 90' lang='lat' dir='ltr'><strong>nominat,</strong></span> <span class='ocrx_word' id='word_1_371' title='bbox 683 1749 805 1781; x_wconf 73' lang='lat' dir='ltr'><strong>apparet.</strong></span> <span class='ocrx_word' id='word_1_372' title='bbox 819 1743 858 1772; x_wconf 82' lang='lat' dir='ltr'><strong>lbi</strong></span> <span class='ocrx_word' id='word_1_373' title='bbox 869 1751 946 1774; x_wconf 83' lang='lat' dir='ltr'><strong>nam-</strong></span> 
     </span>
    </p>
   </div>
   <div class='ocr_carea' id='block_1_53' title="bbox 159 1790 945 1828">
    <p class='ocr_par' dir='ltr' id='par_1_53' title="bbox 159 1790 945 1828">
     <span class='ocr_line' id='line_1_53' title="bbox 159 1790 945 1828; baseline -0.004 -8"><span class='ocrx_word' id='word_1_374' title='bbox 159 1802 212 1828; x_wconf 82' lang='lat' dir='ltr'><strong>que</strong></span> <span class='ocrx_word' id='word_1_375' title='bbox 229 1794 282 1821; x_wconf 80' lang='lat' dir='ltr'><strong>hoc</strong></span> <span class='ocrx_word' id='word_1_376' title='bbox 298 1793 400 1821; x_wconf 65' lang='lat' dir='ltr'><strong>coelum</strong></span> <span class='ocrx_word' id='word_1_377' title='bbox 425 1792 470 1820; x_wconf 90' lang='lat' dir='ltr'><strong>ille</strong></span> <span class='ocrx_word' id='word_1_378' title='bbox 485 1800 516 1821; x_wconf 82' lang='lat' dir='ltr'><strong>ex</strong></span> <span class='ocrx_word' id='word_1_379' title='bbox 533 1792 704 1827; x_wconf 80' lang='lat' dir='ltr'><strong>intelligibili&#39;</strong></span> <span class='ocrx_word' id='word_1_380' title='bbox 721 1791 844 1826; x_wconf 72' lang='lat' dir='ltr'><strong>exemplo</strong></span> <span class='ocrx_word' id='word_1_381' title='bbox 860 1790 945 1818; x_wconf 87' lang='lat' dir='ltr'><strong>dedu-</strong></span> 
     </span>
    </p>
   </div>
   <div class='ocr_carea' id='block_1_54' title="bbox 158 1835 946 1873">
    <p class='ocr_par' dir='ltr' id='par_1_54' title="bbox 158 1835 946 1873">
     <span class='ocr_line' id='line_1_54' title="bbox 158 1835 946 1873; baseline -0.004 -6"><span class='ocrx_word' id='word_1_382' title='bbox 158 1847 234 1872; x_wconf 81' lang='lat' dir='ltr'><strong>cens,</strong></span> <span class='ocrx_word' id='word_1_383' title='bbox 249 1839 360 1867; x_wconf 72' lang='lat' dir='ltr'><strong>alterius</strong></span> <span class='ocrx_word' id='word_1_384' title='bbox 375 1838 478 1870; x_wconf 77' lang='lat' dir='ltr'><strong>mundi,</strong></span> <span class='ocrx_word' id='word_1_385' title='bbox 495 1845 577 1873; x_wconf 87' lang='lat' dir='ltr'><strong>quem</strong></span> <span class='ocrx_word' id='word_1_386' title='bbox 607 1837 743 1865; x_wconf 87' lang='lat' dir='ltr'><strong>idanieum</strong></span> <span class='ocrx_word' id='word_1_387' title='bbox 764 1840 852 1867; x_wconf 86' lang='lat' dir='ltr'><strong>vocat.</strong></span> <span class='ocrx_word' id='word_1_388' title='bbox 877 1835 946 1864; x_wconf 85' lang='lat' dir='ltr'><strong>ima-</strong></span> 
     </span>
    </p>
   </div>
   <div class='ocr_carea' id='block_1_55' title="bbox 160 1881 947 1920">
    <p class='ocr_par' dir='ltr' id='par_1_55' title="bbox 160 1881 947 1920">
     <span class='ocr_line' id='line_1_55' title="bbox 160 1881 947 1920; baseline -0.008 -7"><span class='ocrx_word' id='word_1_389' title='bbox 160 1887 251 1920; x_wconf 75' lang='lat' dir='ltr'><strong>ginem</strong></span> <span class='ocrx_word' id='word_1_390' title='bbox 267 1885 343 1913; x_wconf 83' lang='lat' dir='ltr'><strong>facit.</strong></span> <span class='ocrx_word' id='word_1_391' title='bbox 366 1885 457 1919; x_wconf 77' lang='lat' dir='ltr'><strong>Atque</strong></span> <span class='ocrx_word' id='word_1_392' title='bbox 480 1885 532 1914; x_wconf 80' lang='lat' dir='ltr'><strong>hoc</strong></span> <span class='ocrx_word' id='word_1_393' title='bbox 546 1884 661 1919; x_wconf 9' lang='lat' dir='ltr'><strong>quidem,</strong></span> <span class='ocrx_word' id='word_1_394' title='bbox 673 1887 715 1911; x_wconf 85' lang='lat' dir='ltr'><strong>est</strong></span> <span class='ocrx_word' id='word_1_395' title='bbox 731 1881 898 1918; x_wconf 69' lang='lat' dir='ltr'><strong>huiusmodi.</strong></span> <span class='ocrx_word' id='word_1_396' title='bbox 916 1881 947 1911; x_wconf 82' lang='lat' dir='ltr'><strong>lu</strong></span> 
     </span>
    </p>
   </div>
   <div class='ocr_carea' id='block_1_56' title="bbox 158 1920 945 1966">
    <p class='ocr_par' dir='ltr' id='par_1_56' title="bbox 158 1920 945 1966">
     <span class='ocr_line' id='line_1_56' title="bbox 158 1920 945 1966; baseline -0.004 -7"><span class='ocrx_word' id='word_1_397' title='bbox 158 1940 191 1960; x_wconf 82' lang='lat' dir='ltr'><strong>eo</strong></span> <span class='ocrx_word' id='word_1_398' title='bbox 210 1936 299 1959; x_wconf 82' lang='lat' dir='ltr'><strong>autem</strong></span> <span class='ocrx_word' id='word_1_399' title='bbox 317 1920 454 1966; x_wconf 65' lang='lat' dir='ltr'><strong>quomodo</strong></span> <span class='ocrx_word' id='word_1_400' title='bbox 470 1939 522 1959; x_wconf 88' lang='lat' dir='ltr'><strong>non</strong></span> <span class='ocrx_word' id='word_1_401' title='bbox 540 1931 621 1958; x_wconf 80' lang='lat' dir='ltr'><strong>infert</strong></span> <span class='ocrx_word' id='word_1_402' title='bbox 635 1929 783 1965; x_wconf 79' lang='lat' dir='ltr'><strong>injuriam?</strong></span> <span class='ocrx_word' id='word_1_403' title='bbox 800 1928 868 1956; x_wconf 89' lang='lat' dir='ltr'><strong>Cum</strong></span> <span class='ocrx_word' id='word_1_404' title='bbox 886 1927 945 1956; x_wconf 71' lang='lat' dir='ltr'><strong>Pla&lt;</strong></span> 
     </span>
    </p>
   </div>
   <div class='ocr_carea' id='block_1_57' title="bbox 159 1974 944 2011">
    <p class='ocr_par' dir='ltr' id='par_1_57' title="bbox 159 1974 944 2011">
     <span class='ocr_line' id='line_1_57' title="bbox 159 1974 944 2011; baseline -0.009 -4"><span class='ocrx_word' id='word_1_405' title='bbox 159 1978 242 2007; x_wconf 86' lang='lat' dir='ltr'><strong>toniei</strong></span> <span class='ocrx_word' id='word_1_406' title='bbox 255 1985 319 2005; x_wconf 78' lang='lat' dir='ltr'><strong>suas</strong></span> <span class='ocrx_word' id='word_1_407' title='bbox 329 1977 389 2007; x_wconf 78' lang='lat' dir='ltr'><strong>illas</strong></span> <span class='ocrx_word' id='word_1_408' title='bbox 406 1977 522 2011; x_wconf 82' lang='lat' dir='ltr'><strong>species,</strong></span> <span class='ocrx_word' id='word_1_409' title='bbox 538 1977 621 2004; x_wconf 82' lang='lat' dir='ltr'><strong>rebus</strong></span> <span class='ocrx_word' id='word_1_410' title='bbox 633 1975 726 2004; x_wconf 87' lang='lat' dir='ltr'><strong>sensui</strong></span> <span class='ocrx_word' id='word_1_411' title='bbox 744 1974 874 2009; x_wconf 80' lang='lat' dir='ltr'><strong>subjectis</strong></span> <span class='ocrx_word' id='word_1_412' title='bbox 891 1981 944 2001; x_wconf 91' lang='lat' dir='ltr'><strong>non</strong></span> 
     </span>
    </p>
   </div>
   <div class='ocr_carea' id='block_1_58' title="bbox 158 2021 946 2059">
    <p class='ocr_par' dir='ltr' id='par_1_58' title="bbox 158 2021 946 2059">
     <span class='ocr_line' id='line_1_58' title="bbox 158 2021 946 2059; baseline -0.006 -8"><span class='ocrx_word' id='word_1_413' title='bbox 158 2031 330 2059; x_wconf 78' lang='lat' dir='ltr'><strong>synonymas,</strong></span> <span class='ocrx_word' id='word_1_414' title='bbox 348 2023 394 2051; x_wconf 85' lang='lat' dir='ltr'><strong>sed</strong></span> <span class='ocrx_word' id='word_1_415' title='bbox 411 2023 565 2057; x_wconf 71' lang='lat' dir='ltr'><strong>mquivocas</strong></span> <span class='ocrx_word' id='word_1_416' title='bbox 580 2029 640 2050; x_wconf 84' lang='lat' dir='ltr'><strong>esse</strong></span> <span class='ocrx_word' id='word_1_417' title='bbox 659 2021 760 2049; x_wconf 85' lang='lat' dir='ltr'><strong>velint.</strong></span> <span class='ocrx_word' id='word_1_418' title='bbox 776 2021 833 2056; x_wconf 88' lang='lat' dir='ltr'><strong>ipse</strong></span> <span class='ocrx_word' id='word_1_419' title='bbox 849 2025 946 2055; x_wconf 67' lang='lat' dir='ltr'><strong>praeter</strong></span> 
     </span>
    </p>
   </div>
   <div class='ocr_carea' id='block_1_59' title="bbox 159 2069 943 2104">
    <p class='ocr_par' dir='ltr' id='par_1_59' title="bbox 159 2069 943 2104">
     <span class='ocr_line' id='line_1_59' title="bbox 159 2069 943 2104; baseline -0.004 -7"><span class='ocrx_word' id='word_1_420' title='bbox 159 2071 268 2098; x_wconf 76' lang='lat' dir='ltr'><strong>illorum</strong></span> <span class='ocrx_word' id='word_1_421' title='bbox 283 2069 437 2104; x_wconf 82' lang='lat' dir='ltr'><strong>opinionem</strong></span> <span class='ocrx_word' id='word_1_422' title='bbox 451 2073 479 2096; x_wconf 90' lang='lat' dir='ltr'><strong>et</strong></span> <span class='ocrx_word' id='word_1_423' title='bbox 498 2069 663 2096; x_wconf 82' lang='lat' dir='ltr'><strong>voluntatem</strong></span> <span class='ocrx_word' id='word_1_424' title='bbox 678 2074 845 2102; x_wconf 85' lang='lat' dir='ltr'><strong>synOnymas</strong></span> <span class='ocrx_word' id='word_1_425' title='bbox 859 2073 943 2094; x_wconf 87' lang='lat' dir='ltr'><strong>cona-</strong></span> 
     </span>
    </p>
   </div>
   <div class='ocr_carea' id='block_1_60' title="bbox 160 2114 941 2150">
    <p class='ocr_par' dir='ltr' id='par_1_60' title="bbox 160 2114 941 2150">
     <span class='ocr_line' id='line_1_60' title="bbox 160 2114 941 2150; baseline -0.005 -6"><span class='ocrx_word' id='word_1_426' title='bbox 160 2121 204 2144; x_wconf 91' lang='lat' dir='ltr'><strong>tur</strong></span> <span class='ocrx_word' id='word_1_427' title='bbox 217 2116 370 2149; x_wconf 80' lang='lat' dir='ltr'><strong>ostendere,</strong></span> <span class='ocrx_word' id='word_1_428' title='bbox 388 2115 467 2150; x_wconf 80' lang='lat' dir='ltr'><strong>idque</strong></span> <span class='ocrx_word' id='word_1_429' title='bbox 480 2115 532 2144; x_wconf 88' lang='lat' dir='ltr'><strong>hoe</strong></span> <span class='ocrx_word' id='word_1_430' title='bbox 553 2114 645 2142; x_wconf 88' lang='lat' dir='ltr'><strong>modo.</strong></span> <span class='ocrx_word' id='word_1_431' title='bbox 663 2114 709 2142; x_wconf 75' lang='lat' dir='ltr'><strong>Ait</strong></span> <span class='ocrx_word' id='word_1_432' title='bbox 723 2114 795 2141; x_wconf 83' lang='lat' dir='ltr'><strong>enim</strong></span> <span class='ocrx_word' id='word_1_433' title='bbox 812 2121 865 2140; x_wconf 91' lang='lat' dir='ltr'><strong>non</strong></span> <span class='ocrx_word' id='word_1_434' title='bbox 882 2120 941 2141; x_wconf 86' lang='lat' dir='ltr'><strong>eam</strong></span> 
     </span>
    </p>
   </div>
   <div class='ocr_carea' id='block_1_61' title="bbox 158 2159 944 2196">
    <p class='ocr_par' dir='ltr' id='par_1_61' title="bbox 158 2159 944 2196">
     <span class='ocr_line' id='line_1_61' title="bbox 158 2159 944 2196; baseline -0.005 -6"><span class='ocrx_word' id='word_1_435' title='bbox 158 2163 193 2191; x_wconf 80' lang='lat' dir='ltr'><strong>ob</strong></span> <span class='ocrx_word' id='word_1_436' title='bbox 208 2169 330 2194; x_wconf 68' lang='lat' dir='ltr'><strong>causam,</strong></span> <span class='ocrx_word' id='word_1_437' title='bbox 352 2161 425 2196; x_wconf 81' lang='lat' dir='ltr'><strong>quod</strong></span> <span class='ocrx_word' id='word_1_438' title='bbox 448 2161 500 2191; x_wconf 64' lang='lat' dir='ltr'><strong>illa;</strong></span> <span class='ocrx_word' id='word_1_439' title='bbox 523 2164 588 2188; x_wconf 84' lang='lat' dir='ltr'><strong>sunt</strong></span> <span class='ocrx_word' id='word_1_440' title='bbox 614 2160 795 2194; x_wconf 59' lang='lat' dir='ltr'><strong>sempiterna,</strong></span> <span class='ocrx_word' id='word_1_441' title='bbox 822 2159 863 2186; x_wconf 69' lang='lat' dir='ltr'><strong>hac</strong></span> <span class='ocrx_word' id='word_1_442' title='bbox 880 2166 944 2187; x_wconf 78' lang='lat' dir='ltr'><strong>vero</strong></span> 
     </span>
    </p>
   </div>
   <div class='ocr_carea' id='block_1_62' title="bbox 996 917 1790 955">
    <p class='ocr_par' dir='ltr' id='par_1_62' title="bbox 996 917 1790 955">
     <span class='ocr_line' id='line_1_62' title="bbox 996 917 1790 955; baseline -0.003 -8"><span class='ocrx_word' id='word_1_443' title='bbox 996 920 1084 953; x_wconf 84' lang='grc' dir='ltr'>λόγος.</span> <span class='ocrx_word' id='word_1_444' title='bbox 1101 920 1169 955; x_wconf 80' lang='grc' dir='ltr'>Περὶ</span> <span class='ocrx_word' id='word_1_445' title='bbox 1185 917 1223 951; x_wconf 79' lang='grc' dir='ltr'>ὧν</span> <span class='ocrx_word' id='word_1_446' title='bbox 1237 920 1267 946; x_wconf 89' lang='grc' dir='ltr'>οὺ</span> <span class='ocrx_word' id='word_1_447' title='bbox 1284 920 1409 949; x_wconf 76' lang='grc' dir='ltr'>Πλάτωνι</span> <span class='ocrx_word' id='word_1_448' title='bbox 1425 919 1641 952; x_wconf 77' lang='grc' dir='ltr'>συνειπεῖν,ἀλλ’</span> <span class='ocrx_word' id='word_1_449' title='bbox 1661 920 1790 954; x_wconf 78' lang='grc' dir='ltr'>Ἀριστο-</span> 
     </span>
    </p>
   </div>
   <div class='ocr_carea' id='block_1_63' title="bbox 995 964 1789 999">
    <p class='ocr_par' dir='ltr' id='par_1_63' title="bbox 995 964 1789 999">
     <span class='ocr_line' id='line_1_63' title="bbox 995 964 1789 999; baseline -0.001 -8"><span class='ocrx_word' id='word_1_450' title='bbox 995 964 1061 999; x_wconf 86' lang='grc' dir='ltr'>τέλη</span> <span class='ocrx_word' id='word_1_451' title='bbox 1081 965 1128 992; x_wconf 78' lang='grc' dir='ltr'>καὶ</span> <span class='ocrx_word' id='word_1_452' title='bbox 1145 965 1174 992; x_wconf 66' lang='grc' dir='ltr'>ἄν</span> <span class='ocrx_word' id='word_1_453' title='bbox 1193 964 1300 997; x_wconf 80' lang='grc' dir='ltr'>τούτοις</span> <span class='ocrx_word' id='word_1_454' title='bbox 1314 965 1455 998; x_wconf 76' lang='grc' dir='ltr'>ἀποδεῖξαι</span> <span class='ocrx_word' id='word_1_455' title='bbox 1469 964 1580 999; x_wconf 71' lang='grc' dir='ltr'>φαύλως</span> <span class='ocrx_word' id='word_1_456' title='bbox 1594 964 1789 997; x_wconf 78' lang='grc' dir='ltr'>ἀντιλέγοντα,</span> 
     </span>
    </p>
   </div>
   <div class='ocr_carea' id='block_1_64' title="bbox 996 1009 1788 1046">
    <p class='ocr_par' dir='ltr' id='par_1_64' title="bbox 996 1009 1788 1046">
     <span class='ocr_line' id='line_1_64' title="bbox 996 1009 1788 1046; baseline -0.003 -9"><span class='ocrx_word' id='word_1_457' title='bbox 996 1011 1043 1037; x_wconf 72' lang='grc' dir='ltr'><strong>καὶ</strong></span> <span class='ocrx_word' id='word_1_458' title='bbox 1071 1010 1106 1038; x_wconf 79' lang='grc' dir='ltr'>τὰ</span> <span class='ocrx_word' id='word_1_459' title='bbox 1131 1011 1181 1046; x_wconf 80' lang='grc' dir='ltr'>μὲν</span> <span class='ocrx_word' id='word_1_460' title='bbox 1198 1009 1433 1045; x_wconf 69' lang='grc' dir='ltr'>συκοφαντοῦντα.</span> <span class='ocrx_word' id='word_1_461' title='bbox 1453 1010 1489 1037; x_wconf 77' lang='grc' dir='ltr'>τὰ</span> <span class='ocrx_word' id='word_1_462' title='bbox 1514 1010 1581 1037; x_wconf 70' lang='grc' dir='ltr'>δὀὐ</span> <span class='ocrx_word' id='word_1_463' title='bbox 1607 1010 1788 1045; x_wconf 71' lang='grc' dir='ltr'>περαίνοντα,</span> 
     </span>
    </p>
   </div>
   <div class='ocr_carea' id='block_1_65' title="bbox 996 1053 1790 1091">
    <p class='ocr_par' dir='ltr' id='par_1_65' title="bbox 996 1053 1790 1091">
     <span class='ocr_line' id='line_1_65' title="bbox 996 1053 1790 1091; baseline -0.003 -8"><span class='ocrx_word' id='word_1_464' title='bbox 996 1057 1176 1091; x_wconf 73' lang='grc' dir='ltr'>ἀνεμέσητον.</span> <span class='ocrx_word' id='word_1_465' title='bbox 1198 1056 1260 1083; x_wconf 67' lang='grc' dir='ltr'><strong>ἐπεὶ</strong></span> <span class='ocrx_word' id='word_1_466' title='bbox 1274 1056 1320 1084; x_wconf 78' lang='grc' dir='ltr'>καὶ</span> <span class='ocrx_word' id='word_1_467' title='bbox 1338 1057 1365 1082; x_wconf 74' lang='grc' dir='ltr'>ἐν</span> <span class='ocrx_word' id='word_1_468' title='bbox 1390 1057 1444 1083; x_wconf 80' lang='grc' dir='ltr'>τῶν</span> <span class='ocrx_word' id='word_1_469' title='bbox 1467 1056 1621 1090; x_wconf 70' lang='grc' dir='ltr'>εἱρημένων</span> <span class='ocrx_word' id='word_1_470' title='bbox 1646 1055 1724 1082; x_wconf 74' lang='grc' dir='ltr'>ἔστιν</span> <span class='ocrx_word' id='word_1_471' title='bbox 1749 1053 1790 1086; x_wconf 76' lang='grc' dir='ltr'>οἷς</span> 
     </span>
    </p>
   </div>
   <div class='ocr_carea' id='block_1_66' title="bbox 995 1102 1789 1138">
    <p class='ocr_par' dir='ltr' id='par_1_66' title="bbox 995 1102 1789 1138">
     <span class='ocr_line' id='line_1_66' title="bbox 995 1102 1789 1138; baseline -0.005 -7"><span class='ocrx_word' id='word_1_472' title='bbox 995 1103 1074 1131; x_wconf 79' lang='grc' dir='ltr'>οὐδὲν</span> <span class='ocrx_word' id='word_1_473' title='bbox 1091 1103 1215 1130; x_wconf 84' lang='grc' dir='ltr'>Πλάτωνι</span> <span class='ocrx_word' id='word_1_474' title='bbox 1237 1103 1429 1138; x_wconf 79' lang='grc' dir='ltr'>συνειρηκότες</span> <span class='ocrx_word' id='word_1_475' title='bbox 1449 1102 1624 1137; x_wconf 74' lang='grc' dir='ltr'>Ἀριστοτέλη</span> <span class='ocrx_word' id='word_1_476' title='bbox 1646 1102 1718 1132; x_wconf 80' lang='grc' dir='ltr'>τέως</span> <span class='ocrx_word' id='word_1_477' title='bbox 1742 1102 1789 1127; x_wconf 82' lang='grc' dir='ltr'><strong>αὺ-</strong></span> 
     </span>
    </p>
   </div>
   <div class='ocr_carea' id='block_1_67' title="bbox 996 1146 1787 1184">
    <p class='ocr_par' dir='ltr' id='par_1_67' title="bbox 996 1146 1787 1184">
     <span class='ocr_line' id='line_1_67' title="bbox 996 1146 1787 1184; baseline -0.008 -6"><span class='ocrx_word' id='word_1_478' title='bbox 996 1150 1041 1178; x_wconf 83' lang='grc' dir='ltr'><strong>τδν</strong></span> <span class='ocrx_word' id='word_1_479' title='bbox 1057 1150 1104 1184; x_wconf 82' lang='grc' dir='ltr'><strong>ὑφ’</strong></span> <span class='ocrx_word' id='word_1_480' title='bbox 1116 1149 1199 1176; x_wconf 71' lang='grc' dir='ltr'>αὐτοῦ</span> <span class='ocrx_word' id='word_1_481' title='bbox 1217 1149 1453 1184; x_wconf 70' lang='grc' dir='ltr'>περιτρεπόμενον</span> <span class='ocrx_word' id='word_1_482' title='bbox 1473 1148 1694 1182; x_wconf 74' lang='grc' dir='ltr'>ὲπιδεδείχαμεν.</span> <span class='ocrx_word' id='word_1_483' title='bbox 1712 1146 1787 1181; x_wconf 75' lang='grc' dir='ltr'><strong>Πρῶ-</strong></span> 
     </span>
    </p>
   </div>
   <div class='ocr_carea' id='block_1_68' title="bbox 996 1193 1787 1232">
    <p class='ocr_par' dir='ltr' id='par_1_68' title="bbox 996 1193 1787 1232">
     <span class='ocr_line' id='line_1_68' title="bbox 996 1193 1787 1232; baseline -0.006 -9"><span class='ocrx_word' id='word_1_484' title='bbox 996 1205 1041 1223; x_wconf 86' lang='grc' dir='ltr'><strong>τον</strong></span> <span class='ocrx_word' id='word_1_485' title='bbox 1058 1195 1108 1232; x_wconf 75' lang='grc' dir='ltr'>μὲν</span> <span class='ocrx_word' id='word_1_486' title='bbox 1123 1193 1169 1223; x_wconf 70' lang='grc' dir='ltr'>οὖν</span> <span class='ocrx_word' id='word_1_487' title='bbox 1183 1197 1271 1223; x_wconf 75' lang='grc' dir='ltr'>ἐκεῖνο</span> <span class='ocrx_word' id='word_1_488' title='bbox 1287 1195 1433 1229; x_wconf 77' lang='grc' dir='ltr'>ἐλεγκτέον</span> <span class='ocrx_word' id='word_1_489' title='bbox 1450 1194 1618 1229; x_wconf 73' lang='grc' dir='ltr'>ψευδόμενον</span> <span class='ocrx_word' id='word_1_490' title='bbox 1635 1193 1732 1225; x_wconf 75' lang='grc' dir='ltr'>αὐτὸν,</span> <span class='ocrx_word' id='word_1_491' title='bbox 1746 1193 1787 1219; x_wconf 82' lang='grc' dir='ltr'>ὅτι</span> 
     </span>
    </p>
   </div>
   <div class='ocr_carea' id='block_1_69' title="bbox 996 1238 1788 1278">
    <p class='ocr_par' dir='ltr' id='par_1_69' title="bbox 996 1238 1788 1278">
     <span class='ocr_line' id='line_1_69' title="bbox 996 1238 1788 1278; baseline -0.009 -8"><span class='ocrx_word' id='word_1_492' title='bbox 996 1242 1028 1278; x_wconf 77' lang='grc' dir='ltr'>δὴ</span> <span class='ocrx_word' id='word_1_493' title='bbox 1045 1242 1170 1277; x_wconf 78' lang='grc' dir='ltr'>πρώτους</span> <span class='ocrx_word' id='word_1_494' title='bbox 1188 1241 1257 1277; x_wconf 85' lang='grc' dir='ltr'>μετὰ</span> <span class='ocrx_word' id='word_1_495' title='bbox 1273 1241 1409 1275; x_wconf 78' lang='grc' dir='ltr'>Σωκράτη</span> <span class='ocrx_word' id='word_1_496' title='bbox 1426 1240 1510 1274; x_wconf 74' lang='grc' dir='ltr'>φησὶν</span> <span class='ocrx_word' id='word_1_497' title='bbox 1535 1239 1617 1274; x_wconf 78' lang='grc' dir='ltr'>ἄρξαι</span> <span class='ocrx_word' id='word_1_498' title='bbox 1647 1238 1697 1266; x_wconf 76' lang='grc' dir='ltr'>τοῦ</span> <span class='ocrx_word' id='word_1_499' title='bbox 1723 1238 1788 1273; x_wconf 75' lang='grc' dir='ltr'>περὶ</span> 
     </span>
    </p>
   </div>
   <div class='ocr_carea' id='block_1_70' title="bbox 996 1284 1786 1321">
    <p class='ocr_par' dir='ltr' id='par_1_70' title="bbox 996 1284 1786 1321">
     <span class='ocr_line' id='line_1_70' title="bbox 996 1284 1786 1321; baseline -0.005 -6"><span class='ocrx_word' id='word_1_500' title='bbox 996 1288 1075 1317; x_wconf 84' lang='grc' dir='ltr'>εἱδῶν</span> <span class='ocrx_word' id='word_1_501' title='bbox 1091 1287 1188 1315; x_wconf 81' lang='grc' dir='ltr'>τούτου</span> <span class='ocrx_word' id='word_1_502' title='bbox 1208 1287 1301 1321; x_wconf 86' lang='grc' dir='ltr'>λόγου.</span> <span class='ocrx_word' id='word_1_503' title='bbox 1317 1287 1364 1314; x_wconf 66' lang='grc' dir='ltr'>τὴν</span> <span class='ocrx_word' id='word_1_504' title='bbox 1382 1287 1518 1313; x_wconf 79' lang='grc' dir='ltr'>Πλάτωνα</span> <span class='ocrx_word' id='word_1_505' title='bbox 1534 1285 1658 1321; x_wconf 69' lang='grc' dir='ltr'>δηλονότι</span> <span class='ocrx_word' id='word_1_506' title='bbox 1685 1284 1786 1319; x_wconf 79' lang='grc' dir='ltr'>λέγων.</span> 
     </span>
    </p>
   </div>
   <div class='ocr_carea' id='block_1_71' title="bbox 995 1331 1787 1368">
    <p class='ocr_par' dir='ltr' id='par_1_71' title="bbox 995 1331 1787 1368">
     <span class='ocr_line' id='line_1_71' title="bbox 995 1331 1787 1368; baseline -0.005 -7"><span class='ocrx_word' id='word_1_507' title='bbox 995 1335 1140 1362; x_wconf 73' lang='grc' dir='ltr'>Φαίνονται</span> <span class='ocrx_word' id='word_1_508' title='bbox 1172 1334 1200 1361; x_wconf 80' lang='grc' dir='ltr'>δὲ</span> <span class='ocrx_word' id='word_1_509' title='bbox 1225 1333 1274 1360; x_wconf 75' lang='grc' dir='ltr'>καὶ</span> <span class='ocrx_word' id='word_1_510' title='bbox 1305 1333 1359 1368; x_wconf 80' lang='grc' dir='ltr'><strong>πρὸ</strong></span> <span class='ocrx_word' id='word_1_511' title='bbox 1385 1332 1527 1363; x_wconf 82' lang='grc' dir='ltr'>Πλάτωνος</span> <span class='ocrx_word' id='word_1_512' title='bbox 1555 1332 1579 1358; x_wconf 80' lang='grc' dir='ltr'>οἱ</span> <span class='ocrx_word' id='word_1_513' title='bbox 1604 1331 1787 1367; x_wconf 82' lang='grc' dir='ltr'>Πυθαγόρειοι</span> 
     </span>
    </p>
   </div>
   <div class='ocr_carea' id='block_1_72' title="bbox 995 1377 1787 1416">
    <p class='ocr_par' dir='ltr' id='par_1_72' title="bbox 995 1377 1787 1416">
     <span class='ocr_line' id='line_1_72' title="bbox 995 1377 1787 1416; baseline -0.006 -8"><span class='ocrx_word' id='word_1_514' title='bbox 995 1380 1084 1416; x_wconf 76' lang='grc' dir='ltr'>ταύτῃ</span> <span class='ocrx_word' id='word_1_515' title='bbox 1104 1380 1240 1415; x_wconf 81' lang='grc' dir='ltr'>χρώμενοι</span> <span class='ocrx_word' id='word_1_516' title='bbox 1262 1381 1296 1414; x_wconf 85' lang='grc' dir='ltr'>τῇ</span> <span class='ocrx_word' id='word_1_517' title='bbox 1320 1379 1395 1414; x_wconf 76' lang='grc' dir='ltr'>δόξῃ,</span> <span class='ocrx_word' id='word_1_518' title='bbox 1421 1378 1458 1410; x_wconf 84' lang='grc' dir='ltr'><strong>ὡς</strong></span> <span class='ocrx_word' id='word_1_519' title='bbox 1485 1379 1516 1405; x_wconf 72' lang='grc' dir='ltr'>ὲκ</span> <span class='ocrx_word' id='word_1_520' title='bbox 1537 1377 1584 1404; x_wconf 74' lang='grc' dir='ltr'>τοῦ</span> <span class='ocrx_word' id='word_1_521' title='bbox 1602 1377 1722 1413; x_wconf 75' lang='grc' dir='ltr'><strong>Τιμαίου</strong></span> <span class='ocrx_word' id='word_1_522' title='bbox 1740 1377 1787 1403; x_wconf 77' lang='grc' dir='ltr'><strong>τοῦ</strong></span> 
     </span>
    </p>
   </div>
   <div class='ocr_carea' id='block_1_73' title="bbox 996 1423 1786 1461">
    <p class='ocr_par' dir='ltr' id='par_1_73' title="bbox 996 1423 1786 1461">
     <span class='ocr_line' id='line_1_73' title="bbox 996 1423 1786 1461; baseline -0.006 -7"><span class='ocrx_word' id='word_1_523' title='bbox 996 1426 1101 1461; x_wconf 78' lang='grc' dir='ltr'>Λοκροῦ</span> <span class='ocrx_word' id='word_1_524' title='bbox 1118 1425 1223 1460; x_wconf 75' lang='grc' dir='ltr'>βιϐλίου</span> <span class='ocrx_word' id='word_1_525' title='bbox 1237 1425 1296 1451; x_wconf 75' lang='grc' dir='ltr'>ἐστι</span> <span class='ocrx_word' id='word_1_526' title='bbox 1311 1424 1416 1451; x_wconf 66' lang='grc' dir='ltr'>λαϐεῖν.</span> <span class='ocrx_word' id='word_1_527' title='bbox 1431 1423 1483 1450; x_wconf 86' lang='grc' dir='ltr'>Τδν</span> <span class='ocrx_word' id='word_1_528' title='bbox 1509 1425 1564 1458; x_wconf 81' lang='grc' dir='ltr'><strong>γὰρ</strong></span> <span class='ocrx_word' id='word_1_529' title='bbox 1578 1423 1696 1458; x_wconf 76' lang='grc' dir='ltr'>οὐρανὸν</span> <span class='ocrx_word' id='word_1_530' title='bbox 1710 1423 1786 1449; x_wconf 76' lang='grc' dir='ltr'>τόνδε</span> 
     </span>
    </p>
   </div>
   <div class='ocr_carea' id='block_1_74' title="bbox 997 1469 1787 1507">
    <p class='ocr_par' dir='ltr' id='par_1_74' title="bbox 997 1469 1787 1507">
     <span class='ocr_line' id='line_1_74' title="bbox 997 1469 1787 1507; baseline -0.006 -7"><span class='ocrx_word' id='word_1_531' title='bbox 997 1473 1139 1507; x_wconf 76' lang='grc' dir='ltr'>συνίστησι</span> <span class='ocrx_word' id='word_1_532' title='bbox 1160 1471 1256 1506; x_wconf 83' lang='grc' dir='ltr'>νοητοῦ</span> <span class='ocrx_word' id='word_1_533' title='bbox 1282 1470 1505 1506; x_wconf 72' lang='grc' dir='ltr'>παραδείγματος</span> <span class='ocrx_word' id='word_1_534' title='bbox 1529 1470 1577 1496; x_wconf 83' lang='grc' dir='ltr'><strong>τοῦ</strong></span> <span class='ocrx_word' id='word_1_535' title='bbox 1603 1469 1724 1497; x_wconf 82' lang='grc' dir='ltr'>ίδανικοῦ</span> <span class='ocrx_word' id='word_1_536' title='bbox 1740 1469 1787 1495; x_wconf 77' lang='lat' dir='ltr'><strong>x6-</strong></span> 
     </span>
    </p>
   </div>
   <div class='ocr_carea' id='block_1_75' title="bbox 997 1515 1786 1553">
    <p class='ocr_par' dir='ltr' id='par_1_75' title="bbox 997 1515 1786 1553">
     <span class='ocr_line' id='line_1_75' title="bbox 997 1515 1786 1553; baseline -0.005 -8"><span class='ocrx_word' id='word_1_537' title='bbox 997 1527 1066 1553; x_wconf 87' lang='grc' dir='ltr'>σμου</span> <span class='ocrx_word' id='word_1_538' title='bbox 1080 1518 1182 1545; x_wconf 76' lang='grc' dir='ltr'>εἰκόνα.</span> <span class='ocrx_word' id='word_1_539' title='bbox 1196 1517 1251 1544; x_wconf 79' lang='grc' dir='ltr'><strong>Καὶ</strong></span> <span class='ocrx_word' id='word_1_540' title='bbox 1263 1517 1342 1543; x_wconf 79' lang='grc' dir='ltr'>τοῦτο</span> <span class='ocrx_word' id='word_1_541' title='bbox 1366 1517 1416 1551; x_wconf 72' lang='grc' dir='ltr'>μὲν</span> <span class='ocrx_word' id='word_1_542' title='bbox 1440 1516 1523 1543; x_wconf 83' lang='grc' dir='ltr'>οὕτω.</span> <span class='ocrx_word' id='word_1_543' title='bbox 1549 1516 1655 1542; x_wconf 82' lang='grc' dir='ltr'>Ἐκεῖνο</span> <span class='ocrx_word' id='word_1_544' title='bbox 1672 1516 1703 1542; x_wconf 74' lang='grc' dir='ltr'>δὲ</span> <span class='ocrx_word' id='word_1_545' title='bbox 1726 1515 1786 1546; x_wconf 75' lang='grc' dir='ltr'><strong>πῶς</strong></span> 
     </span>
    </p>
   </div>
   <div class='ocr_carea' id='block_1_76' title="bbox 998 1562 1787 1598">
    <p class='ocr_par' dir='ltr' id='par_1_76' title="bbox 998 1562 1787 1598">
     <span class='ocr_line' id='line_1_76' title="bbox 998 1562 1787 1598; baseline -0.004 -7"><span class='ocrx_word' id='word_1_546' title='bbox 998 1565 1048 1591; x_wconf 75' lang='grc' dir='ltr'>οὐκ</span> <span class='ocrx_word' id='word_1_547' title='bbox 1065 1564 1169 1596; x_wconf 55' lang='lat' dir='ltr'><strong>“utsi;</strong></span> <span class='ocrx_word' id='word_1_548' title='bbox 1186 1563 1216 1590; x_wconf 88' lang='grc' dir='ltr'>οὺ</span> <span class='ocrx_word' id='word_1_549' title='bbox 1233 1562 1380 1598; x_wconf 85' lang='grc' dir='ltr'>συνώνυμα</span> <span class='ocrx_word' id='word_1_550' title='bbox 1394 1562 1458 1597; x_wconf 72' lang='grc' dir='ltr'>ζὰλλ⁹</span> <span class='ocrx_word' id='word_1_551' title='bbox 1471 1562 1607 1597; x_wconf 83' lang='grc' dir='ltr'>ὁμώνυμα</span> <span class='ocrx_word' id='word_1_552' title='bbox 1619 1563 1676 1593; x_wconf 82' lang='grc' dir='ltr'>τοῖς</span> <span class='ocrx_word' id='word_1_553' title='bbox 1689 1562 1787 1596; x_wconf 68' lang='grc' dir='ltr'>αἰσθη-</span> 
     </span>
    </p>
   </div>
   <div class='ocr_carea' id='block_1_77' title="bbox 998 1606 1786 1644">
    <p class='ocr_par' dir='ltr' id='par_1_77' title="bbox 998 1606 1786 1644">
     <span class='ocr_line' id='line_1_77' title="bbox 998 1606 1786 1644; baseline -0.006 -6"><span class='ocrx_word' id='word_1_554' title='bbox 998 1612 1054 1642; x_wconf 81' lang='grc' dir='ltr'>τοῖς</span> <span class='ocrx_word' id='word_1_555' title='bbox 1070 1610 1105 1637; x_wconf 81' lang='grc' dir='ltr'>τὰ</span> <span class='ocrx_word' id='word_1_556' title='bbox 1123 1610 1180 1644; x_wconf 76' lang='grc' dir='ltr'>εἴδη</span> <span class='ocrx_word' id='word_1_557' title='bbox 1194 1609 1346 1644; x_wconf 85' lang='grc' dir='ltr'>τιθεμένων</span> <span class='ocrx_word' id='word_1_558' title='bbox 1360 1609 1414 1635; x_wconf 85' lang='grc' dir='ltr'><strong>τῶν</strong></span> <span class='ocrx_word' id='word_1_559' title='bbox 1428 1617 1461 1642; x_wconf 88' lang='grc' dir='ltr'><strong>γε</strong></span> <span class='ocrx_word' id='word_1_560' title='bbox 1474 1608 1533 1643; x_wconf 77' lang='grc' dir='ltr'>εἴδη</span> <span class='ocrx_word' id='word_1_561' title='bbox 1550 1608 1702 1640; x_wconf 70' lang='grc' dir='ltr'>ἀξιούντων</span> <span class='ocrx_word' id='word_1_562' title='bbox 1715 1606 1786 1635; x_wconf 74' lang='grc' dir='ltr'>εἶναι</span> 
     </span>
    </p>
   </div>
   <div class='ocr_carea' id='block_1_78' title="bbox 998 1646 1785 1692">
    <p class='ocr_par' dir='ltr' id='par_1_78' title="bbox 998 1646 1785 1692">
     <span class='ocr_line' id='line_1_78' title="bbox 998 1646 1785 1692; baseline -0.006 -7"><span class='ocrx_word' id='word_1_563' title='bbox 998 1657 1080 1689; x_wconf 71' lang='grc' dir='ltr'>αὐτὸς</span> <span class='ocrx_word' id='word_1_564' title='bbox 1100 1656 1261 1692; x_wconf 77' lang='grc' dir='ltr'>βιαζόμενος</span> <span class='ocrx_word' id='word_1_565' title='bbox 1278 1655 1426 1689; x_wconf 83' lang='grc' dir='ltr'>συνώνυμα</span> <span class='ocrx_word' id='word_1_566' title='bbox 1443 1646 1603 1689; x_wconf 74' lang='grc' dir='ltr'>ὰιτοφαίνει.</span> <span class='ocrx_word' id='word_1_567' title='bbox 1620 1654 1658 1681; x_wconf 78' lang='grc' dir='ltr'><strong>οὐ</strong></span> <span class='ocrx_word' id='word_1_568' title='bbox 1671 1654 1728 1689; x_wconf 81' lang='grc' dir='ltr'><strong>γὰρ</strong></span> <span class='ocrx_word' id='word_1_569' title='bbox 1746 1653 1785 1688; x_wconf 77' lang='grc' dir='ltr'>τῷ</span> 
     </span>
    </p>
   </div>
   <div class='ocr_carea' id='block_1_79' title="bbox 997 1699 1785 1738">
    <p class='ocr_par' dir='ltr' id='par_1_79' title="bbox 997 1699 1785 1738">
     <span class='ocr_line' id='line_1_79' title="bbox 997 1699 1785 1738; baseline -0.005 -8"><span class='ocrx_word' id='word_1_570' title='bbox 997 1703 1032 1729; x_wconf 77' lang='grc' dir='ltr'><strong>τὰ</strong></span> <span class='ocrx_word' id='word_1_571' title='bbox 1047 1703 1097 1738; x_wconf 83' lang='grc' dir='ltr'>μὲν</span> <span class='ocrx_word' id='word_1_572' title='bbox 1110 1704 1184 1730; x_wconf 77' lang='grc' dir='ltr'>ἀΐδια</span> <span class='ocrx_word' id='word_1_573' title='bbox 1199 1699 1280 1734; x_wconf 74' lang='grc' dir='ltr'>εἶναι,</span> <span class='ocrx_word' id='word_1_574' title='bbox 1295 1701 1372 1736; x_wconf 77' lang='grc' dir='ltr'>φησὶ.</span> <span class='ocrx_word' id='word_1_575' title='bbox 1383 1701 1417 1728; x_wconf 79' lang='grc' dir='ltr'>τὰ</span> <span class='ocrx_word' id='word_1_576' title='bbox 1431 1701 1458 1727; x_wconf 79' lang='grc' dir='ltr'>δὲ</span> <span class='ocrx_word' id='word_1_577' title='bbox 1470 1700 1579 1736; x_wconf 75' lang='grc' dir='ltr'>φθαρτὰ</span> <span class='ocrx_word' id='word_1_578' title='bbox 1589 1701 1619 1727; x_wconf 85' lang='grc' dir='ltr'>οὐ</span> <span class='ocrx_word' id='word_1_579' title='bbox 1637 1700 1785 1735; x_wconf 83' lang='grc' dir='ltr'>συνώνυμα</span> 
     </span>
    </p>
   </div>
   <div class='ocr_carea' id='block_1_80' title="bbox 996 1746 1786 1783">
    <p class='ocr_par' dir='ltr' id='par_1_80' title="bbox 996 1746 1786 1783">
     <span class='ocr_line' id='line_1_80' title="bbox 996 1746 1786 1783; baseline -0.005 -7"><span class='ocrx_word' id='word_1_580' title='bbox 996 1749 1084 1782; x_wconf 71' lang='grc' dir='ltr'>ἔσται,</span> <span class='ocrx_word' id='word_1_581' title='bbox 1096 1749 1157 1775; x_wconf 76' lang='grc' dir='ltr'><strong>ἐπεὶ</strong></span> <span class='ocrx_word' id='word_1_582' title='bbox 1171 1749 1218 1779; x_wconf 65' lang='grc' dir='ltr'><strong>καὶ¹</strong></span> <span class='ocrx_word' id='word_1_583' title='bbox 1227 1749 1258 1775; x_wconf 76' lang='grc' dir='ltr'>τὸ</span> <span class='ocrx_word' id='word_1_584' title='bbox 1273 1748 1450 1783; x_wconf 82' lang='grc' dir='ltr'>πολυχρόνιον</span> <span class='ocrx_word' id='word_1_585' title='bbox 1466 1747 1562 1774; x_wconf 79' lang='grc' dir='ltr'>λευκὸν</span> <span class='ocrx_word' id='word_1_586' title='bbox 1581 1746 1620 1782; x_wconf 83' lang='grc' dir='ltr'>τῷ</span> <span class='ocrx_word' id='word_1_587' title='bbox 1638 1748 1786 1781; x_wconf 81' lang='grc' dir='ltr'>ὲφημερίῳ</span> 
     </span>
    </p>
   </div>
   <div class='ocr_carea' id='block_1_81' title="bbox 997 1790 1784 1831">
    <p class='ocr_par' dir='ltr' id='par_1_81' title="bbox 997 1790 1784 1831">
     <span class='ocr_line' id='line_1_81' title="bbox 997 1790 1784 1831; baseline -0.006 -9"><span class='ocrx_word' id='word_1_588' title='bbox 997 1795 1073 1822; x_wconf 61' lang='grc' dir='ltr'>οὐδέν</span> <span class='ocrx_word' id='word_1_589' title='bbox 1087 1803 1119 1829; x_wconf 78' lang='grc' dir='ltr'><strong>γε</strong></span> <span class='ocrx_word' id='word_1_590' title='bbox 1132 1792 1214 1831; x_wconf 84' lang='grc' dir='ltr'>ἦττον</span> <span class='ocrx_word' id='word_1_591' title='bbox 1241 1794 1409 1829; x_wconf 79' lang='grc' dir='ltr'>συνώνυμον.</span> <span class='ocrx_word' id='word_1_592' title='bbox 1422 1793 1461 1821; x_wconf 78' lang='grc' dir='ltr'><strong>Εὖ</strong></span> <span class='ocrx_word' id='word_1_593' title='bbox 1485 1801 1528 1826; x_wconf 75' lang='grc' dir='ltr'><strong>γε,</strong></span> <span class='ocrx_word' id='word_1_594' title='bbox 1545 1790 1568 1820; x_wconf 80' lang='grc' dir='ltr'>ὧ</span> <span class='ocrx_word' id='word_1_595' title='bbox 1586 1792 1784 1827; x_wconf 78' lang='grc' dir='ltr'>Ἀριστότελες,</span> 
     </span>
    </p>
   </div>
   <div class='ocr_carea' id='block_1_82' title="bbox 997 1838 1784 1876">
    <p class='ocr_par' dir='ltr' id='par_1_82' title="bbox 997 1838 1784 1876">
     <span class='ocr_line' id='line_1_82' title="bbox 997 1838 1784 1876; baseline -0.005 -8"><span class='ocrx_word' id='word_1_596' title='bbox 997 1843 1021 1868; x_wconf 85' lang='grc' dir='ltr'>εἰ</span> <span class='ocrx_word' id='word_1_597' title='bbox 1047 1841 1085 1876; x_wconf 82' lang='grc' dir='ltr'>τῷ</span> <span class='ocrx_word' id='word_1_598' title='bbox 1109 1841 1252 1876; x_wconf 82' lang='grc' dir='ltr'>ὲφημερίῳ</span> <span class='ocrx_word' id='word_1_599' title='bbox 1269 1839 1359 1874; x_wconf 86' lang='grc' dir='ltr'>λευκῷ</span> <span class='ocrx_word' id='word_1_600' title='bbox 1377 1839 1407 1866; x_wconf 81' lang='grc' dir='ltr'><strong>τὺ</strong></span> <span class='ocrx_word' id='word_1_601' title='bbox 1422 1839 1600 1874; x_wconf 78' lang='grc' dir='ltr'>πολυχρόνιον</span> <span class='ocrx_word' id='word_1_602' title='bbox 1621 1838 1682 1873; x_wconf 71' lang='grc' dir='ltr'>μὶν,</span> <span class='ocrx_word' id='word_1_603' title='bbox 1700 1847 1784 1865; x_wconf 84' lang='grc' dir='ltr'>πεπε-</span> 
     </span>
    </p>
   </div>
   <div class='ocr_carea' id='block_1_83' title="bbox 998 1885 1784 1925">
    <p class='ocr_par' dir='ltr' id='par_1_83' title="bbox 998 1885 1784 1925">
     <span class='ocr_line' id='line_1_83' title="bbox 998 1885 1784 1925; baseline -0.004 -10"><span class='ocrx_word' id='word_1_604' title='bbox 998 1888 1141 1925; x_wconf 74' lang='grc' dir='ltr'>ρασμένην</span> <span class='ocrx_word' id='word_1_605' title='bbox 1155 1887 1178 1914; x_wconf 81' lang='grc' dir='ltr'>δ’</span> <span class='ocrx_word' id='word_1_606' title='bbox 1193 1888 1267 1918; x_wconf 80' lang='grc' dir='ltr'>ὅπως</span> <span class='ocrx_word' id='word_1_607' title='bbox 1279 1886 1381 1922; x_wconf 80' lang='grc' dir='ltr'>δήποτε</span> <span class='ocrx_word' id='word_1_608' title='bbox 1398 1886 1463 1920; x_wconf 78' lang='grc' dir='ltr'>ἔχον</span> <span class='ocrx_word' id='word_1_609' title='bbox 1475 1885 1525 1921; x_wconf 80' lang='grc' dir='ltr'>τὴν</span> <span class='ocrx_word' id='word_1_610' title='bbox 1543 1885 1665 1919; x_wconf 76' lang='grc' dir='ltr'>ὕπαρξιν</span> <span class='ocrx_word' id='word_1_611' title='bbox 1679 1886 1725 1912; x_wconf 79' lang='grc' dir='ltr'>καὶ</span> <span class='ocrx_word' id='word_1_612' title='bbox 1739 1886 1784 1912; x_wconf 74' lang='grc' dir='ltr'>διὰ</span> 
     </span>
    </p>
   </div>
   <div class='ocr_carea' id='block_1_84' title="bbox 996 1931 1784 1968">
    <p class='ocr_par' dir='ltr' id='par_1_84' title="bbox 996 1931 1784 1968">
     <span class='ocr_line' id='line_1_84' title="bbox 996 1931 1784 1968; baseline -0.006 -6"><span class='ocrx_word' id='word_1_613' title='bbox 996 1934 1075 1963; x_wconf 80' lang='grc' dir='ltr'>τοῦτο</span> <span class='ocrx_word' id='word_1_614' title='bbox 1103 1932 1261 1968; x_wconf 78' lang='grc' dir='ltr'>συμϐλητὴν</span> <span class='ocrx_word' id='word_1_615' title='bbox 1282 1932 1452 1966; x_wconf 82' lang='grc' dir='ltr'>συνώνυμον,</span> <span class='ocrx_word' id='word_1_616' title='bbox 1481 1931 1554 1958; x_wconf 77' lang='grc' dir='ltr'>κατὰ</span> <span class='ocrx_word' id='word_1_617' title='bbox 1582 1931 1663 1959; x_wconf 74' lang='grc' dir='ltr'>τοῦτο</span> <span class='ocrx_word' id='word_1_618' title='bbox 1686 1931 1732 1958; x_wconf 74' lang='grc' dir='ltr'>καὶ</span> <span class='ocrx_word' id='word_1_619' title='bbox 1753 1932 1784 1957; x_wconf 80' lang='grc' dir='ltr'><strong>τὺ</strong></span> 
     </span>
    </p>
   </div>
   <div class='ocr_carea' id='block_1_85' title="bbox 997 1977 1782 2014">
    <p class='ocr_par' dir='ltr' id='par_1_85' title="bbox 997 1977 1782 2014">
     <span class='ocr_line' id='line_1_85' title="bbox 997 1977 1782 2014; baseline -0.004 -8"><span class='ocrx_word' id='word_1_620' title='bbox 997 1979 1118 2014; x_wconf 79' lang='grc' dir='ltr'>φθαρτὸν</span> <span class='ocrx_word' id='word_1_621' title='bbox 1135 1978 1174 2012; x_wconf 82' lang='grc' dir='ltr'>τῷ</span> <span class='ocrx_word' id='word_1_622' title='bbox 1190 1978 1323 2013; x_wconf 78' lang='grc' dir='ltr'>ἀφθάρτῳ</span> <span class='ocrx_word' id='word_1_623' title='bbox 1339 1977 1388 2004; x_wconf 77' lang='grc' dir='ltr'>καὶ</span> <span class='ocrx_word' id='word_1_624' title='bbox 1404 1977 1512 2012; x_wconf 75' lang='grc' dir='ltr'>οὐδαμῆ</span> <span class='ocrx_word' id='word_1_625' title='bbox 1528 1977 1679 2012; x_wconf 78' lang='grc' dir='ltr'>συμϐλητῷ</span> <span class='ocrx_word' id='word_1_626' title='bbox 1696 1977 1782 2003; x_wconf 84' lang='grc' dir='ltr'>συνώ-</span> 
     </span>
    </p>
   </div>
   <div class='ocr_carea' id='block_1_86' title="bbox 996 2023 1782 2061">
    <p class='ocr_par' dir='ltr' id='par_1_86' title="bbox 996 2023 1782 2061">
     <span class='ocr_line' id='line_1_86' title="bbox 996 2023 1782 2061; baseline -0.003 -8"><span class='ocrx_word' id='word_1_627' title='bbox 996 2035 1080 2061; x_wconf 80' lang='grc' dir='ltr'>νυμον</span> <span class='ocrx_word' id='word_1_628' title='bbox 1093 2025 1180 2055; x_wconf 74' lang='grc' dir='ltr'>ἐσται.</span> <span class='ocrx_word' id='word_1_629' title='bbox 1203 2025 1259 2052; x_wconf 75' lang='grc' dir='ltr'><strong>Καὶ</strong></span> <span class='ocrx_word' id='word_1_630' title='bbox 1275 2025 1332 2056; x_wconf 81' lang='grc' dir='ltr'>πῶς</span> <span class='ocrx_word' id='word_1_631' title='bbox 1354 2033 1396 2051; x_wconf 87' lang='grc' dir='ltr'><strong>σοι</strong></span> <span class='ocrx_word' id='word_1_632' title='bbox 1410 2024 1441 2051; x_wconf 75' lang='grc' dir='ltr'>τὸ</span> <span class='ocrx_word' id='word_1_633' title='bbox 1459 2023 1579 2051; x_wconf 81' lang='grc' dir='ltr'>τοιοῦτον</span> <span class='ocrx_word' id='word_1_634' title='bbox 1595 2025 1782 2059; x_wconf 79' lang='grc' dir='ltr'>συμπεραίνε-</span> 
     </span>
    </p>
   </div>
   <div class='ocr_carea' id='block_1_87' title="bbox 995 2068 1782 2105">
    <p class='ocr_par' dir='ltr' id='par_1_87' title="bbox 995 2068 1782 2105">
     <span class='ocr_line' id='line_1_87' title="bbox 995 2068 1782 2105; baseline -0.003 -6"><span class='ocrx_word' id='word_1_635' title='bbox 995 2080 1062 2104; x_wconf 71' lang='grc' dir='ltr'>ταις</span> <span class='ocrx_word' id='word_1_636' title='bbox 1080 2070 1163 2098; x_wconf 81' lang='grc' dir='ltr'>πόθεν</span> <span class='ocrx_word' id='word_1_637' title='bbox 1176 2070 1198 2096; x_wconf 88' lang='grc' dir='ltr'>δ’</span> <span class='ocrx_word' id='word_1_638' title='bbox 1215 2069 1317 2105; x_wconf 67' lang='grc' dir='ltr'>ἔμαθες</span> <span class='ocrx_word' id='word_1_639' title='bbox 1336 2068 1481 2103; x_wconf 68' lang='grc' dir='ltr'>συμϐλητὰ</span> <span class='ocrx_word' id='word_1_640' title='bbox 1495 2069 1684 2104; x_wconf 73' lang='grc' dir='ltr'>ἀσυμὸλήτοις</span> <span class='ocrx_word' id='word_1_641' title='bbox 1696 2078 1782 2104; x_wconf 63' lang='grc' dir='ltr'>παρα-ς</span> 
     </span>
    </p>
   </div>
   <div class='ocr_carea' id='block_1_88' title="bbox 996 2114 1781 2151">
    <p class='ocr_par' dir='ltr' id='par_1_88' title="bbox 996 2114 1781 2151">
     <span class='ocr_line' id='line_1_88' title="bbox 996 2114 1781 2151; baseline -0.001 -8"><span class='ocrx_word' id='word_1_642' title='bbox 996 2117 1116 2149; x_wconf 70' lang='grc' dir='ltr'>σάλλειν,</span> <span class='ocrx_word' id='word_1_643' title='bbox 1133 2116 1253 2144; x_wconf 74' lang='grc' dir='ltr'>κᾶπειτα</span> <span class='ocrx_word' id='word_1_644' title='bbox 1267 2115 1297 2141; x_wconf 80' lang='grc' dir='ltr'>τὸ</span> <span class='ocrx_word' id='word_1_645' title='bbox 1314 2114 1475 2149; x_wconf 74' lang='grc' dir='ltr'>συμϐαῖνον,</span> <span class='ocrx_word' id='word_1_646' title='bbox 1493 2116 1540 2142; x_wconf 68' lang='grc' dir='ltr'><strong>ἐπὶ</strong></span> <span class='ocrx_word' id='word_1_647' title='bbox 1555 2115 1609 2144; x_wconf 84' lang='grc' dir='ltr'>τῶν</span> <span class='ocrx_word' id='word_1_648' title='bbox 1621 2116 1781 2151; x_wconf 71' lang='grc' dir='ltr'>συμϐλητῶν</span> 
     </span>
    </p>
   </div>
   <div class='ocr_carea' id='block_1_89' title="bbox 996 2159 1780 2198">
    <p class='ocr_par' dir='ltr' id='par_1_89' title="bbox 996 2159 1780 2198">
     <span class='ocr_line' id='line_1_89' title="bbox 996 2159 1780 2198; baseline 0.001 -10"><span class='ocrx_word' id='word_1_649' title='bbox 996 2162 1065 2188; x_wconf 76' lang='grc' dir='ltr'><strong>κάπὶ</strong></span> <span class='ocrx_word' id='word_1_650' title='bbox 1080 2161 1134 2187; x_wconf 83' lang='grc' dir='ltr'>τῶν</span> <span class='ocrx_word' id='word_1_651' title='bbox 1160 2160 1343 2195; x_wconf 81' lang='grc' dir='ltr'>ἀσυμῦλήτων</span> <span class='ocrx_word' id='word_1_652' title='bbox 1360 2159 1463 2192; x_wconf 80' lang='grc' dir='ltr'>ἀξιοῦν,</span> <span class='ocrx_word' id='word_1_653' title='bbox 1488 2160 1666 2195; x_wconf 74' lang='grc' dir='ltr'>συμϐαίνειν;</span> <span class='ocrx_word' id='word_1_654' title='bbox 1683 2163 1708 2188; x_wconf 80' lang='lat' dir='ltr'><strong>sl</strong></span> <span class='ocrx_word' id='word_1_655' title='bbox 1729 2163 1780 2198; x_wconf 84' lang='grc' dir='ltr'>γάρ</span> 
     </span>
    </p>
   </div>
   <div class='ocr_carea' id='block_1_90' title="bbox 159 2201 938 2247">
    <p class='ocr_par' dir='ltr' id='par_1_90' title="bbox 159 2206 938 2242">
     <span class='ocr_line' id='line_1_90' title="bbox 159 2206 938 2242; baseline -0.009 -5"><span class='ocrx_word' id='word_1_656' title='bbox 159 2207 328 2242; x_wconf 83' lang='lat' dir='ltr'><strong>corruptioni</strong></span> <span class='ocrx_word' id='word_1_657' title='bbox 344 2207 484 2242; x_wconf 77' lang='lat' dir='ltr'><strong>subjectae,</strong></span> <span class='ocrx_word' id='word_1_658' title='bbox 499 2214 551 2236; x_wconf 87' lang='lat' dir='ltr'><strong>non</strong></span> <span class='ocrx_word' id='word_1_659' title='bbox 573 2206 668 2235; x_wconf 85' lang='lat' dir='ltr'><strong>ambas</strong></span> <span class='ocrx_word' id='word_1_660' title='bbox 681 2212 741 2233; x_wconf 85' lang='lat' dir='ltr'><strong>esse</strong></span> <span class='ocrx_word' id='word_1_661' title='bbox 759 2211 938 2240; x_wconf 71' lang='lat' dir='ltr'><strong>synonymas;</strong></span> 
     </span>
    </p>
   </div>
   <div class='ocr_carea' id='block_1_91' title="bbox 999 2201 1819 2247">
    <p class='ocr_par' dir='ltr' id='par_1_91' title="bbox 999 2201 1819 2242">
     <span class='ocr_line' id='line_1_91' title="bbox 999 2201 1819 2242; baseline 0.002 -9"><span class='ocrx_word' id='word_1_662' title='bbox 999 2215 1038 2239; x_wconf 87' lang='grc' dir='ltr'><strong>τις</strong></span> <span class='ocrx_word' id='word_1_663' title='bbox 1055 2207 1168 2234; x_wconf 80' lang='grc' dir='ltr'>ἐκείνων</span> <span class='ocrx_word' id='word_1_664' title='bbox 1185 2205 1338 2236; x_wconf 78' lang='grc' dir='ltr'>ἀκούσειεν,</span> <span class='ocrx_word' id='word_1_665' title='bbox 1362 2201 1401 2233; x_wconf 79' lang='grc' dir='ltr'>ὧν</span> <span class='ocrx_word' id='word_1_666' title='bbox 1419 2207 1448 2232; x_wconf 87' lang='grc' dir='ltr'>ὲν</span> <span class='ocrx_word' id='word_1_667' title='bbox 1465 2207 1500 2240; x_wconf 80' lang='grc' dir='ltr'>τῇ</span> <span class='ocrx_word' id='word_1_668' title='bbox 1516 2206 1695 2242; x_wconf 78' lang='grc' dir='ltr'>ἀποδεικτικῇ</span> <span class='ocrx_word' id='word_1_669' title='bbox 1718 2211 1780 2241; x_wconf 85' lang='grc' dir='ltr'>περὶ.</span> <span class='ocrx_word' id='word_1_670' title='bbox 1813 2219 1819 2224; x_wconf 93' lang='grc'><strong>·</strong></span> 
     </span>
    </p>
   </div>
   <div class='ocr_carea' id='block_1_92' title="bbox 159 2250 944 2289">
    <p class='ocr_par' dir='ltr' id='par_1_92' title="bbox 159 2250 944 2289">
     <span class='ocr_line' id='line_1_92' title="bbox 159 2250 944 2289; baseline -0.006 -8"><span class='ocrx_word' id='word_1_671' title='bbox 159 2254 293 2289; x_wconf 80' lang='lat' dir='ltr'><strong>siquidem</strong></span> <span class='ocrx_word' id='word_1_672' title='bbox 314 2255 397 2282; x_wconf 83' lang='lat' dir='ltr'><strong>etiam</strong></span> <span class='ocrx_word' id='word_1_673' title='bbox 422 2254 492 2288; x_wconf 74' lang='lat' dir='ltr'><strong>longi</strong></span> <span class='ocrx_word' id='word_1_674' title='bbox 520 2252 649 2288; x_wconf 86' lang='lat' dir='ltr'><strong>temporis</strong></span> <span class='ocrx_word' id='word_1_675' title='bbox 669 2251 779 2283; x_wconf 87' lang='lat' dir='ltr'><strong>albedo.</strong></span> <span class='ocrx_word' id='word_1_676' title='bbox 796 2251 889 2279; x_wconf 87' lang='lat' dir='ltr'><strong>eadem</strong></span> <span class='ocrx_word' id='word_1_677' title='bbox 908 2250 944 2277; x_wconf 87' lang='lat' dir='ltr'><strong>sit</strong></span> 
     </span>
    </p>
   </div>
   <div class='ocr_carea' id='block_1_93' title="bbox 159 2296 944 2329">
    <p class='ocr_par' dir='ltr' id='par_1_93' title="bbox 159 2296 944 2329">
     <span class='ocr_line' id='line_1_93' title="bbox 159 2296 944 2329; baseline -0.004 -2"><span class='ocrx_word' id='word_1_678' title='bbox 159 2301 340 2329; x_wconf 80' lang='lat' dir='ltr'><strong>nihilominus.</strong></span> <span class='ocrx_word' id='word_1_679' title='bbox 353 2304 380 2328; x_wconf 89' lang='lat' dir='ltr'><strong>et</strong></span> <span class='ocrx_word' id='word_1_680' title='bbox 396 2301 514 2329; x_wconf 77' lang='lat' dir='ltr'><strong>uuivoca</strong></span> <span class='ocrx_word' id='word_1_681' title='bbox 534 2299 652 2328; x_wconf 78' lang='lat' dir='ltr'><strong>albeu‘ini</strong></span> <span class='ocrx_word' id='word_1_682' title='bbox 670 2299 751 2326; x_wconf 88' lang='lat' dir='ltr'><strong>unius</strong></span> <span class='ocrx_word' id='word_1_683' title='bbox 776 2297 843 2325; x_wconf 87' lang='lat' dir='ltr'><strong>diei.</strong></span> <span class='ocrx_word' id='word_1_684' title='bbox 861 2296 944 2324; x_wconf 81' lang='lat' dir='ltr'><strong>Recte</strong></span> 
     </span>
    </p>
   </div>
   <div class='ocr_carea' id='block_1_94' title="bbox 159 2342 946 2379">
    <p class='ocr_par' dir='ltr' id='par_1_94' title="bbox 159 2342 946 2379">
     <span class='ocr_line' id='line_1_94' title="bbox 159 2342 946 2379; baseline -0.006 -5"><span class='ocrx_word' id='word_1_685' title='bbox 159 2355 234 2379; x_wconf 68' lang='lat' dir='ltr'><strong>sane.</strong></span> <span class='ocrx_word' id='word_1_686' title='bbox 252 2354 268 2374; x_wconf 93' lang='lat'><strong>0</strong></span> <span class='ocrx_word' id='word_1_687' title='bbox 281 2346 450 2378; x_wconf 76' lang='lat' dir='ltr'><strong>Aristotcles,</strong></span> <span class='ocrx_word' id='word_1_688' title='bbox 466 2347 488 2374; x_wconf 88' lang='lat' dir='ltr'><strong>si</strong></span> <span class='ocrx_word' id='word_1_689' title='bbox 502 2345 618 2376; x_wconf 85' lang='lat' dir='ltr'><strong>aibedini</strong></span> <span class='ocrx_word' id='word_1_690' title='bbox 636 2345 716 2372; x_wconf 89' lang='lat' dir='ltr'><strong>unius</strong></span> <span class='ocrx_word' id='word_1_691' title='bbox 734 2344 786 2372; x_wconf 89' lang='lat' dir='ltr'><strong>dici</strong></span> <span class='ocrx_word' id='word_1_692' title='bbox 798 2364 804 2375; x_wconf 85' lang='lat'>.</span> <span class='ocrx_word' id='word_1_693' title='bbox 820 2343 871 2372; x_wconf 89' lang='lat' dir='ltr'><strong>alia</strong></span> <span class='ocrx_word' id='word_1_694' title='bbox 887 2342 946 2378; x_wconf 88' lang='lat' dir='ltr'><strong>qui-</strong></span> 
     </span>
    </p>
   </div>
   <div class='ocr_carea' id='block_1_95' title="bbox 159 2389 945 2427">
    <p class='ocr_par' dir='ltr' id='par_1_95' title="bbox 159 2389 945 2427">
     <span class='ocr_line' id='line_1_95' title="bbox 159 2389 945 2427; baseline -0.008 -5"><span class='ocrx_word' id='word_1_695' title='bbox 159 2394 233 2425; x_wconf 82' lang='lat' dir='ltr'><strong>dem,</strong></span> <span class='ocrx_word' id='word_1_696' title='bbox 249 2398 277 2420; x_wconf 90' lang='lat' dir='ltr'><strong>at</strong></span> <span class='ocrx_word' id='word_1_697' title='bbox 292 2393 394 2421; x_wconf 82' lang='lat' dir='ltr'><strong>[initam</strong></span> <span class='ocrx_word' id='word_1_698' title='bbox 410 2397 500 2421; x_wconf 89' lang='lat' dir='ltr'><strong>tamen</strong></span> <span class='ocrx_word' id='word_1_699' title='bbox 519 2392 562 2419; x_wconf 82' lang='lat' dir='ltr'><strong>illa</strong></span> <span class='ocrx_word' id='word_1_700' title='bbox 576 2393 659 2419; x_wconf 86' lang='lat' dir='ltr'><strong>etiam</strong></span> <span class='ocrx_word' id='word_1_701' title='bbox 678 2389 882 2427; x_wconf 88' lang='lat' dir='ltr'><strong>quodammodo</strong></span> <span class='ocrx_word' id='word_1_702' title='bbox 897 2391 945 2416; x_wconf 87' lang='lat' dir='ltr'><strong>ha-</strong></span> 
     </span>
    </p>
   </div>
   <div class='ocr_carea' id='block_1_96' title="bbox 160 2437 945 2473">
    <p class='ocr_par' dir='ltr' id='par_1_96' title="bbox 160 2437 945 2473">
     <span class='ocr_line' id='line_1_96' title="bbox 160 2437 945 2473; baseline -0.006 -8"><span class='ocrx_word' id='word_1_703' title='bbox 160 2440 226 2466; x_wconf 87' lang='lat' dir='ltr'><strong>bens</strong></span> <span class='ocrx_word' id='word_1_704' title='bbox 240 2438 443 2466; x_wconf 83' lang='lat' dir='ltr'><strong>subsistentiam</strong></span> <span class='ocrx_word' id='word_1_705' title='bbox 459 2443 484 2465; x_wconf 89' lang='lat' dir='ltr'><strong>et</strong></span> <span class='ocrx_word' id='word_1_706' title='bbox 501 2442 642 2473; x_wconf 81' lang='lat' dir='ltr'><strong>propterea</strong></span> <span class='ocrx_word' id='word_1_707' title='bbox 657 2444 718 2464; x_wconf 92' lang='lat' dir='ltr'><strong>cum</strong></span> <span class='ocrx_word' id='word_1_708' title='bbox 735 2437 819 2463; x_wconf 84' lang='lat' dir='ltr'><strong>altera</strong></span> <span class='ocrx_word' id='word_1_709' title='bbox 835 2442 945 2470; x_wconf 73' lang='lat' dir='ltr'><strong>comps-</strong></span> 
     </span>
    </p>
   </div>
   <div class='ocr_carea' id='block_1_97' title="bbox 160 2484 945 2520">
    <p class='ocr_par' dir='ltr' id='par_1_97' title="bbox 160 2484 945 2520">
     <span class='ocr_line' id='line_1_97' title="bbox 160 2484 945 2520; baseline -0.003 -9"><span class='ocrx_word' id='word_1_710' title='bbox 160 2486 214 2512; x_wconf 82' lang='lat' dir='ltr'><strong>rari</strong></span> <span class='ocrx_word' id='word_1_711' title='bbox 230 2485 336 2517; x_wconf 89' lang='lat' dir='ltr'><strong>idonea,</strong></span> <span class='ocrx_word' id='word_1_712' title='bbox 351 2485 386 2512; x_wconf 91' lang='lat' dir='ltr'><strong>sit</strong></span> <span class='ocrx_word' id='word_1_713' title='bbox 397 2492 544 2520; x_wconf 85' lang='lat' dir='ltr'><strong>synonyma</strong></span> <span class='ocrx_word' id='word_1_714' title='bbox 560 2484 655 2512; x_wconf 88' lang='lat' dir='ltr'><strong>eodem</strong></span> <span class='ocrx_word' id='word_1_715' title='bbox 668 2484 748 2511; x_wconf 88' lang='lat' dir='ltr'><strong>etiam</strong></span> <span class='ocrx_word' id='word_1_716' title='bbox 766 2484 848 2510; x_wconf 91' lang='lat' dir='ltr'><strong>modo</strong></span> <span class='ocrx_word' id='word_1_717' title='bbox 871 2490 945 2511; x_wconf 82' lang='lat' dir='ltr'><strong>mor-</strong></span> 
     </span>
    </p>
   </div>
   <div class='ocr_carea' id='block_1_98' title="bbox 160 2529 943 2564">
    <p class='ocr_par' dir='ltr' id='par_1_98' title="bbox 160 2529 943 2564">
     <span class='ocr_line' id='line_1_98' title="bbox 160 2529 943 2564; baseline -0.004 -6"><span class='ocrx_word' id='word_1_718' title='bbox 160 2532 214 2559; x_wconf 88' lang='lat' dir='ltr'><strong>tale</strong></span> <span class='ocrx_word' id='word_1_719' title='bbox 239 2532 397 2563; x_wconf 86' lang='lat' dir='ltr'><strong>immortali,</strong></span> <span class='ocrx_word' id='word_1_720' title='bbox 423 2532 467 2560; x_wconf 85' lang='lat' dir='ltr'><strong>cui</strong></span> <span class='ocrx_word' id='word_1_721' title='bbox 497 2531 561 2558; x_wconf 89' lang='lat' dir='ltr'><strong>illud</strong></span> <span class='ocrx_word' id='word_1_722' title='bbox 591 2530 665 2558; x_wconf 90' lang='lat' dir='ltr'><strong>nullo</strong></span> <span class='ocrx_word' id='word_1_723' title='bbox 689 2531 770 2558; x_wconf 89' lang='lat' dir='ltr'><strong>modo</strong></span> <span class='ocrx_word' id='word_1_724' title='bbox 790 2529 943 2564; x_wconf 83' lang='lat' dir='ltr'><strong>comparari</strong></span> 
     </span>
    </p>
   </div>
   <div class='ocr_carea' id='block_1_99' title="bbox 159 2576 946 2613">
    <p class='ocr_par' dir='ltr' id='par_1_99' title="bbox 159 2576 946 2613">
     <span class='ocr_line' id='line_1_99' title="bbox 159 2576 946 2613; baseline -0.003 -8"><span class='ocrx_word' id='word_1_725' title='bbox 159 2583 259 2613; x_wconf 84' lang='lat' dir='ltr'><strong>potest,</strong></span> <span class='ocrx_word' id='word_1_726' title='bbox 278 2578 329 2605; x_wconf 88' lang='lat' dir='ltr'><strong>erit</strong></span> <span class='ocrx_word' id='word_1_727' title='bbox 348 2585 538 2613; x_wconf 80' lang='lat' dir='ltr'><strong>synonymum.</strong></span> <span class='ocrx_word' id='word_1_728' title='bbox 549 2577 582 2604; x_wconf 83' lang='lat' dir='ltr'><strong>Et</strong></span> <span class='ocrx_word' id='word_1_729' title='bbox 598 2584 727 2612; x_wconf 82' lang='lat' dir='ltr'><strong>quanam,</strong></span> <span class='ocrx_word' id='word_1_730' title='bbox 741 2585 844 2610; x_wconf 69' lang='lat' dir='ltr'><strong>quaeso,</strong></span> <span class='ocrx_word' id='word_1_731' title='bbox 858 2576 946 2603; x_wconf 89' lang='lat' dir='ltr'><strong>fronte</strong></span> 
     </span>
    </p>
   </div>
   <div class='ocr_carea' id='block_1_100' title="bbox 161 2622 944 2651">
    <p class='ocr_par' dir='ltr' id='par_1_100' title="bbox 161 2622 944 2651">
     <span class='ocr_line' id='line_1_100' title="bbox 161 2622 944 2651; baseline -0.003 -1"><span class='ocrx_word' id='word_1_732' title='bbox 161 2625 240 2651; x_wconf 76' lang='lat' dir='ltr'><strong>talem</strong></span> <span class='ocrx_word' id='word_1_733' title='bbox 259 2623 345 2650; x_wconf 87' lang='lat' dir='ltr'><strong>nectis</strong></span> <span class='ocrx_word' id='word_1_734' title='bbox 356 2622 581 2651; x_wconf 85' lang='lat' dir='ltr'><strong>conclusionem?</strong></span> <span class='ocrx_word' id='word_1_735' title='bbox 596 2626 622 2648; x_wconf 89' lang='lat' dir='ltr'><strong>et</strong></span> <span class='ocrx_word' id='word_1_736' title='bbox 636 2622 709 2649; x_wconf 85' lang='lat' dir='ltr'><strong>unde</strong></span> <span class='ocrx_word' id='word_1_737' title='bbox 732 2622 852 2650; x_wconf 70' lang='lat' dir='ltr'><strong>didicisti</strong></span> <span class='ocrx_word' id='word_1_738' title='bbox 869 2629 944 2650; x_wconf 83' lang='lat' dir='ltr'><strong>t&#39;om-</strong></span> 
     </span>
    </p>
   </div>
   <div class='ocr_carea' id='block_1_101' title="bbox 162 2667 945 2706">
    <p class='ocr_par' dir='ltr' id='par_1_101' title="bbox 162 2667 945 2706">
     <span class='ocr_line' id='line_1_101' title="bbox 162 2667 945 2706; baseline -0.005 -9"><span class='ocrx_word' id='word_1_739' title='bbox 162 2670 294 2706; x_wconf 81' lang='lat' dir='ltr'><strong>parabilia</strong></span> <span class='ocrx_word' id='word_1_740' title='bbox 317 2676 378 2697; x_wconf 92' lang='lat' dir='ltr'><strong>eum</strong></span> <span class='ocrx_word' id='word_1_741' title='bbox 406 2668 667 2703; x_wconf 82' lang='lat' dir='ltr'><strong>iucomparabilibus</strong></span> <span class='ocrx_word' id='word_1_742' title='bbox 692 2667 827 2701; x_wconf 85' lang='lat' dir='ltr'><strong>conferre,</strong></span> <span class='ocrx_word' id='word_1_743' title='bbox 845 2667 945 2702; x_wconf 84' lang='lat' dir='ltr'><strong>illaque</strong></span> 
     </span>
    </p>
   </div>
   <div class='ocr_carea' id='block_1_102' title="bbox 163 2713 946 2749">
    <p class='ocr_par' dir='ltr' id='par_1_102' title="bbox 163 2713 946 2749">
     <span class='ocr_line' id='line_1_102' title="bbox 163 2713 946 2749; baseline -0.004 -6"><span class='ocrx_word' id='word_1_744' title='bbox 163 2717 205 2743; x_wconf 83' lang='lat' dir='ltr'><strong>his</strong></span> <span class='ocrx_word' id='word_1_745' title='bbox 220 2715 319 2743; x_wconf 90' lang='lat' dir='ltr'><strong>similia</strong></span> <span class='ocrx_word' id='word_1_746' title='bbox 336 2715 434 2747; x_wconf 77' lang='lat' dir='ltr'><strong>laeerc,</strong></span> <span class='ocrx_word' id='word_1_747' title='bbox 452 2714 535 2741; x_wconf 85' lang='lat' dir='ltr'><strong>utsic</strong></span> <span class='ocrx_word' id='word_1_748' title='bbox 548 2715 676 2748; x_wconf 87' lang='lat' dir='ltr'><strong>deinceps</strong></span> <span class='ocrx_word' id='word_1_749' title='bbox 697 2713 723 2740; x_wconf 93' lang='lat' dir='ltr'><strong>id</strong></span> <span class='ocrx_word' id='word_1_750' title='bbox 740 2714 810 2749; x_wconf 87' lang='lat' dir='ltr'><strong>quod</strong></span> <span class='ocrx_word' id='word_1_751' title='bbox 835 2720 946 2747; x_wconf 83' lang='lat' dir='ltr'><strong>compa-</strong></span> 
     </span>
    </p>
   </div>
   <div class='ocr_carea' id='block_1_103' title="bbox 164 2758 944 2793">
    <p class='ocr_par' dir='ltr' id='par_1_103' title="bbox 164 2758 944 2793">
     <span class='ocr_line' id='line_1_103' title="bbox 164 2758 944 2793; baseline -0.005 -5"><span class='ocrx_word' id='word_1_752' title='bbox 164 2762 297 2789; x_wconf 86' lang='lat' dir='ltr'><strong>rabilibus</strong></span> <span class='ocrx_word' id='word_1_753' title='bbox 320 2759 430 2793; x_wconf 87' lang='lat' dir='ltr'><strong>accidit,</strong></span> <span class='ocrx_word' id='word_1_754' title='bbox 447 2758 589 2787; x_wconf 80' lang='lat' dir='ltr'><strong>existimes</strong></span> <span class='ocrx_word' id='word_1_755' title='bbox 603 2758 862 2793; x_wconf 82' lang='lat' dir='ltr'><strong>ineomparabilibus</strong></span> <span class='ocrx_word' id='word_1_756' title='bbox 879 2758 944 2785; x_wconf 90' lang='lat' dir='ltr'><strong>item</strong></span> 
     </span>
    </p>
   </div>
   <div class='ocr_carea' id='block_1_104' title="bbox 164 2804 944 2843">
    <p class='ocr_par' dir='ltr' id='par_1_104' title="bbox 164 2804 944 2843">
     <span class='ocr_line' id='line_1_104' title="bbox 164 2804 944 2843; baseline -0.005 -9"><span class='ocrx_word' id='word_1_757' title='bbox 164 2806 341 2843; x_wconf 70' lang='lat' dir='ltr'><strong>contingere?</strong></span> <span class='ocrx_word' id='word_1_758' title='bbox 356 2806 501 2834; x_wconf 86' lang='lat' dir='ltr'><strong>Enimvero</strong></span> <span class='ocrx_word' id='word_1_759' title='bbox 512 2805 646 2840; x_wconf 84' lang='lat' dir='ltr'><strong>quispiam</strong></span> <span class='ocrx_word' id='word_1_760' title='bbox 659 2812 719 2832; x_wconf 88' lang='lat' dir='ltr'><strong>tuas</strong></span> <span class='ocrx_word' id='word_1_761' title='bbox 734 2805 794 2831; x_wconf 88' lang='lat' dir='ltr'><strong>illas</strong></span> <span class='ocrx_word' id='word_1_762' title='bbox 806 2804 878 2839; x_wconf 78' lang='lat' dir='ltr'><strong>leges</strong></span> <span class='ocrx_word' id='word_1_763' title='bbox 891 2812 944 2831; x_wconf 81' lang='lat' dir='ltr'><strong>non</strong></span> 
     </span>
    </p>
   </div>
   <div class='ocr_carea' id='block_1_105' title="bbox 164 2849 931 2887">
    <p class='ocr_par' dir='ltr' id='par_1_105' title="bbox 164 2849 931 2887">
     <span class='ocr_line' id='line_1_105' title="bbox 164 2849 931 2887; baseline -0.005 -7"><span class='ocrx_word' id='word_1_764' title='bbox 164 2854 311 2881; x_wconf 74' lang='lat' dir='ltr'><strong>audivisset</strong></span> <span class='ocrx_word' id='word_1_765' title='bbox 327 2872 332 2884; x_wconf 92' lang='lat'><strong>,</strong></span> <span class='ocrx_word' id='word_1_766' title='bbox 356 2860 423 2887; x_wconf 83' lang='lat' dir='ltr'><strong>quas</strong></span> <span class='ocrx_word' id='word_1_767' title='bbox 443 2853 500 2886; x_wconf 85' lang='lat' dir='ltr'><strong>ipse</strong></span> <span class='ocrx_word' id='word_1_768' title='bbox 515 2852 542 2879; x_wconf 88' lang='lat' dir='ltr'><strong>in</strong></span> <span class='ocrx_word' id='word_1_769' title='bbox 561 2851 701 2886; x_wconf 79' lang='lat' dir='ltr'><strong>anulyticis</strong></span> <span class='ocrx_word' id='word_1_770' title='bbox 724 2851 757 2878; x_wconf 87' lang='lat' dir='ltr'><strong>de</strong></span> <span class='ocrx_word' id='word_1_771' title='bbox 772 2850 875 2877; x_wconf 83' lang='lat' dir='ltr'><strong>ratione</strong></span> <span class='ocrx_word' id='word_1_772' title='bbox 891 2849 931 2876; x_wconf 77' lang='lat' dir='ltr'><strong>dc-</strong></span> 
     </span>
    </p>
   </div>
   <div class='ocr_carea' id='block_1_106' title="bbox 998 2251 1778 2288">
    <p class='ocr_par' dir='ltr' id='par_1_106' title="bbox 998 2251 1778 2288">
     <span class='ocr_line' id='line_1_106' title="bbox 998 2251 1778 2288; baseline 0 -8"><span class='ocrx_word' id='word_1_773' title='bbox 998 2253 1164 2286; x_wconf 76' lang='grc' dir='ltr'>ὰποδείξεως</span> <span class='ocrx_word' id='word_1_774' title='bbox 1174 2252 1350 2288; x_wconf 78' lang='grc' dir='ltr'>ἀκριϐολογῇ,</span> <span class='ocrx_word' id='word_1_775' title='bbox 1363 2251 1393 2277; x_wconf 79' lang='grc' dir='ltr'>οὔ</span> <span class='ocrx_word' id='word_1_776' title='bbox 1410 2252 1470 2278; x_wconf 82' lang='grc' dir='ltr'>ποτ’</span> <span class='ocrx_word' id='word_1_777' title='bbox 1483 2253 1515 2279; x_wconf 80' lang='grc' dir='ltr'>ἄν</span> <span class='ocrx_word' id='word_1_778' title='bbox 1527 2260 1556 2278; x_wconf 91' lang='grc' dir='ltr'><strong>σε</strong></span> <span class='ocrx_word' id='word_1_779' title='bbox 1572 2252 1690 2287; x_wconf 77' lang='grc' dir='ltr'>οἰηθείη,</span> <span class='ocrx_word' id='word_1_780' title='bbox 1699 2253 1778 2286; x_wconf 73' lang='grc' dir='ltr'>οὕτως</span> 
     </span>
    </p>
   </div>
   <div class='ocr_carea' id='block_1_107' title="bbox 996 2295 1778 2334">
    <p class='ocr_par' dir='ltr' id='par_1_107' title="bbox 996 2295 1778 2334">
     <span class='ocr_line' id='line_1_107' title="bbox 996 2295 1778 2334; baseline 0.001 -10"><span class='ocrx_word' id='word_1_781' title='bbox 996 2297 1109 2333; x_wconf 73' lang='grc' dir='ltr'>ψυχρῶς</span> <span class='ocrx_word' id='word_1_782' title='bbox 1122 2297 1205 2323; x_wconf 81' lang='grc' dir='ltr'>αὑτὸν</span> <span class='ocrx_word' id='word_1_783' title='bbox 1221 2296 1268 2323; x_wconf 81' lang='grc' dir='ltr'>καὶ</span> <span class='ocrx_word' id='word_1_784' title='bbox 1288 2296 1398 2331; x_wconf 78' lang='grc' dir='ltr'>φαύλως</span> <span class='ocrx_word' id='word_1_785' title='bbox 1413 2295 1557 2329; x_wconf 79' lang='grc' dir='ltr'>ἀνέξεσθαι</span> <span class='ocrx_word' id='word_1_786' title='bbox 1570 2296 1707 2324; x_wconf 81' lang='grc' dir='ltr'>δεικνύναι</span> <span class='ocrx_word' id='word_1_787' title='bbox 1718 2299 1778 2334; x_wconf 80' lang='grc' dir='ltr'>περὶ</span> 
     </span>
    </p>
   </div>
   <div class='ocr_carea' id='block_1_108' title="bbox 997 2342 1776 2379">
    <p class='ocr_par' dir='ltr' id='par_1_108' title="bbox 997 2342 1776 2379">
     <span class='ocr_line' id='line_1_108' title="bbox 997 2342 1776 2379; baseline 0 -8"><span class='ocrx_word' id='word_1_788' title='bbox 997 2345 1058 2371; x_wconf 80' lang='grc' dir='ltr'>ὅτου</span> <span class='ocrx_word' id='word_1_789' title='bbox 1076 2344 1110 2370; x_wconf 73' lang='grc' dir='ltr'>ἂν</span> <span class='ocrx_word' id='word_1_790' title='bbox 1129 2343 1250 2379; x_wconf 82' lang='grc' dir='ltr'>πρόθοιο.</span> <span class='ocrx_word' id='word_1_791' title='bbox 1268 2342 1365 2377; x_wconf 85' lang='grc' dir='ltr'>Ίιμεῖς</span> <span class='ocrx_word' id='word_1_792' title='bbox 1381 2342 1409 2368; x_wconf 86' lang='grc' dir='ltr'><strong>δέ</strong></span> <span class='ocrx_word' id='word_1_793' title='bbox 1424 2350 1455 2376; x_wconf 89' lang='grc' dir='ltr'><strong>γε</strong></span> <span class='ocrx_word' id='word_1_794' title='bbox 1491 2343 1572 2377; x_wconf 74' lang='grc' dir='ltr'>ἴσμεν</span> <span class='ocrx_word' id='word_1_795' title='bbox 1587 2342 1636 2378; x_wconf 78' lang='grc' dir='ltr'>μὲν</span> <span class='ocrx_word' id='word_1_796' title='bbox 1653 2344 1776 2378; x_wconf 81' lang='grc' dir='ltr'>ὁμώνυμα</span> 
     </span>
    </p>
   </div>
   <div class='ocr_carea' id='block_1_109' title="bbox 997 2387 1775 2424">
    <p class='ocr_par' dir='ltr' id='par_1_109' title="bbox 997 2387 1775 2424">
     <span class='ocr_line' id='line_1_109' title="bbox 997 2387 1775 2424; baseline -0.001 -7"><span class='ocrx_word' id='word_1_797' title='bbox 997 2392 1053 2422; x_wconf 85' lang='grc' dir='ltr'>τοῖς</span> <span class='ocrx_word' id='word_1_798' title='bbox 1081 2389 1222 2424; x_wconf 77' lang='grc' dir='ltr'>αἰσθητοῖς</span> <span class='ocrx_word' id='word_1_799' title='bbox 1251 2389 1314 2419; x_wconf 75' lang='grc' dir='ltr'>τοὶις</span> <span class='ocrx_word' id='word_1_800' title='bbox 1333 2388 1367 2414; x_wconf 81' lang='grc' dir='ltr'>τὰ</span> <span class='ocrx_word' id='word_1_801' title='bbox 1392 2387 1453 2424; x_wconf 75' lang='grc' dir='ltr'>εἴδη</span> <span class='ocrx_word' id='word_1_802' title='bbox 1475 2388 1635 2422; x_wconf 76' lang='grc' dir='ltr'>τιθεμένους</span> <span class='ocrx_word' id='word_1_803' title='bbox 1660 2387 1726 2416; x_wconf 77' lang='grc' dir='ltr'>εἶναί</span> <span class='ocrx_word' id='word_1_804' title='bbox 1749 2398 1775 2417; x_wconf 84' lang='grc' dir='ltr'><strong>τε</strong></span> 
     </span>
    </p>
   </div>
   <div class='ocr_carea' id='block_1_110' title="bbox 997 2433 1774 2469">
    <p class='ocr_par' dir='ltr' id='par_1_110' title="bbox 997 2433 1774 2469">
     <span class='ocr_line' id='line_1_110' title="bbox 997 2433 1774 2469; baseline 0 -7"><span class='ocrx_word' id='word_1_805' title='bbox 997 2436 1140 2469; x_wconf 79' lang='grc' dir='ltr'>ἀξιοῦντας</span> <span class='ocrx_word' id='word_1_806' title='bbox 1157 2435 1205 2462; x_wconf 80' lang='grc' dir='ltr'>καὶ</span> <span class='ocrx_word' id='word_1_807' title='bbox 1218 2433 1381 2464; x_wconf 79' lang='grc' dir='ltr'>καλοῦντας.</span> <span class='ocrx_word' id='word_1_808' title='bbox 1395 2434 1432 2460; x_wconf 87' lang='grc' dir='ltr'><strong>Οὐ</strong></span> <span class='ocrx_word' id='word_1_809' title='bbox 1447 2434 1500 2469; x_wconf 83' lang='grc' dir='ltr'>μὴν</span> <span class='ocrx_word' id='word_1_810' title='bbox 1514 2433 1583 2460; x_wconf 78' lang='grc' dir='ltr'>ἀλλὰ</span> <span class='ocrx_word' id='word_1_811' title='bbox 1600 2435 1646 2461; x_wconf 72' lang='grc' dir='ltr'>καὶ</span> <span class='ocrx_word' id='word_1_812' title='bbox 1658 2435 1774 2469; x_wconf 78' lang='grc' dir='ltr'>δείξομεν</span> 
     </span>
    </p>
   </div>
   <div class='ocr_carea' id='block_1_111' title="bbox 996 2477 1773 2516">
    <p class='ocr_par' dir='ltr' id='par_1_111' title="bbox 996 2477 1773 2516">
     <span class='ocr_line' id='line_1_111' title="bbox 996 2477 1773 2516; baseline -0.004 -6"><span class='ocrx_word' id='word_1_813' title='bbox 996 2483 1051 2510; x_wconf 82' lang='grc' dir='ltr'>οὐδ’</span> <span class='ocrx_word' id='word_1_814' title='bbox 1065 2483 1151 2514; x_wconf 77' lang='grc' dir='ltr'>ἄλλως</span> <span class='ocrx_word' id='word_1_815' title='bbox 1175 2481 1234 2510; x_wconf 76' lang='grc' dir='ltr'>ὲνδν</span> <span class='ocrx_word' id='word_1_816' title='bbox 1259 2480 1329 2507; x_wconf 81' lang='grc' dir='ltr'>αὐτὰ</span> <span class='ocrx_word' id='word_1_817' title='bbox 1346 2480 1469 2506; x_wconf 82' lang='grc' dir='ltr'>τίθεσθαι</span> <span class='ocrx_word' id='word_1_818' title='bbox 1488 2480 1518 2513; x_wconf 79' lang='grc' dir='ltr'><strong>ὲξ</strong></span> <span class='ocrx_word' id='word_1_819' title='bbox 1529 2477 1621 2516; x_wconf 83' lang='grc' dir='ltr'>ὦνπερ</span> <span class='ocrx_word' id='word_1_820' title='bbox 1641 2481 1773 2508; x_wconf 74' lang='grc' dir='ltr'>ὑποτίθενο</span> 
     </span>
    </p>
   </div>
   <div class='ocr_carea' id='block_1_112' title="bbox 997 2527 1773 2565">
    <p class='ocr_par' dir='ltr' id='par_1_112' title="bbox 997 2527 1773 2565">
     <span class='ocr_line' id='line_1_112' title="bbox 997 2527 1773 2565; baseline -0.003 -9"><span class='ocrx_word' id='word_1_821' title='bbox 997 2538 1053 2556; x_wconf 90' lang='grc' dir='ltr'>ται.</span> <span class='ocrx_word' id='word_1_822' title='bbox 1078 2528 1294 2565; x_wconf 81' lang='grc' dir='ltr'>Παραδείγματα</span> <span class='ocrx_word' id='word_1_823' title='bbox 1308 2528 1362 2562; x_wconf 84' lang='grc' dir='ltr'>γὰρ</span> <span class='ocrx_word' id='word_1_824' title='bbox 1378 2527 1490 2554; x_wconf 80' lang='grc' dir='ltr'>εἰκόνων</span> <span class='ocrx_word' id='word_1_825' title='bbox 1506 2527 1561 2553; x_wconf 87' lang='grc' dir='ltr'>τῶν</span> <span class='ocrx_word' id='word_1_826' title='bbox 1591 2527 1727 2563; x_wconf 62' lang='grc' dir='ltr'>αἰσθητῶν</span> <span class='ocrx_word' id='word_1_827' title='bbox 1742 2528 1773 2554; x_wconf 71' lang='grc' dir='ltr'><strong>τὰ</strong></span> 
     </span>
    </p>
   </div>
   <div class='ocr_carea' id='block_1_113' title="bbox 997 2573 1772 2609">
    <p class='ocr_par' dir='ltr' id='par_1_113' title="bbox 997 2573 1772 2609">
     <span class='ocr_line' id='line_1_113' title="bbox 997 2573 1772 2609; baseline -0.001 -8"><span class='ocrx_word' id='word_1_828' title='bbox 997 2575 1079 2609; x_wconf 77' lang='grc' dir='ltr'>νοητὰ</span> <span class='ocrx_word' id='word_1_829' title='bbox 1105 2574 1288 2600; x_wconf 77' lang='grc' dir='ltr'>ὑποτίθενται.</span> <span class='ocrx_word' id='word_1_830' title='bbox 1315 2573 1415 2599; x_wconf 81' lang='grc' dir='ltr'>Εἰκόνα</span> <span class='ocrx_word' id='word_1_831' title='bbox 1441 2573 1470 2600; x_wconf 80' lang='grc' dir='ltr'>δὲ</span> <span class='ocrx_word' id='word_1_832' title='bbox 1495 2574 1700 2608; x_wconf 73' lang='grc' dir='ltr'>παραδείγματι</span> <span class='ocrx_word' id='word_1_833' title='bbox 1722 2574 1772 2605; x_wconf 83' lang='grc' dir='ltr'>πῶς</span> 
     </span>
    </p>
   </div>
   <div class='ocr_carea' id='block_1_114' title="bbox 997 2617 1772 2654">
    <p class='ocr_par' dir='ltr' id='par_1_114' title="bbox 997 2617 1772 2654">
     <span class='ocr_line' id='line_1_114' title="bbox 997 2617 1772 2654; baseline -0.004 -7"><span class='ocrx_word' id='word_1_834' title='bbox 997 2620 1030 2647; x_wconf 82' lang='grc' dir='ltr'>ἄν</span> <span class='ocrx_word' id='word_1_835' title='bbox 1045 2628 1088 2650; x_wconf 85' lang='grc' dir='ltr'><strong>τις</strong></span> <span class='ocrx_word' id='word_1_836' title='bbox 1115 2618 1271 2653; x_wconf 85' lang='grc' dir='ltr'>συνώνυμον</span> <span class='ocrx_word' id='word_1_837' title='bbox 1299 2617 1370 2644; x_wconf 87' lang='grc' dir='ltr'>εἶναι</span> <span class='ocrx_word' id='word_1_838' title='bbox 1392 2618 1543 2650; x_wconf 80' lang='grc' dir='ltr'>ἀξιώσειεν,</span> <span class='ocrx_word' id='word_1_839' title='bbox 1570 2619 1595 2648; x_wconf 80' lang='grc' dir='ltr'><strong>εί</strong></span> <span class='ocrx_word' id='word_1_840' title='bbox 1622 2619 1661 2654; x_wconf 83' lang='grc' dir='ltr'>μὴ</span> <span class='ocrx_word' id='word_1_841' title='bbox 1675 2620 1719 2646; x_wconf 75' lang='grc' dir='ltr'>καὶ</span> <span class='ocrx_word' id='word_1_842' title='bbox 1731 2620 1772 2646; x_wconf 71' lang='grc' dir='ltr'><strong>τὸν</strong></span> 
     </span>
    </p>
   </div>
   <div class='ocr_carea' id='block_1_115' title="bbox 997 2663 1771 2699">
    <p class='ocr_par' dir='ltr' id='par_1_115' title="bbox 997 2663 1771 2699">
     <span class='ocr_line' id='line_1_115' title="bbox 997 2663 1771 2699; baseline 0 -8"><span class='ocrx_word' id='word_1_843' title='bbox 997 2664 1144 2699; x_wconf 82' lang='grc' dir='ltr'>ἀνδριάντα</span> <span class='ocrx_word' id='word_1_844' title='bbox 1161 2664 1206 2690; x_wconf 81' lang='grc' dir='ltr'>τὸν</span> <span class='ocrx_word' id='word_1_845' title='bbox 1222 2663 1380 2698; x_wconf 86' lang='grc' dir='ltr'>Λυσάνδρου</span> <span class='ocrx_word' id='word_1_846' title='bbox 1394 2663 1433 2698; x_wconf 85' lang='grc' dir='ltr'>τῷ</span> <span class='ocrx_word' id='word_1_847' title='bbox 1455 2663 1605 2698; x_wconf 83' lang='grc' dir='ltr'>Λυσάνδρῳ</span> <span class='ocrx_word' id='word_1_848' title='bbox 1625 2666 1771 2699; x_wconf 84' lang='grc' dir='ltr'>συνώνυμον</span> 
     </span>
    </p>
   </div>
   <div class='ocr_carea' id='block_1_116' title="bbox 996 2700 1767 2746">
    <p class='ocr_par' dir='ltr' id='par_1_116' title="bbox 996 2700 1767 2746">
     <span class='ocr_line' id='line_1_116' title="bbox 996 2700 1767 2746; baseline 0 -10"><span class='ocrx_word' id='word_1_849' title='bbox 996 2709 1068 2736; x_wconf 81' lang='grc' dir='ltr'>εἶναι</span> <span class='ocrx_word' id='word_1_850' title='bbox 1084 2710 1220 2742; x_wconf 79' lang='grc' dir='ltr'>ἀξιώσειε,</span> <span class='ocrx_word' id='word_1_851' title='bbox 1234 2710 1282 2735; x_wconf 78' lang='grc' dir='ltr'>καὶ</span> <span class='ocrx_word' id='word_1_852' title='bbox 1307 2709 1353 2736; x_wconf 82' lang='grc' dir='ltr'>τὸν</span> <span class='ocrx_word' id='word_1_853' title='bbox 1374 2708 1543 2744; x_wconf 79' lang='grc' dir='ltr'>Ἡρακλέους</span> <span class='ocrx_word' id='word_1_854' title='bbox 1563 2700 1602 2745; x_wconf 77' lang='grc' dir='ltr'><strong>τῷ</strong></span> <span class='ocrx_word' id='word_1_855' title='bbox 1632 2710 1767 2746; x_wconf 76' lang='grc' dir='ltr'>Ἡρακλεῖς</span> 
     </span>
    </p>
   </div>
   <div class='ocr_carea' id='block_1_117' title="bbox 1004 2755 1768 2791">
    <p class='ocr_par' dir='ltr' id='par_1_117' title="bbox 1004 2755 1768 2791">
     <span class='ocr_line' id='line_1_117' title="bbox 1004 2755 1768 2791; baseline -0.001 -8"><span class='ocrx_word' id='word_1_856' title='bbox 1004 2756 1090 2787; x_wconf 81' lang='grc' dir='ltr'>Ἀλλὰ,</span> <span class='ocrx_word' id='word_1_857' title='bbox 1107 2756 1191 2790; x_wconf 79' lang='grc' dir='ltr'>φησὶν</span> <span class='ocrx_word' id='word_1_858' title='bbox 1200 2755 1401 2790; x_wconf 82' lang='grc' dir='ltr'>Ἀριστοτέλης,</span> <span class='ocrx_word' id='word_1_859' title='bbox 1415 2755 1487 2783; x_wconf 78' lang='grc' dir='ltr'>κατά</span> <span class='ocrx_word' id='word_1_860' title='bbox 1499 2764 1531 2789; x_wconf 81' lang='grc' dir='ltr'><strong>γε</strong></span> <span class='ocrx_word' id='word_1_861' title='bbox 1548 2756 1602 2791; x_wconf 76' lang='grc' dir='ltr'>γὰρ</span> <span class='ocrx_word' id='word_1_862' title='bbox 1617 2756 1681 2787; x_wconf 75' lang='grc' dir='ltr'>τοὺς</span> <span class='ocrx_word' id='word_1_863' title='bbox 1688 2756 1768 2790; x_wconf 82' lang='grc' dir='ltr'>λόγους</span> 
     </span>
    </p>
   </div>
   <div class='ocr_carea' id='block_1_118' title="bbox 998 2800 1767 2836">
    <p class='ocr_par' dir='ltr' id='par_1_118' title="bbox 998 2800 1767 2836">
     <span class='ocr_line' id='line_1_118' title="bbox 998 2800 1767 2836; baseline 0.001 -9"><span class='ocrx_word' id='word_1_864' title='bbox 998 2801 1060 2832; x_wconf 78' lang='grc' dir='ltr'>τοὺς</span> <span class='ocrx_word' id='word_1_865' title='bbox 1078 2801 1130 2827; x_wconf 85' lang='grc' dir='ltr'>τῶν</span> <span class='ocrx_word' id='word_1_866' title='bbox 1143 2800 1318 2835; x_wconf 80' lang='grc' dir='ltr'>ἐπιστημῶν,</span> <span class='ocrx_word' id='word_1_867' title='bbox 1340 2800 1417 2826; x_wconf 73' lang='grc' dir='ltr'>ἔσται</span> <span class='ocrx_word' id='word_1_868' title='bbox 1434 2800 1489 2835; x_wconf 74' lang='grc' dir='ltr'>εἴδη</span> <span class='ocrx_word' id='word_1_869' title='bbox 1513 2803 1622 2828; x_wconf 83' lang='grc' dir='ltr'>πάντων</span> <span class='ocrx_word' id='word_1_870' title='bbox 1643 2802 1710 2829; x_wconf 81' lang='grc' dir='ltr'>ὅσων</span> <span class='ocrx_word' id='word_1_871' title='bbox 1725 2811 1767 2836; x_wconf 75' lang='grc' dir='ltr'><strong>περ</strong></span> 
     </span>
    </p>
   </div>
   <div class='ocr_carea' id='block_1_119' title="bbox 999 2846 1765 2882">
    <p class='ocr_par' dir='ltr' id='par_1_119' title="bbox 999 2846 1765 2882">
     <span class='ocr_line' id='line_1_119' title="bbox 999 2846 1765 2882; baseline 0 -8"><span class='ocrx_word' id='word_1_872' title='bbox 999 2848 1045 2874; x_wconf 63' lang='grc' dir='ltr'>καὶ</span> <span class='ocrx_word' id='word_1_873' title='bbox 1058 2847 1207 2882; x_wconf 71' lang='grc' dir='ltr'>ἐπιστῆμαί</span> <span class='ocrx_word' id='word_1_874' title='bbox 1223 2847 1286 2880; x_wconf 75' lang='grc' dir='ltr'>εἱσι,</span> <span class='ocrx_word' id='word_1_875' title='bbox 1304 2847 1350 2873; x_wconf 69' lang='grc' dir='ltr'>καὶ</span> <span class='ocrx_word' id='word_1_876' title='bbox 1368 2846 1439 2873; x_wconf 69' lang='grc' dir='ltr'>κατὰ</span> <span class='ocrx_word' id='word_1_877' title='bbox 1454 2847 1484 2873; x_wconf 77' lang='grc' dir='ltr'><strong>τὸ</strong></span> <span class='ocrx_word' id='word_1_878' title='bbox 1502 2847 1530 2874; x_wconf 81' lang='grc' dir='ltr'>ἓν</span> <span class='ocrx_word' id='word_1_879' title='bbox 1544 2847 1588 2874; x_wconf 61' lang='grc' dir='ltr'><strong>ἐπὶ</strong></span> <span class='ocrx_word' id='word_1_880' title='bbox 1605 2848 1715 2880; x_wconf 76' lang='grc' dir='ltr'>πολλῶν,</span> <span class='ocrx_word' id='word_1_881' title='bbox 1728 2849 1765 2875; x_wconf 66' lang='grc' dir='ltr'>καὶ</span> 
     </span>
    </p>
   </div>
  </div>
