1864 3056
148 99 201 132 919

760 99 922 130 GEORGII
939 98 1157 130 PLETHONIS

1749 101 1807 132 920

149 158 243 192 itaque
259 158 373 192 singulis
388 166 436 193 per
451 166 481 187 se
496 163 522 186 et
542 167 595 187 non
620 167 666 194 per
692 159 821 188 accidens
846 168 880 187 un

1068 167 1093 185 ον
1123 158 1272 194 ἡγεμονίας
1304 160 1374 194 μετὰ
1407 159 1452 186 τὴν
1475 159 1579 194 ἀγαθὸν
1605 160 1685 186 Θεὸν
1719 161 1804 194 αὐτῷ

149 210 230 239 atque
246 204 315 231 idem
329 205 470 239 quidpiam
483 213 628 234 commune
638 207 834 239 obtinentibus,
847 214 931 235 unum

147 250 287 284 quidpiam
305 251 436 278 eximium
458 256 540 287 atque
565 253 694 281 seleetum
720 260 846 287 prteesse,
861 253 932 287 quod

145 296 238 324 multis
251 296 316 323 illud
333 304 417 324 unum
433 303 516 332 alque
537 299 607 326 idem
636 299 781 334 impertiat.
798 299 931 327 Adrersu:

145 343 200 368 hzre
218 342 389 376 Aristoteles,
401 348 427 370 et
441 345 591 372 secundum
608 353 693 373 unum
707 345 805 380 inquit,
820 345 847 372 in
863 345 932 373 mul-

143 386 178 414 tis
190 389 416 423 etnegationunt.
443 389 549 425 Quippe
575 391 598 419 si
624 391 772 420 secundum
806 391 832 419 id
859 390 931 426 quod

143 441 226 460 unum
242 434 382 469 quippiam
400 435 464 463 insit
481 437 598 472 exempli
615 437 701 473 gratia
725 437 818 471 multis
842 437 932 464 homi-

143 479 235 523 nibus,
248 479 405 508 humanitas
416 481 555 515 videlicet,
572 488 680 518 oportet
695 492 779 511 unutn
791 483 930 518 quidpiam

142 526 274 554 eximium
291 527 472 561 constituere.
490 530 562 564 quod
580 530 635 558 iiiis
652 530 722 557 hanc
734 530 930 558 humanitatem

142 572 288 606 impertiat,
301 575 438 609 oportebit
457 576 539 603 etiam
565 585 648 604 unum
680 577 824 612 quippiam
849 584 929 607 esse.

142 618 215 652 quod
234 620 363 648 onmibus
377 629 431 648 non
448 622 616 655 hominibus,
634 623 768 650 rationem
789 631 862 654 eam,
877 631 930 657 qua

143 671 197 692 non
222 671 286 692 sunt
311 666 455 698 homines,
482 667 624 703 largiatur.
640 668 756 699 .Etenim
781 669 863 696 etiam
893 669 930 695 illi

142 717 226 737 unum
244 711 384 746 quippiam
413 712 514 740 [tabent
530 721 686 745 commune.
701 717 730 741 ut
746 713 801 741 sint
814 721 867 741 non
883 714 932 740 bo-

126 755 244 792 qmines.
259 758 493 791 quemadmodum
522 759 559 786 illi
578 759 624 794 qui
650 765 716 787 sunt
740 760 865 787 homines
881 760 931 786 bu-

142 801 300 829 manitatem
326 810 499 830 communem
521 803 659 832 obtinent.
686 803 822 831 Hactenus
839 804 930 839 itaque

988 205 1182 239 προνέμοντες.
1209 204 1311 231 Τοῦτον
1341 205 1387 232 τὸν
1412 205 1475 232 νοῦν
1504 206 1728 245 παραδείγματι
1762 206 1803 240 τῷ

987 250 1050 277 καθ’
1066 251 1163 277 ἑαυτὸν
1178 251 1266 286 νοητῷ
1285 251 1382 286 κόσμῳ
1399 252 1581 287 κεχρημένον,
1597 252 1645 278 τὸν
1666 252 1801 286 οὐρα-ὴν

988 295 1064 322 τόνδε
1079 295 1127 322 καὶ
1144 296 1246 330 κόσμον
1262 296 1395 331 αἰσθητὸν
1406 297 1696 332 δεδημιουργηκένιιι.
1715 294 1802 323 Ιιῐναξ

986 350 1014 369 τε
1034 341 1080 368 τὸν
1105 341 1236 376 αἰσθητὸν
1263 343 1338 370 τόνδε
1360 343 1461 378 κόσμον
1483 343 1532 370 τοῦ
1556 343 1659 378 νοητοῦ
1679 344 1798 375 εἰκόνα,

987 389 1058 416 κατὰ
1088 389 1120 415 τὸ
1148 389 1208 415 am
1231 390 1278 416 καὶ
1295 391 1366 424 μέρη
1382 390 1458 417 οὐδὲν
1478 391 1520 417 ὅτι
1541 392 1591 418 καὶ
1604 391 1658 417 οὐκ
1680 391 1799 416 ἐκεῖθεν

986 435 1083 470 ἔχοντα
1112 436 1166 462 τῶν
1193 436 1282 463 αἰτίου
1313 437 1462 471 δεομένων.
1494 436 1607 464 Δείσθαι
1640 437 1668 463 δ’
1698 437 1797 463 αἰτίαν

986 482 1094 509 ἅπαντα
1115 483 1149 508 τὰ
1171 482 1235 510 ὄντα
1257 491 1288 509 τε
1315 482 1362 509 καὶ
1391 482 1552 518 γιγνόμενα,
1580 483 1749 517 Στερήσεις
1766 483 1796 509 δὲ

985 528 1032 555 καὶ
1048 528 1245 563 ἀποτεύγματα
1270 530 1319 556 καὶ
1345 530 1358 556 ὂ
1376 539 1401 556 τι
1418 529 1453 557 ἃν
1479 530 1548 564 πρὸς
1563 529 1594 556 τὸ
1616 529 1655 564 μὴ
1675 529 1711 555 ὃν
1739 529 1793 564 ἤδη

985 573 1128 610 ἁποπίπτῃ
1149 574 1204 600 οὐδ’
1222 574 1310 601 αῐτίου
1342 575 1459 602 δεῖσθαι.
1478 574 1549 601 Ἀλλ’
1563 575 1655 601 αίτίου
1683 574 1794 608 μᾶλλον

985 619 1128 652 ἀπολείψει
1147 620 1262 648 τοιαῦτα
1281 621 1454 649 ἀποϐαίνειν.
1469 622 1537 648 Οὐδὲ
1551 621 1584 656 δὴ
1599 621 1651 652 τὰς
1675 621 1793 654 ἀποφά-

986 673 1052 696 σεις.
1070 666 1114 700 Τῷ
1130 666 1184 701 γὰρ
1201 667 1247 692 τοῦ
1262 666 1320 693 ντῶν
1336 666 1519 700 καταφάσεων
1535 667 1592 693 τῶν
1607 675 1641 701 γε
1658 667 1791 693 ἀντικει-

986 711 1075 744 μένων
1091 711 1179 738 αίτίου
1198 712 1245 738 καὶ
1267 712 1370 744 ταύτας
1387 713 1597 744 ἀπολείπεσθαι,
1623 714 1791 747 ἀποφάσεις

984 756 1153 785 ἀποϐαίνειν.
1175 757 1243 784 Οὐδὲ
1258 766 1291 792 γε
1316 757 1371 785 τῶν
1414 758 1485 785 κατὰ
1508 759 1692 794 ωμόεδηκὺς
1722 760 1789 795 τῇδε

984 803 1153 838 γιγνομένων
1165 804 1194 830 ’ἐν
1206 813 1233 830 τι
1245 805 1303 831 ἐκεῖ
1319 804 1406 831 αίτιον
1425 803 1507 833 εῖναι,
1525 806 1581 832 Καὶ
1595 806 1652 841 γὰρ
1668 807 1738 841 τῇδε
1754 807 1789 833 τὰ

141 847 311 875 Aristoteles.
333 847 388 875 Nos
403 856 466 877 vero
485 857 575 884 opera:
590 850 707 884 pretium
733 858 782 878 nos
810 850 877 878 factu

1053 851 1090 876 ita.
1103 851 1234 877 πλειόνων
1247 851 1343 877 αἰτίων
1356 852 1457 886 συνόδῳ
1472 852 1646 884 ἀποϐαίνειν,
1657 850 1700 879 ὧν
1719 853 1789 879 ἔκα-

141 891 351 925 arbitramur,si
365 893 524 929 priusquam
537 894 570 922 ad
586 895 672 930 ipsius
684 895 803 923 rationes
816 902 930 929 respon-

142 938 256 965 deamus
270 939 449 974 explanemus
475 941 593 975 primum
610 942 771 976 qualesnam
793 947 819 969 et
837 941 930 975 cujus-

142 983 214 1011 modi
234 991 294 1012 esse
309 992 373 1013 suas
393 986 501 1020 species
518 987 574 1014 sive
595 987 698 1015 formas
709 988 865 1015 existiment
881 987 929 1019 illi,

142 1028 188 1063 qui
207 1028 280 1063 ipsas
296 1030 474 1064 constituunt,
490 1032 589 1066 quibus
600 1033 731 1067 expositis
746 1033 853 1060 tandem
867 1032 932 1060 Ati-

142 1075 275 1102 stolelicis
299 1080 453 1110 opportune
480 1084 658 1105 occurremus
684 1078 848 1106 rationibus.
875 1078 931 1105 llae

141 1127 260 1154 namque
276 1121 381 1148 ratione
397 1124 571 1157 apertissime
599 1124 797 1151 convincemus
814 1124 888 1151 illum
903 1124 930 1152 in

140 1166 306 1199 quibusdam
324 1168 434 1202 quidem
459 1169 657 1197 calumniatum
683 1178 754 1201 esse.
770 1170 796 1197 in
814 1170 930 1204 quibus-

141 1212 203 1238 dam
236 1220 302 1240 vero
337 1221 391 1241 non
422 1215 448 1242 id
480 1215 616 1243 conﬁcere
645 1217 717 1251 quod
742 1216 865 1251 optabat.
890 1215 929 1243 llli

142 1258 234 1293 itaque
245 1260 292 1295 qui
306 1260 389 1289 idaeas
404 1260 564 1295 defendunt,
579 1262 656 1290 aiunt
671 1262 755 1290 Deum
773 1263 845 1289 illum
862 1264 932 1298 opti-

144 1313 218 1331 mum
237 1307 387 1334 maximum
406 1308 451 1342 qui
467 1316 573 1336 sutmna
590 1309 707 1342 quadam
730 1309 932 1343 excellenlique

144 1351 269 1379 bonitate
292 1358 334 1380 est
359 1353 488 1388 prmditus
509 1354 696 1382 immediatum
715 1363 769 1382 non
796 1363 857 1383 esse
877 1354 929 1382 ltu-

142 1397 221 1433 jusce
235 1399 297 1426 t~o3li
314 1400 452 1435 opilicem,
480 1401 527 1428 sed
555 1401 631 1436 prius
656 1401 770 1429 alterius
788 1401 929 1436 cujusdam

143 1449 248 1472 naturae
264 1449 345 1481 atque
359 1447 497 1480 essentiw,
511 1447 572 1482 quin
596 1452 622 1474 et
638 1455 700 1474 eum
721 1447 780 1482 ipso
797 1449 929 1483 majorem

143 1490 243 1518 habeat
257 1491 448 1525 cognationem
461 1497 489 1519 et
505 1500 566 1520 cum
582 1493 616 1520 sit
633 1493 811 1528 sempiterna,
824 1502 930 1528 semper

142 1537 248 1569 eadem,
270 1537 409 1572 similique
427 1538 533 1566 ratione
548 1546 576 1567 se
604 1538 713 1565 habeat.
731 1537 862 1566 Eumdem
878 1540 932 1566 ila-

144 1589 197 1616 que
212 1582 288 1609 illum
308 1582 391 1610 Deum
412 1591 466 1611 non
490 1592 538 1619 per
556 1584 689 1619 seipSum,
714 1585 760 1611 sed
786 1593 833 1620 per
858 1585 931 1612 illam

141 1627 198 1662 jam
213 1628 371 1663 productam
390 1629 448 1657 sive
472 1630 618 1657 essentiam
645 1630 704 1657 sive
730 1635 856 1658 naturam
884 1631 934 1658 bu-

142 1675 221 1711 jusce
237 1674 300 1701 ca'li
316 1674 399 1702 fuisse
411 1675 618 1708 fabricatorem,
635 1680 717 1710 atque
735 1676 807 1703 illam
824 1677 932 1712 quidem

147 1721 296 1748 essentiam
316 1721 341 1748 in
363 1730 447 1750 unum
477 1722 674 1757 intelligibilem
699 1723 833 1751 mundutn
855 1731 936 1759 coag-

144 1772 280 1802 tnentant,
297 1776 377 1804 quem
395 1768 510 1797 Locrus/
522 1770 566 1798 ille
581 1770 702 1798 Timaeus
726 1770 864 1798 idanieum
887 1778 935 1805 ap-

145 1814 239 1851 pellnt,
256 1822 288 1843 ac
304 1815 327 1843 si
342 1816 424 1849 dicat,
441 1816 586 1851 specialem
601 1818 644 1843 vel
661 1816 863 1852 exemplarem,
887 1816 935 1851 qui

146 1862 277 1891 nimirum
304 1869 337 1889 ex
363 1862 502 1895 omnibus.
522 1862 611 1897 iisque
627 1862 787 1892 multifariis
809 1863 845 1891 sit
868 1871 935 1892 con-

145 1911 270 1937 structus
286 1908 441 1943 speciebus,
454 1916 523 1944 quas
537 1909 618 1937 etiam
636 1914 740 1937 mentes
753 1914 861 1937 vocant.
875 1909 936 1937 Toti

146 1962 211 1982 vero
227 1954 292 1987 huic
307 1955 471 1991 intelligibili
488 1955 590 1983 tnundo
606 1963 687 1983 unam
704 1956 851 1991 quamdam
877 1963 937 1991 per-

148 2000 330 2029 fectissimam
359 2001 511 2035 praeﬁciunt
535 2006 674 2034 mentem,
701 2003 745 2029 cui
771 2006 832 2037 post
862 2002 936 2030 illum

147 2048 236 2074 omnis
252 2046 314 2073 boni
330 2051 469 2073 auctorem
488 2052 568 2081 atque
588 2046 691 2074 fontem
706 2047 786 2076 deum
802 2050 938 2077 secundas

148 2093 174 2121 in
194 2092 391 2127 gubernatione
420 2093 583 2128 imperiique
601 2094 722 2121 universi
746 2100 836 2129 partes
853 2102 939 2122 asen-

149 2139 228 2165 hunt.
250 2137 326 2165 Hanc
342 2146 424 2173 porro
438 2143 557 2166 mentem
573 2139 620 2166 illo
636 2146 685 2174 per
702 2140 821 2174 seipsum
839 2141 939 2168 intelli-

149 2186 223 2223 gibili
238 2186 349 2221 speciali
361 2186 463 2214 mundo
477 2194 568 2219 usam,
583 2186 634 2214 ltoc
647 2187 748 2214 nosuis
760 2187 938 2222 conspicuum

150 2233 238 2262 oculis
263 2233 377 2266 cmlum,
408 2234 598 2274 mundumque
629 2233 759 2261 sensibus
786 2234 940 2269 subjectum

150 2281 313 2309 fabricatum
326 2287 398 2308 esse.
420 2280 485 2308 Esse
500 2281 593 2315 itaque
609 2281 682 2308 hunc
700 2280 826 2308 sensibus
846 2287 941 2315 paten-

151 2334 204 2355 tetn
222 2328 354 2355 mundum
372 2328 446 2356 illius
462 2328 644 2362 intelligibilis
660 2328 842 2355 simulacrum
859 2333 942 2363 atque

151 2375 309 2410 imaginem,
323 2374 446 2410 nihilque
461 2383 492 2402 ex
506 2375 538 2402 iis
551 2382 612 2409 quae
624 2374 716 2402 causis
729 2375 788 2402 suis
805 2373 942 2408 indigent,

152 2426 207 2448 tam
229 2420 256 2447 in
274 2424 331 2448 toto
346 2427 428 2455 quam
444 2419 472 2447 in
488 2420 611 2455 partibus
628 2419 773 2450 exsistere,
798 2418 871 2453 quod
889 2426 942 2446 non

152 2467 186 2493 :.b
205 2467 252 2494 Illo
266 2467 352 2494 altero
369 2471 460 2494 ortum
480 2465 582 2499 trahat,
598 2465 690 2492 causis
715 2472 779 2491 vero
810 2465 942 2500 indigere.

152 2520 322 2548 quaecunque
347 2512 504 2544 cxistantiu
521 2511 612 2544 rebus,
628 2518 742 2545 quazque
756 2510 833 2542 ﬁant,
848 2516 875 2537 et
888 2511 943 2545 pri-

155 2559 279 2587 vationes
293 2564 320 2585 et
335 2558 540 2590 frustrationes,
554 2562 580 2584 et
592 2557 724 2592 quidquid
737 2556 855 2589 denique
867 2557 899 2583 ad
915 2556 941 2583 id

153 2605 227 2640 quod
245 2612 379 2640 nusquam
397 2609 449 2636 est,
466 2604 562 2631 recidit
575 2603 676 2630 nullam
692 2602 805 2630 omnino
829 2609 944 2630 causam,

156 2653 303 2687 postulare,
325 2651 381 2678 imo
395 2651 486 2685 potius
500 2649 607 2678 defectu
632 2658 722 2678 causa:
746 2653 845 2676 cuncta
872 2649 945 2684 ejus-

156 2698 230 2726 modi
244 2699 412 2733 contingerc,
431 2705 518 2732 neque
532 2698 596 2724 item
610 2698 778 2732 negationes.
791 2699 857 2727 Nam
873 2699 944 2734 quod

156 2755 239 2774 caiisa
256 2747 401 2773 contraria:
423 2745 612 2773 allirtnationis
624 2745 705 2778 desit,
723 2753 754 2773 ex
772 2754 805 2773 eo
821 2754 873 2773 una
891 2747 946 2774 ori-

157 2799 201 2821 tur
221 2793 340 2828 negatio.
364 2792 458 2827 Neque
485 2793 579 2823 etiam,
605 2800 666 2827 qttte
691 2801 739 2827 per
757 2794 884 2820 accidens
903 2793 946 2819 hie

160 2840 331 2875 contingunt,
350 2847 445 2868 eorum
464 2840 545 2868 ullam
574 2848 684 2876 prorsus
701 2840 755 2868 illic
773 2848 880 2868 causam
900 2841 946 2867 lia-

983 904 1045 921 στον
1060 896 1150 921 ἐκεῖσε
1167 896 1366 931 ἁναςρέρεσθαι,
1385 897 1433 922 καὶ
1451 897 1501 931 οὐχ
1519 896 1548 922 ἓν
1576 905 1603 923 τι
1628 895 1709 923 εἶναι
1728 897 1790 924 ἐκεῖ

980 942 1009 968 τὸ
1027 941 1080 969 τῶν
1100 941 1228 968 τοιούτων
1250 942 1347 969 αίτιον.
1371 942 1439 969 Οὒδέ
1456 951 1487 976 γε
1499 943 1554 969 τῶν
1571 943 1700 978 ἀπείρων
1716 943 1748 970 ἓν
1762 953 1788 977 τι

980 987 1147 1014 καθέκαστον
1163 989 1221 1014 ἐκεῖ
1243 987 1315 1014 εἶναι
1331 988 1430 1022 αἴτιον,
1441 988 1498 1014 ἀλλ’
1512 989 1542 1015 ἒν
1554 997 1581 1015 τι
1593 989 1710 1016 πάντων
1731 989 1789 1016 τῶν

981 1033 1043 1068 τῇδε
1057 1035 1086 1064 ἐς
1108 1034 1237 1068 ἀπειρίαν
1254 1034 1510 1070 ἧδη¹ὲιιπιπτόντων
1526 1035 1584 1061 ἐκεῖ
1601 1033 1679 1061 εἶναι
1695 1035 1727 1060 τὸ
1741 1035 1786 1060 αἵ-

980 1086 1037 1104 τιον
1058 1076 1138 1110 εἶδος.
1165 1078 1278 1114 Οτὶδαμῆ
1296 1079 1348 1114 γὰρ
1360 1079 1490 1114 ἀπειρίας
1504 1079 1554 1114 τῆς
1568 1080 1641 1106 κατὰ
1653 1079 1684 1106 τὸ
1696 1080 1783 1106 ποσὸν

979 1124 1037 1153 τοῖς
1067 1123 1125 1149 ἐκεῖ
1153 1125 1286 1157 μετεῖναι.
1308 1124 1389 1152 ’Δλλὰ
1406 1125 1446 1159 τῷ
1471 1125 1521 1159 μὲν
1545 1125 1706 1159 ὑπερουσὶῳ
1721 1124 1783 1159 Θεῷ

980 1170 1034 1196 οὐδ’
1050 1170 1117 1201 ὅλως
1133 1170 1263 1205 πλήθους.
1286 1171 1396 1205 Ἀκρως
1414 1170 1469 1206 γὰρ
1487 1170 1518 1204 δὴ
1534 1171 1562 1196 ἓν
1578 1170 1663 1197 αὑτὸν
1691 1168 1779 1196 εἶναι·

981 1216 1019 1251 τῷ
1032 1217 1060 1243 δὲ
1086 1216 1174 1251 νοητῷ
1194 1218 1281 1252 τούτῳ
1297 1217 1435 1252 διακόσμῳ
1463 1216 1565 1251 πλῆθος
1593 1217 1645 1252 μὲν
1665 1217 1782 1249 ἐνεῖναι,

981 1263 1192 1296 πεπερασμένον
1206 1263 1228 1288 δ’
1241 1262 1306 1289 αὐτὸ
1316 1260 1384 1289 εἶναι
1396 1263 1443 1289 καὶ
1459 1263 1565 1298 οὐδαμῆ
1577 1263 1706 1297 ἄπειρον,
1720 1262 1783 1289 οὒτε

981 1308 1096 1343 δυνάμει
1130 1307 1192 1335 οὔτε
1218 1309 1303 1344 ἔργῳ.
1328 1309 1373 1343 Τῷ
1396 1309 1419 1336 δ’
1434 1309 1556 1344 αίσθητῷ
1584 1309 1653 1344 τῷδε
1685 1310 1784 1344 κόσμῳ

984 1354 1034 1388 τὴν
1049 1354 1177 1388 ἀπειρίαν
1193 1355 1242 1390 ἢδη
1258 1356 1296 1387 ὡς
1309 1355 1447 1390 ἐνδέχεται
1465 1355 1643 1389 ἐγγεγονέναι
1662 1355 1710 1381 διὰ
1733 1357 1781 1389 τήν

983 1400 1060 1436 ὕλην,
1079 1397 1095 1438 ᾖ
1109 1400 1224 1436 πρώτως
1255 1401 1285 1428 τδ
1311 1401 1425 1436 ἄπειρον
1442 1401 1598 1436 πρόσεστιν,
1612 1401 1718 1427 ὲκεῑῦεν
1729 1402 1780 1436 μὲν

982 1447 1030 1473 καὶ
1059 1446 1163 1481 ταύτην
1194 1446 1310 1482 ἔχουσαν
1342 1447 1392 1482 τὴν
1421 1447 1509 1474 αἰτίαν
1532 1447 1563 1474 οὺ
1579 1447 1629 1482 μέν
1644 1455 1687 1473 τοι
1700 1448 1782 1474 κά.κεῖ

947 1512 968 1542 c
985 1492 1099 1527 ἄπειρον
1121 1491 1212 1520 οὖσαν.
1243 1494 1311 1520 υὺδὶ
1326 1493 1380 1530 γὰρ
1408 1493 1462 1520 τῶν
1479 1493 1543 1528 τῇδε
1566 1493 1665 1526 λόγων.
1683 1493 1780 1526 ἄλογον

986 1540 1068 1566 κάκεῖ
1082 1537 1150 1566 εἶναι
1164 1540 1194 1566 τὸ
1207 1537 1287 1571 εἶδος,
1299 1539 1359 1565 οὐδέ
1376 1547 1408 1573 γε
1419 1539 1473 1566 τῶν
1485 1539 1666 1573 κινουμένων,
1689 1539 1780 1565 κινούο

989 1593 1078 1620 μενον.
1092 1584 1153 1611 Τῶν
1168 1592 1199 1619 γε
1218 1585 1272 1620 μὴν
1285 1583 1348 1619 τῇδε
1365 1584 1477 1615 οὐσῶν,
1492 1584 1545 1610 τῶν
1561 1592 1589 1610 τε
1603 1585 1663 1614 ταῖς
1677 1584 1782 1615 οὐσίαις

987 1631 1049 1659 καθ’
1061 1632 1130 1659 αὑτὰ
1141 1633 1297 1667 προσόντων
1308 1632 1355 1659 καὶ
1370 1632 1489 1666 σχέσεων
1504 1632 1562 1658 ἐκεῖ
1578 1628 1650 1657 εἶναι
1677 1633 1710 1658 τὰ
1722 1632 1780 1665 εἴδη

988 1687 1017 1705 τε
1037 1679 1085 1705 καὶ
1105 1678 1317 1713 παραδείγματα
1329 1678 1383 1703 τῶν
1400 1677 1450 1711 μὲν
1466 1677 1596 1712 σχέσεων,
1616 1678 1658 1703 ὅτι
1672 1677 1732 1703 οὐδὲ.
1746 1678 1780 1703 τινα

989 1724 1070 1752 κάκεῖ
1086 1724 1188 1759 ἄσχετα
1201 1725 1268 1759 πρὸς
1280 1724 1393 1758 ἀλληλα.
1403 1724 1464 1750 Τῶν
1476 1722 1523 1751 οὖν
1533 1725 1592 1750 ἐκεῖ
1605 1724 1722 1758 σχέσεων
1732 1725 1781 1755 τὰς

989 1772 1052 1806 τῇδε
1077 1768 1203 1798 δεῐ.εῐναι
1218 1770 1337 1803 εἰκόνας,
1355 1769 1410 1796 τῶν
1439 1769 1468 1795 δὲ
1485 1770 1650 1804 προσόντων,
1671 1770 1711 1796 δτι
1725 1770 1781 1796 οὐδ’

991 1817 1056 1844 ἄνευ
1092 1817 1249 1851 προσόντων
1278 1817 1370 1844 τάκεῖ,
1389 1816 1442 1842 Τοῦ
1462 1816 1511 1851 μὲν
1527 1816 1581 1851 γὰρ
1610 1816 1777 1852 ὕπερουσίου

991 1864 1050 1896 ἐνὸς
1067 1863 1114 1890 ἅτε
1133 1863 1224 1898 ἄκρως
1240 1862 1298 1893 ὲνὸς
1311 1861 1387 1893 ὄντος
1401 1861 1462 1888 οὒτε
1477 1862 1582 1894 οὐσίαν,
1595 1861 1657 1888 οὒτε
1672 1862 1779 1896 προσὸν,

991 1908 1054 1935 οὔτε
1085 1909 1240 1942 ἐνέργειαν,
1272 1907 1335 1934 οὒτε
1365 1907 1482 1942 δύναμιν
1511 1906 1709 1941 διακεκρίσθαι.
1721 1907 1779 1933 Τῶν

991 1955 1018 1982 δὲ
1040 1955 1118 1981 είδῶν
1143 1963 1172 1981 τε
1192 1955 1238 1981 καὶ
1256 1953 1309 1982 νῶν
1326 1953 1429 1981 τούτων
1456 1953 1504 1980 ἅτε
1525 1954 1575 1980 οὐκ
1591 1953 1687 1988 ὲκείνῳ
1701 1962 1778 1987 παρι-

993 2001 1147 2034 σουμέιων,
1164 2000 1301 2034 προσόντα
1316 2000 1365 2035 μὲν
1379 2000 1474 2031 οὐσίας
1493 2000 1691 2034 διακεκρίσθαι,
1705 2000 1777 2035 ὲνιρ-

992 2048 1068 2082 γεέας
1078 2048 1106 2074 δὲ
1118 2047 1234 2081 δύναμιν
1245 2046 1361 2077 οὐδέπω,
1377 2045 1444 2073 ἀλλὰ
1459 2047 1514 2077 τοῖς
1530 2045 1592 2080 τῇδε
1607 2044 1658 2080 ήδη
1669 2045 1732 2080 πρὸς
1746 2046 1776 2077 τῇ

993 2094 1076 2130 ἑτέρᾳ
1091 2091 1138 2121 καὶ
1151 2093 1251 2127 ταύτην
1270 2093 1319 2128 τὴν
1336 2092 1471 2127 διάκρισιν
1486 2091 1671 2120 ἀποδίδοσθαι.
1703 2092 1776 2117 Ὠστ’

994 2140 1029 2167 ἂν
1044 2140 1125 2166 τάκεῖ
1149 2140 1240 2174 μέσως
1252 2147 1309 2170 πως
1336 2138 1408 2172 ἔχειν
1421 2138 1468 2165 τοῦ
1484 2147 1514 2164 τε
1529 2136 1690 2173 ὺπερουσίου
1702 2137 1756 2168 te;
1767 2158 1774 2170 ,

958 2195 978 2221 θ
995 2187 1042 2212 καὶ
1066 2186 1121 2212 τῶν
1148 2186 1211 2220 τῇδε
1234 2185 1281 2211 καὶ
1296 2184 1446 2219 αἰσθητῶν.
1460 2181 1511 2210 Οἷα
1528 2182 1578 2218 μὲν
1592 2180 1639 2209 οὖν
1652 2182 1696 2209 καὶ
1707 2183 1774 2212 ὅπως

995 2232 1091 2267 ἔχοντα
1105 2232 1139 2258 τὰ
1152 2231 1223 2265 εἴδη,
1246 2232 1270 2257 οἱ
1288 2230 1425 2264 τιθέμενοι
1442 2229 1565 2261 αξιοῦσιν
1579 2227 1661 2259 εἶναι,
1674 2228 1772 2262 εἰρηται

995 2279 1063 2314 ἡμῖν
1099 2277 1136 2309 ὼς
1166 2277 1210 2303 διὰ
1240 2276 1420 2312 βραχυτάτων
1439 2284 1468 2302 τε
1488 2276 1535 2302 καὶ
1564 2275 1593 2301 ἐν
1623 2274 1770 2308 κεφαλαίοις

995 2325 1094 2351 εἰπεῖν.
1116 2324 1189 2360 Πρὸς
1203 2321 1249 2350 οὖν
1266 2323 1300 2349 τὰ
1322 2322 1530 2358 Ἀριστοτέλους
1546 2321 1598 2356 ἠδη
1614 2321 1770 2355 ἀπαντητέον

995 2372 1028 2399 ἂν
1043 2372 1097 2405 εἴη.
1117 2371 1194 2397 Kurd
1219 2379 1248 2397 τε
1270 2370 1323 2404 γὰρ
1339 2369 1402 2400 τοὺς
1424 2368 1520 2402 λόγους
1537 2367 1592 2393 τῶν
1614 2367 1768 2402 ἐπιστημῶν,

995 2419 1071 2444 ἔσται
1095 2418 1152 2453 εῐδη
1177 2417 1286 2443 πάντων
1311 2417 1436 2450 ὅσωνπερ
1451 2415 1498 2442 καὶ
1529 2414 1677 2448 ἐπιστῆμαί
1699 2415 1766 2446 εἰσιν,

996 2464 1075 2497 εἴπερ
1092 2463 1242 2498 ἐπιστῆμαι
1253 2462 1306 2489 τῶι
1329 2461 1391 2488 καθ’
1406 2461 1476 2487 αὐτὰ
1492 2460 1535 2487 ἀεί
1549 2461 1614 2486 εἶσι.
1628 2460 1681 2486 Καὶ
1694 2460 1717 2486 εί
1728 2468 1764 2485 τοι

996 2510 1077 2537 πάλιν
1094 2510 1147 2536 τῶν
1163 2509 1225 2536 καθ’
1246 2509 1318 2536 αὐτὰ
1336 2508 1491 2543 προσόντων
1505 2507 1585 2536 εἰσὶν,
1602 2506 1653 2541 οὐχ
1663 2505 1686 2531 οῖ
1699 2514 1724 2539 γε
1737 2506 1766 2532 -:'1

998 2558 1055 2590 εἴδη
1071 2557 1210 2592 τιθέμενοι
1224 2556 1371 2589 ὀκνήσουσι
1389 2554 1427 2589 μὴ
1438 2553 1569 2581 ἁπάντων
1585 2552 1685 2578 τούτων
1696 2552 1764 2586 φάνσι

998 2603 1070 2631 εἶναι
1082 2604 1151 2637 εἴδη,
1167 2603 1197 2629 οὐ
1212 2603 1263 2637 μέν
1282 2610 1324 2628 τοι
1338 2600 1472 2631 ὡσαύτως
1489 2600 1611 2626 πάντων.
1634 2598 1706 2625 Ἀλλὰ
1719 2598 1762 2623 τῶν

999 2650 1049 2685 μὲν
1073 2651 1101 2681 ἐς
1134 2648 1331 2684 πεπερασμένα
1358 2646 1415 2680 εἴδη
1435 2646 1468 2672 τὰ
1493 2644 1558 2680 τῇδε
1571 2644 1763 2679 διακρινομένων

998 2696 1027 2723 ἓν
1044 2696 1087 2730 ἐφ’
1105 2696 1214 2730 ἑκάστῳ
1241 2695 1310 2728 εἴδη,
1336 2692 1391 2719 τῶν
1406 2692 1434 2718 δὲ
1461 2693 1489 2723 ἐς
1516 2691 1646 2727 ἀπειρίαν
1669 2691 1710 2725 ήδη
1725 2691 1762 2715 ἐκ·

998 2742 1166 2774 πιπτόντων,
1180 2741 1209 2767 ἓν
1225 2742 1272 2767 ἐπὶ
1288 2741 1356 2767 πᾶσι
1373 2741 1429 2770 τοῖς
1453 2739 1590 2773 ἀπείροις.
1611 2737 1704 2763 Αὐτίκα
1718 2739 1761 2770 γὰρ

998 2790 1036 2824 τῷ
1059 2789 1122 2824 τῇδε
1152 2787 1261 2823 ἀριθμῷ
1289 2787 1370 2813 παντὶ
1396 2785 1440 2812 διὰ
1467 2785 1518 2819 τὴν
1548 2783 1682 2817 ἀπειρίαν,
1699 2782 1760 2807 ἓντὴ

1000 2837 1058 2863 hui
1074 2834 1142 2867 εἶδος
1161 2836 1306 2869 ἐφιστᾶσιν
1321 2833 1422 2860 ἑνιαῖόν
1438 2839 1465 2858 τε
1482 2831 1530 2858 καὶ
1547 2830 1608 2857 καθ’
1629 2829 1657 2855 ἓν
1673 2830 1758 2856 ἅπαντα
