1864 3056
16 151 72 183 921

370 155 420 186 DE
438 156 654 188 PLATONICA
675 158 723 188 ET
743 159 1029 191 ARISTOTELICA
1051 162 1316 192 PHILOSOPHIA

1587 160 1653 191 1‘22

1638 183 1653 191 .4

18 209 159 244 περιέχον
176 209 211 235 τὰ
228 211 267 245 τῷ
282 212 344 247 τῇδε
359 213 468 248 ἀριθμῷ
488 215 705 250 διακεκριμένως
720 226 750 243 τε

918 217 937 246 ἰ.
953 217 1093 253 Siquidem
1110 218 1246 252 ejusmodi
1273 219 1392 252 plurium
1422 225 1565 245 causarum
1587 226 1652 245 con-

18 254 89 280 an’
107 255 180 281 αὐτὰ
198 255 396 290 συμϐαίνοντα.
413 259 468 286 Καὶ
487 260 533 286 ἐπὶ
550 261 605 298 τῶν
615 263 670 292 τοῖς
680 262 816 296 μεγέθεσι

18 301 236 334 συμϐαινόντων
251 302 381 335 ὡσαύτως
391 304 435 337 ἂν,
448 304 478 332 ἓν
488 306 518 332 τὸ
528 306 587 333 ἐκεῖ
593 305 663 338 εἶδος
675 307 723 334 τοῦ
738 309 820 342 μεγέ-

18 346 104 380 θους,
122 348 169 374 xal
185 349 300 383 ἀμερές.
317 349 376 383 ’Δφ“
389 348 426 377 ὦν
438 351 488 386 τὴν
504 351 595 386 ψυχὴν
607 353 819 388 ὲλλαμπομένην

17 392 70 418 τὸν
104 393 307 428 μαθηματικὸν,
338 396 464 430 ἀριθμὸν,
502 398 552 424 καὶ
569 398 751 433 μαθηματικὰ
772 408 820 434 με·

17 438 95 472 γέθη
116 439 233 474 ἐκτάδην
249 440 429 476 ὑποδέχεσθαι
445 443 524 474 σκιάς
540 452 570 469 τε
586 443 633 470 καὶ
644 444 742 471 εἴδωλα
756 454 819 479 νοη-

19 484 81 510 τῶν
100 484 168 511 ὄντα
183 481 200 522 ᾖ
217 485 250 512 τὰ
265 487 329 521 τῇδε
350 487 379 514 ἐν
395 496 425 514 τε
446 487 539 515 ὕδασιν
559 489 656 516 εἴδωλα
675 491 722 517 καὶ
743 492 819 518 σκιαὶ

18 530 79 555 τῶν
101 531 242 566 αίσθητῶν
256 532 325 568 πρὸς
340 533 409 560 αὐτὰ
436 535 471 561 τὰ
492 535 623 570 αἰσθητά.
639 537 695 563 Καὶ
713 537 762 571 μὲν
786 537 818 573 δὴ

21 577 72 603 καὶ
95 577 134 604 τὰ
153 578 199 604 ὑπ’
211 578 365 614 ἀνθρώπων
383 582 520 608 σκευαστὰ
545 582 632 609 ταῦτα
657 583 686 610 ἐν
707 583 746 618 τῷ
762 585 820 610 ἐκεῖ

23 631 115 655 φασιν
127 623 274 658 ἀνθρώπου
292 625 357 652 εῐδσι
384 627 446 653 καθ’
473 627 502 654 ἓν
528 629 716 663 περιέχεσθαι.
735 629 818 657 ὀοεν

23 671 56 703 τῇ
75 670 188 707 διανοίᾳ
205 672 269 703 τοὺς
284 673 469 708 δημιουργοὺς
491 674 560 701 ἀλλὰ
578 675 676 707 ἄλλους
687 677 818 711 ὑποδεχο-

29 716 153 748 μένους,
180 716 228 743 καὶ
254 717 385 752 διαιοητὰ
399 720 533 755 πρότερον
553 721 582 748 ὲν
594 721 702 753 ἑαυτοῖς
717 722 751 749 τὰ
765 723 819 749 τῶν

24 761 137 788 σκευῶν
152 761 211 796 εἴδη
224 762 342 791 ἕκαστον
368 765 646 800 διαμεμορφωκότας,
663 767 739 794 οὕτω
761 770 820 800 τοῖς

23 806 171 842 αἰσθητοῖς
189 809 334 844 ἐγχειρεῖν.
360 811 428 846 Περὶ
442 811 470 838 δὲ
485 812 539 838 τῶν
554 813 626 840 κατὰ
646 813 820 848 συμϐεϐηκὸς

26 852 222 887 γιγνομὲνων,
238 854 330 881 εῐποτε
342 855 390 882 καὶ
401 855 505 883 τούτων
521 856 618 890 ὲπιστή
625 866 660 892 μη
673 866 715 888 τις
731 858 821 891 γένοι-

24 906 65 931 το,
84 898 184 934 ἐπειδὴ
203 899 238 926 τὰ
253 900 366 927 τοιαῦτα
388 901 519 928 πλειόνων
534 903 628 929 αἰτίων
639 903 739 937 συνόδῳ
753 903 821 929 ἁπο-

25 944 132 978 ϐῖίνει,
151 943 190 972 ὧν
204 946 239 972 αὖ
259 946 376 973 ἕκαστον
391 948 482 974 ἐκεῖσε
504 949 701 982 ἀναφέρεσθαι,
716 949 821 976 ἐκεῖθεν

27 993 76 1019 καὶ
100 993 168 1028 περὶ
183 993 288 1020 τούτων
303 994 353 1029 τὴν
365 995 454 1030 ψυχὴν
463 995 675 1030 ὲλλαμπομένην
690 997 819 1024 κτᾶσθαι.

25 1038 125 1065 Ταῦτα.
147 1039 199 1074 μὲν
223 1037 269 1067 οὖν
285 1039 353 1075 πρὸς
369 1040 434 1072 τοὺς
451 1041 505 1067 τῶν
523 1040 684 1076 ἐπιστημῶν
703 1042 821 1076 φήσουσι

27 1085 142 1118 λόγους.
166 1086 236 1119 Πρὸς
250 1086 276 1112 δὲ
293 1086 324 1112 τὸ
341 1086 411 1112 κατὰ
429 1086 460 1112 τὸ
471 1086 500 1112 ἓν
518 1087 564 1113 ἐπὶ
580 1086 687 1113 πολλῶν
701 1087 750 1113 καὶ
767 1087 821 1114 τῶν

27 1133 219 1166 ἀποφάσεων,
237 1133 314 1159 οὐδὲν
340 1133 490 1166 ἀναγκαῖον
515 1133 752 1168 συμπεραίνεσθαι
770 1134 822 1168 φή-

29 1188 123 1206 σουσι.
139 1179 175 1205 Τὸ
195 1179 251 1214 γάρ
273 1187 316 1206 τοι
339 1179 485 1214 ἀνθρώπου
503 1180 548 1206 ὲκε
557 1181 597 1206 ἶνο
613 1178 693 1212 εἶδος,
714 1177 754 1211 οἷς
771 1179 821 1214 μὲν
840 1175 843 1182 “

28 1224 61 1250 ἂν
92 1226 253 1260 προσνείμῃ
280 1225 377 1257 ἑαυτὸ,
396 1225 502 1256 τούτοις
520 1225 570 1260 μὲν
589 1226 637 1252 τοῦ
664 1226 820 1260 ἀνθρώποις

29 1269 99 1298 εἶναι
118 1271 208 1298 αἴτιον
228 1269 309 1304 εἶναι,
328 1270 368 1303 οἷς
383 1272 417 1298 ηδ’
433 1272 466 1299 ἂν
484 1272 521 1307 μὴ
552 1272 631 1299 ἑαυτὸ
654 1273 821 1309 προσνείμῃ,

28 1319 119 1346 ταῦτα
134 1319 157 1345 δ’
171 1319 222 1345 οὐκ
237 1320 393 1354 ἀνθρώποις
410 1319 562 1347 λείπεσθαι.
582 1320 653 1354 Πρὸς
671 1320 699 1346 δὲ
718 1321 748 1346 τὸ
766 1330 822 1347 κα-

28 1366 141 1392 τανοεῖν
154 1373 181 1391 τι
196 1365 359 1399 φθαρέντος,
383 1365 437 1392 τῶν
455 1365 594 1400 φθαρτῶν,
612 1365 705 1392 ἰκανὸν
720 1366 822 1400 φήσου-

30 1420 72 1437 σιν
97 1409 170 1438 εἶναι
187 1411 218 1438 τὸ
235 1411 266 1438 ἓν
289 1412 378 1438 ἐκεῖνο
394 1409 466 1446 εἶδος
481 1411 512 1437 τὸ
530 1411 575 1438 ἐπὶ
588 1413 657 1438 πᾶσι
676 1412 732 1443 τοῖς
747 1411 775 1438 ἐν
787 1412 820 1447 τῇ

28 1457 97 1492 αὐτῇ
118 1457 176 1493 ἰδέᾳ
189 1457 319 1492 φθαρτοῖς
335 1457 431 1492 ὥσπερ
446 1465 498 1483 που
519 1456 555 1491 μὴ
571 1457 704 1491 πρότερον
722 1455 751 1483 ὃν
768 1465 821 1482 πα-

29 1503 116 1536 ράγον
135 1502 262 1534 ἕκαστον,
282 1502 353 1529 οὕτω
378 1503 426 1529 καὶ
443 1503 615 1537 ἐφθαρμένον
640 1502 756 1528 ἑκάστου
784 1503 823 1529 εἰ-

869 272 951 291 cursu
974 265 1017 292 hic
1039 264 1186 296 eveniant,
1210 268 1327 298 quarum
1346 271 1515 299 unaquaeque
1540 265 1602 291 illnc
1620 265 1654 291 sit

871 310 1022 343 referenda,
1038 315 1119 345 alque
1144 311 1199 337 illic
1215 311 1283 337 nihil
1303 319 1361 338 esse
1382 318 1494 345 prorsus
1508 331 1514 342 ,
1531 312 1601 344 quod
1619 312 1653 338 sit

870 363 951 383 causa
985 364 1075 384 rerum
1101 357 1328 391 contingentium.
1344 357 1397 383 Sed
1423 364 1473 383 nec
1488 357 1652 383 inﬁnitarum

872 394 963 430 rerum
987 403 1107 436 privatas
1130 403 1304 438 singulasque
1323 403 1379 430 illic
1401 403 1515 430 inveniri
1545 411 1653 435 causas,

871 456 966 476 eorum
981 456 1100 483 namque
1117 449 1256 478 omnium.
1280 456 1340 483 qua!
1367 448 1411 475 hic
1435 449 1468 475 ad
1493 449 1653 481 inﬁnitatem

869 494 1014 529 quamdam
1034 494 1168 524 recidunt.
1182 494 1289 521 unicam
1303 494 1358 520 illic
1373 501 1433 521 esse
1449 494 1579 528 speciem,
1595 503 1656 528 qua:

870 547 960 568 causa!
983 540 1118 567 rationem
1145 540 1270 571 obttnet,
1296 540 1514 575 quandoquidem
1538 548 1569 567 ea
1595 548 1656 575 qua:

871 587 925 615 illic
939 592 1014 620 sunt,
1039 586 1182 615 inﬁnitatis
1196 588 1265 621 eius,
1284 595 1344 622 quae
1365 584 1398 614 5d
1415 588 1595 622 quantitatem
1613 596 1656 614 re-

870 634 968 665 fertur,
992 635 1105 662 omnino
1121 635 1176 662 sint
1198 635 1331 668 expertia,
1350 636 1405 663 imo
1428 635 1509 662 etiam
1533 642 1658 662 summus

871 681 917 708 ille
935 681 1006 708 Deus
1019 681 1066 716 qui
1081 681 1154 708 omni
1175 681 1292 708 essentia
1309 688 1342 708 ac
1357 685 1453 707 natura
1473 681 1600 714 superior
1614 685 1658 707 est

870 735 902 755 ac
917 727 1071 758 sublimior,
1085 727 1119 754 ab
1137 717 1210 754 o'mni
1228 734 1341 761 prorsus
1365 724 1537 753 multitudine
1559 726 1660 753 abhor»

871 778 941 804 reat,
965 780 1062 807 nempe
1091 773 1136 807 qui
1161 781 1232 800 unus
1262 773 1298 800 sit
1329 773 1552 807 exquisitissime.
1584 772 1654 800 Huic

872 826 937 846 vero
972 819 1136 854 intelligibiii
1167 819 1268 846 mundo
1303 819 1361 846 sive
1397 818 1541 853 apparatni
1575 826 1653 845 sttam

837 890 858 917 Β
873 865 982 899 quidem
994 865 1048 897 iam
1067 865 1157 892 inesse
1167 863 1366 892 nmltitndinem
1379 864 1424 890 sed
1441 863 1542 890 ﬁnitam
1555 867 1658 895 tamen,

872 916 900 938 et
919 918 980 945 quze
1001 910 1074 938 nullo
1092 910 1172 937 modo
1190 909 1323 936 inﬁnitam
1339 908 1425 943 possit
1440 908 1582 942 appellari,
1597 909 1658 936 sive

873 956 1003 990 polentia,
1025 956 1082 983 sive
1097 960 1170 983 actu.
1188 955 1216 982 id
1232 955 1304 990 quod
1330 955 1358 982 in
1379 954 1538 988 conspicuo.
1565 955 1656 981 sensi-

872 1000 978 1035 husque
1009 999 1132 1034 subjecto
1165 1000 1215 1027 hoc
1232 999 1335 1027 mundo
1348 1000 1428 1026 aliter
1458 1007 1487 1027 se
1504 999 1597 1029 habet.
1613 1000 1659 1032 qui

873 1045 1034 1072 inﬁnitatem
1057 1045 1114 1079 jam
1135 1045 1292 1080 quamdam,
1323 1048 1458 1079 quatenus
1488 1044 1561 1071 illam
1581 1052 1659 1071 com-

877 1090 960 1125 plecti
982 1095 1084 1125 potest,
1115 1091 1237 1117 innatam
1264 1089 1345 1116 habet
1365 1093 1474 1124 propter
1505 1090 1657 1123 materiam,

836 1160 838 1164 ,
873 1135 917 1163 cui
949 1135 1057 1170 propria
1089 1136 1207 1170 quadam
1238 1136 1344 1162 ratione
1374 1134 1496 1161 inﬁnitas
1533 1135 1659 1170 quaedam

854 1215 857 1220 _
873 1182 1005 1213 adhaeret,
1027 1189 1109 1216 quam
1126 1181 1213 1215 ipsam
1234 1181 1346 1208 materia
1361 1180 1470 1215 quidem
1486 1187 1541 1207 non
1551 1180 1660 1208 aliunde

873 1236 954 1263 quam
970 1227 1045 1255 illinc
1058 1227 1150 1260 traxit,
1177 1227 1224 1255 sed
1241 1226 1299 1253 illic
1316 1232 1405 1253 tamen
1419 1225 1525 1253 inﬁnita
1542 1234 1594 1253 non
1613 1234 1660 1253 ex-

873 1274 959 1307 sistit,
980 1281 1068 1308 neque
1086 1274 1158 1300 enim
1173 1273 1253 1300 etiam
1271 1281 1360 1300 rerum
1373 1273 1584 1304 irrationalinm,
1599 1280 1660 1307 quae

872 1320 916 1347 hic
929 1319 1072 1351 habentur,
1104 1319 1207 1353 species
1219 1319 1273 1345 illic
1287 1318 1451 1345 irrationalis
1477 1318 1593 1344 habetur
1616 1319 1658 1346 vel

873 1373 967 1393 rerum
983 1365 1026 1393 hic
1037 1365 1188 1397 mobilium,
1207 1364 1311 1398 species
1333 1364 1387 1391 illic
1404 1363 1520 1394 mobilis,
1535 1365 1660 1398 quamvis

872 1411 1062 1442 essentiarum,
1075 1418 1135 1445 qua:
1147 1410 1184 1437 ita
1199 1410 1243 1437 hic
1258 1410 1436 1444 appellantur,
1452 1414 1478 1436 et
1493 1417 1587 1438 eortnn
1601 1417 1661 1444 qua:

873 1456 1000 1484 essentiis
1016 1463 1064 1490 per
1075 1463 1103 1482 se
1117 1455 1256 1481 adiuuent
1271 1458 1298 1481 et
1313 1455 1515 1487 habitudinum,
1535 1455 1589 1482 illic
1605 1455 1661 1482 sint

874 1507 901 1529 et
915 1501 1020 1536 species
1052 1504 1077 1528 et
1105 1499 1271 1534 exemplaria
1308 1499 1507 1527 ilabitndimnn
1536 1500 1660 1534 quidem,

29 1549 95 1575 κόνα
120 1550 151 1575 ὲν
173 1549 235 1579 ταῖς
249 1548 305 1575 τῶν
330 1548 462 1575 νοούντων
476 1556 503 1574 τι
519 1548 558 1574 ἔτι
575 1548 640 1583 περὶ
655 1547 750 1580 αὐτοῦ,

926 1552 1031 1582 pterea,
1046 1546 1119 1582 quod
1157 1545 1200 1582 il_la
1234 1553 1342 1580 quoque
1362 1553 1421 1580 qua:
1449 1546 1503 1573 illic
1525 1546 1661 1573 habentur

30 1596 88 1629 χαις
102 1595 289 1627 ἀνακαινίςον.
304 1594 375 1629 Πρὸς
393 1595 443 1629 μὲν
458 1594 505 1621 οὖν
519 1594 606 1621 ταῦτα
626 1594 680 1622 τῶν
700 1595 822 1629 Ἀριστο-

28 1641 127 1672 τέλους
163 1641 251 1667 ταῦτα
275 1641 299 1667 οί
317 1640 351 1667 τὰ
381 1640 439 1676 εῐδη
459 1640 596 1675 τιθέμενοι
610 1641 754 1676 φήσουσιν,
777 1641 824 1667 οὒ-

30 1687 72 1713 etv
97 1687 203 1722 ἀπᾷδον
227 1686 282 1713 τῶν
308 1686 413 1713 ἑαυτῶν
431 1686 585 1713 ὑποθέσεων
603 1686 740 1719 λέγοντες.
763 1686 824 1713 Ἴω-

33 1743 81 1768 μεν
110 1734 139 1760 δὲ
166 1734 198 1768 δή
217 1734 263 1760 καὶ
280 1733 326 1760 ἐπὶ
340 1733 396 1760 τῶν
422 1733 485 1770 ἑξῇς
506 1733 541 1760 τὰ
557 1733 636 1768 λόγου
653 1734 727 1764 τινὸς
742 1733 824 1766 diu?

33 1780 64 1806 Ἐ
84 1789 93 1806 ι
108 1779 254 1813 συμϐαίνει
269 1779 306 1814 μὴ
321 1780 368 1814 τὴν
381 1779 464 1807 δυάδα
476 1779 587 1815 πρώτην
601 1777 682 1812 εἶναι,
696 1779 763 1806 ἀλλὰ
777 1779 823 1805 τὸν

31 1825 160 1861 ἀριθμόν.
176 1826 232 1853 Καὶ
254 1826 292 1858 τί,
309 1826 439 1862 φήσουσι,
464 1825 592 1856 κωλύσει,
617 1827 664 1852 τὴν
690 1825 739 1858 μὲν
763 1826 822 1851 ὲκεῐ

31 1872 150 1906 ἀριθμὸν
163 1873 211 1898 καὶ
227 1872 328 1899 ἑνιατον
346 1872 393 1898 καὶ
408 1871 494 1905 αὐτῆς
511 1872 558 1906 τῆς
575 1871 670 1901 δυάδος
689 1871 822 1906 πρότερον

32 1915 121 1950 sint;
134 1917 184 1952 τὴν
196 1917 225 1943 δὲ
237 1917 319 1943 δυάδα
332 1916 380 1943 τοῦ
397 1915 459 1952 τῇδε
477 1916 596 1950 ἐκτάδην
610 1914 729 1950 ἀριθμοῦ
746 1915 822 1950 πρώ-

30 1970 94 1998 την;
106 1963 169 1989 Ἔτι
181 1962 274 1997 φησὶν,
286 1962 318 1988 Εἰ
331 1962 367 1996 μὴ
379 1962 450 1988 κατὰ
459 1960 632 1996 συμϐεϐηκὸς
646 1962 680 1987 τὰ
691 1961 746 1996 εῐδη
762 1969 822 1995 μετι

32 2010 136 2044 ἔχεται,
150 2008 206 2035 τῶν
219 2008 319 2035 οὐσιῶν
334 2007 366 2034 ἂν
378 2008 422 2042 εἴη
437 2007 536 2042 μόνων.
560 2007 630 2034 Ἀλλ’
641 2007 665 2033 εί
680 2007 718 2042 μὴ
735 2007 820 2033 ᾶπαν-

31 2064 72 2088 τα,
94 2057 176 2091 φαῖεν
191 2056 236 2088 ἂν,
248 2055 308 2090 ἦτοι
320 2055 408 2081 οὐσίαι
425 2052 506 2090 ἦσαν,
523 2054 539 2090 ἢ
556 2053 627 2081 κατὰ
645 2053 820 2089 συμϐεϐηκὸς

32 2105 89 2135 ταῖς
103 2102 211 2133 οὐσίαις
227 2101 432 2136 προσεγίγνετο,
446 2099 518 2135 elixa;
531 2099 564 2127 ἄν
578 2108 640 2126 τινα
652 2100 717 2130 fdo);
729 2099 821 2133 χώραν

33 2149 46 2175 δ
60 2150 125 2185 φῄς.
141 2147 199 2175 Νῦν
225 2147 249 2173 δ’
264 2147 349 2173 ὄντων
365 2146 457 2177 τινῶν,
474 2145 491 2172 ἃ
519 2145 565 2172 καὶ
595 2144 657 2171 καθ’
671 2144 740 2171 αὐτὰ
761 2145 822 2175 ταῖς

35 2196 138 2226 οὐσίαις
153 2193 296 2228 πρόσεστι,
312 2192 338 2218 τί
353 2192 391 2218 ἔτι
406 2200 446 2217 σοι
458 2191 571 2217 δύναται
587 2191 616 2217 τὸ
630 2190 818 2225 ὲπιχείρημας

876 1593 978 1620 nullam
999 1600 1053 1620 non
1072 1591 1188 1618 habeant
1229 1591 1300 1618 inter
1327 1598 1357 1618 se
1378 1591 1564 1618 habitudinem
1580 1595 1662 1625 atque

875 1639 1094 1668 convenientiam
1107 1648 1114 1665 :
1128 1646 1221 1666 earum
1239 1638 1320 1673 igitur
1334 1645 1395 1673 qua:
1411 1638 1465 1665 illic
1480 1641 1553 1668 sunt,
1583 1636 1661 1663 habi-

875 1690 1009 1722 tudinum,
1020 1690 1069 1717 has
1081 1689 1191 1719 alteras.
1209 1695 1271 1722 quae
1298 1686 1343 1713 hic
1375 1689 1449 1715 sunt,
1470 1687 1578 1717 oportet
1601 1689 1662 1709 esse

882 1736 1016 1770 imagines
1033 1739 1114 1770 atque
1131 1733 1289 1762 simulacra.
1305 1731 1415 1757 lllormn
1435 1736 1500 1756 vero
1524 1735 1585 1763 qure
1614 1735 1662 1762 per

874 1781 1038 1810 seessentiis
1069 1780 1209 1807 adhaerent
1229 1784 1289 1804 eam
1315 1776 1349 1803 ob
1362 1782 1488 1805 causam,
1518 1778 1661 1808 propterea

873 1828 944 1864 quod
961 1835 1014 1854 non
1030 1826 1089 1854 sine
1103 1825 1160 1852 suis
1176 1823 1316 1859 adiunctis
1346 1824 1429 1855 atque
1453 1818 1594 1846 attributis
1626 1826 1659 1845 ea

873 1881 982 1908 quoque
996 1879 1056 1906 qua:
1068 1870 1125 1898 illic
1139 1873 1204 1897 sunt
1233 1867 1433 1901 intelligantur.
1462 1865 1530 1892 Nam
1550 1865 1576 1891 in
1613 1864 1661 1891 illo

873 1925 939 1950 uno,
965 1917 1037 1952 quod
1063 1920 1090 1943 et
1115 1922 1223 1942 omnem
1240 1913 1348 1940 excedit
1374 1911 1522 1938 essentiam
1535 1914 1561 1937 et
1576 1917 1659 1936 unum

873 1966 914 1989 est
929 1960 1144 1995 exquisitissima
1161 1958 1280 1990 ratione,
1309 1963 1398 1989 neque
1413 1955 1558 1982 essentiam
1572 1961 1660 1988 neque

873 2007 1032 2035 attributum
1046 2012 1134 2039 neque
1149 2010 1250 2038 actum,
1268 2010 1356 2035 neque
1364 2002 1513 2037 potentiam
1530 2000 1661 2028 discerni.

872 2054 901 2081 in
917 2053 1011 2081 formis
1040 2057 1130 2080 autem
1149 2055 1232 2086 atqtte
1261 2050 1399 2077 mentibus
1415 2048 1470 2076 illis
1498 2047 1532 2075 de
1560 2046 1664 2082 quibus

874 2107 1026 2129 sermonem
1045 2097 1171 2129 facimus,
1190 2105 1251 2132 qua:
1266 2096 1303 2123 illi
1325 2102 1433 2123 summo
1448 2102 1503 2121 non
1537 2097 1602 2121 sunt
1613 2100 1662 2127 pa-

873 2154 916 2173 res
932 2145 1062 2172 attributa
1080 2144 1189 2179 quidem
1215 2144 1250 2171 ab
1270 2142 1388 2170 essentia
1406 2140 1545 2175 distingui,
1566 2143 1660 2173 puten-

873 2193 938 2219 tiam
951 2198 1016 2218 vero
1029 2190 1063 2217 ab
1076 2194 1138 2217 actu
1154 2192 1338 2223 nequaquam.
1357 2186 1409 2213 Sed
1438 2185 1464 2211 in
1485 2185 1526 2211 his
1544 2191 1604 2218 qme
1617 2183 1662 2209 hic

35 2242 120 2268 καίτοι
149 2240 198 2267 καὶ
212 2240 237 2266 εί
253 2239 299 2266 καὶ
313 2238 403 2265 αὐτῶν
418 2238 473 2264 τῶν
496 2237 565 2264 κατὰ
585 2235 759 2270 συμϐεϐηκὸς

924 2242 1004 2265 entur
1021 2236 1125 2264 naturis
1136 2241 1233 2263 cuncta
1252 2234 1296 2261 illa
1309 2241 1323 2259 ιι
1344 2241 1373 2260 se
1394 2232 1508 2259 invicem
1527 2229 1659 2264 separari,

35 2287 170 2323 γνομένων
193 2286 317 2317 ἕκαστον,
333 2283 403 2319 πρὸς
431 2283 481 2318 μὲν
506 2283 540 2309 τὰ
563 2283 684 2317 προσεχῆ
708 2282 739 2308 οὐ
757 2281 818 2308 καθ’

35 2334 102 2360 αὐτά
116 2334 203 2364 ἐστιν,
215 2332 282 2362 ὅλως
300 2331 390 2366 μέντοι
404 2330 459 2357 τῶν
472 2329 534 2356 καθ’
547 2329 618 2356 αὐτὰ
630 2329 661 2355 οὐ
676 2327 819 2354 παντάπα-

35 2380 74 2406 σίν
90 2381 165 2406 ἐστιν
179 2376 352 2413 ἀπερρωγὸς,
368 2376 482 2410 ἐπείπερ
500 2374 633 2401 πλειόνων
647 2374 742 2400 αἰτίων
758 2381 820 2398 συν-

35 2427 82 2462 όδῳ
98 2427 131 2452 τὰ
146 2425 262 2453 τοιαῦτα
280 2425 414 2458 γίγνεται.
438 2422 548 2448 Τούτων
572 2420 595 2447 δ’
617 2420 734 2447 ἕκαστον
759 2418 819 2446 καθ’

35 2473 97 2500 αὐτὸ
111 2473 162 2508 δρᾷ
176 2471 190 2498 ὃ
209 2479 235 2497 τι
252 2470 284 2497 ἂν
310 2469 396 2505 δρῴη,
409 2468 465 2495 οὐδ’
483 2467 516 2494 ἂν
534 2468 565 2494 ὲκ
579 2466 683 2493 τούτων
704 2465 820 2492 ἀποϐαί-

37 2528 111 2546 νοντι
138 2519 187 2545 ro)
213 2517 273 2544 καθ’
291 2516 357 2544 αὐτὸ
383 2515 418 2542 ἃν
443 2515 616 2541 παντάπασιν
637 2512 821 2548 ὰπεῤῥωγότα

37 2566 86 2601 εἴη,
99 2565 154 2593 οὐδ’
176 2564 346 2598 ἀκοινώνητα
367 2562 485 2596 πάμπαν
502 2561 536 2587 τὰ
554 2560 625 2587 κατὰ
648 2558 821 2594 συμϐεϐηιὸς

37 2615 87 2645 τοῖς
111 2612 173 2640 καθ’
190 2612 272 2641 αὐτὰ.
299 2610 356 2638 ἀλλ’
374 2609 486 2636 ἐκείνων
514 2608 562 2635 καὶ
586 2607 673 2634 ταῦτα
691 2606 820 2641 ἐχόμενα.

43 2660 163 2687 Ἐπειδὰν
176 2661 230 2695 γὰρ
247 2657 407 2692 Ὀλυμπίων
420 2655 577 2682 ἐνεστώτων
591 2655 605 2680 ό
618 2654 693 2689 ἥλιος
710 2652 819 2686 ἐκλίπῃ,

39 2708 101 2733 κατὰ
123 2706 174 2741 μὲν
187 2705 217 2731 τδ
231 2704 266 2731 τὰ
283 2703 420 2738 Ὀλύμπια
441 2701 615 2735 ἐνεστηκέναι
639 2701 653 2726 ὁ
673 2699 749 2734 ἥλιος
771 2699 822 2724 οὐκ

39 2752 167 2784 ὶξέλιπεν,
181 2751 241 2777 οὐδέ
256 2758 288 2783 γε
303 2749 376 2775 κατὰ
393 2748 422 2774 τὸ
437 2748 483 2773 τον
497 2746 574 2782 ἥλιον
586 2745 774 2772 ἐκλελοιπέναι
788 2744 821 2770 τὰ

45 2798 177 2833 ἀὶλύμπια
189 2797 295 2831 ἐνέστη·
323 2795 393 2822 ὥστε
410 2793 496 2829 ταύτῃ
522 2793 581 2827 μὲν,
599 2792 629 2818 οὐ
652 2790 714 2818 καθ’
731 2789 797 2816 αὐτὸ
809 2790 822 2815 ὁ

41 2842 106 2876 ἣλιος
123 2843 178 2869 τῶν
195 2850 226 2875 γε
247 2841 404 2876 Ὀλυμπίων
429 2838 586 2865 ἐνεστώτων
610 2837 762 2869 ἐκλέλοιπε,
788 2836 821 2862 τά

44 2898 68 2923 τε
86 2890 137 2926 μὴν
153 2889 229 2917 αἴτια.
243 2887 289 2915 τοῦ
304 2888 348 2915 τὸν
365 2887 441 2923 ἥλιον
462 2884 585 2912 ἐκλιπεῖν
602 2882 663 2910 καθ’
682 2882 750 2910 αὐτὶ
772 2883 821 2917 τὴν

873 2287 956 2316 atque
971 2282 1004 2309 ad
1014 2281 1086 2308 illam
1099 2279 1279 2314 superiorem,
1292 2277 1362 2304 hanc
1374 2283 1481 2311 quoque
1494 2275 1661 2310 proximam,

875 2335 936 2362 qua:
965 2327 1016 2354 fuit
1040 2325 1187 2356 utentibus,
1216 2323 1420 2351 distinctionem
1447 2320 1590 2348 accedere.
1627 2318 1664 2346 Ut

871 2375 928 2410 jam
959 2374 1010 2401 hoc
1033 2377 1113 2408 pacto
1138 2379 1200 2407 quae
1231 2370 1286 2398 illic
1316 2373 1390 2401 sunt,
1427 2367 1517 2394 medio
1542 2365 1662 2401 quodam

875 2421 956 2450 modo
971 2428 1000 2448 se
1015 2420 1143 2451 habeant,
1161 2418 1232 2446 inter
1251 2417 1315 2444 illud
1344 2422 1481 2443 summum
1510 2418 1594 2448 atque
1615 2419 1664 2439 su-

875 2465 1050 2502 pernatnrale
1067 2472 1162 2496 unum,
1178 2469 1205 2491 et
1220 2463 1277 2490 haec
1307 2468 1367 2496 quae
1380 2459 1425 2487 hic
1442 2462 1574 2494 apparent
1597 2464 1664 2485 sen-

874 2513 951 2540 sibus
962 2511 1095 2547 potentia.
1112 2509 1171 2538 Jam
1187 2509 1270 2544 igitur
1282 2507 1376 2543 quales
1392 2511 1419 2533 et
1437 2503 1589 2538 cuiusmodi
1601 2509 1667 2530 esse

875 2559 980 2594 species
999 2557 1055 2585 sive
1072 2556 1185 2587 formas,
1204 2555 1223 2582 ii
1255 2553 1423 2584 existiment,
1440 2551 1487 2584 qui
1510 2549 1667 2578 easconsti-

876 2609 967 2636 tuunt,
981 2603 1158 2639 exposuimus
1175 2600 1334 2629 summatim
1348 2602 1376 2625 et
1396 2605 1479 2633 quam
1501 2596 1559 2623 ﬁeri
1576 2594 1668 2629 potuit

875 2651 1043 2679 brevissime.
1061 2649 1138 2676 Nunc
1150 2651 1236 2674 restat
1264 2649 1293 2672 ut
1313 2645 1346 2673 iis
1371 2650 1548 2672 occurramus
1572 2641 1668 2675 objec-

877 2698 1006 2729 tionibns,
1024 2696 1123 2730 quibus
1145 2692 1304 2722 Platonicos
1334 2693 1477 2725 oppugnat
1492 2687 1667 2716 Aristoteles.

877 2743 1032 2770 Secundum
1053 2748 1170 2775 namque
1185 2739 1319 2770 rationes,
1337 2737 1435 2772 inquit,
1457 2743 1517 2770 qum
1533 2742 1565 2761 ex
1578 2732 1670 2760 scien-

878 2788 932 2819 tiis,
944 2787 1049 2822 species
1062 2790 1143 2812 erunt
1155 2784 1291 2814 onmium,
1308 2789 1424 2817 quorum
1456 2778 1579 2807 scientiae
1591 2782 1671 2804 sunt.

877 2833 941 2860 Sive
963 2831 1084 2859 scicntia:
1115 2831 1170 2857 sint
1189 2836 1296 2860 eurum,
1320 2835 1383 2862 quze
1415 2832 1523 2860 semper
1537 2827 1602 2851 sunt
1618 2830 1667 2856 per

878 2879 978 2913 scipsa,
994 2878 1051 2906 sive
1069 2884 1165 2905 rursus
1190 2875 1244 2903 sint
1270 2881 1377 2907 earum,
1403 2879 1463 2908 qua:
1493 2878 1540 2906 per
1572 2867 1663 2903 Scipsa
