1864 3056
190 144 243 174 927

808 131 972 162 GEORGII
995 133 1212 164 PLETHUNIS

1787 132 1845 163 933

268 191 360 219 sensui
377 194 440 218 sunt
460 189 599 224 subjectm,
620 194 666 217 aut
686 189 748 216 aliis
771 189 1004 224 quibuscunquei

1104 199 1161 217 εται
1177 191 1362 226 τελειούμενα.
1377 191 1428 218 Τὸν
1442 191 1492 226 μὲν
1509 191 1556 218 οὖν
1580 190 1657 226 ηλίσυ
1682 192 1749 218 νοῦν
1782 193 1840 217 σὶι

194 246 255 274 qua:
278 243 303 265 et
324 241 486 272 generantur
502 240 529 263 et
554 236 707 263 intereunt?
730 243 818 270 neque
834 235 904 262 enim
921 234 981 262 elﬁ—

193 284 279 314 ciunt,
296 288 326 309 ut
341 282 392 309 illa:
407 281 449 309 vel
469 287 639 312 moveantur,
657 281 698 307 vel
717 284 865 308 mutentur.
883 278 932 306 llic
953 287 983 307 se

192 329 246 363 iam
270 329 358 363 prodit
372 328 543 360 Aristotcles,
567 327 799 361 manifestumque
823 325 887 352 iacit
901 333 982 359 quam

193 375 230 402 ob
257 382 366 402 causam
396 375 495 402 bellum
523 375 654 401 adVersus
679 374 754 401 ideas
783 372 908 400 moverit.
937 372 984 400 Ille

201 428 312 456 tamque
337 428 389 448 nec
419 421 502 448 sentit
531 427 582 447 nec
604 419 680 451 vult,
707 419 796 446 inesse
828 418 983 453 quampiam

197 467 277 495 rebus
301 467 477 501 sempiternis
504 473 614 493 causam
633 466 693 500 ejus
726 464 796 500 quod
823 466 877 492 sint
904 469 985 498 atque

194 512 344 544 exsistant.
364 517 461 546 praeter
477 512 503 539 id
519 512 593 546 quod
607 517 760 543 moventur,
775 517 890 544 eamque
903 509 985 536 uimi-

196 566 255 585 rum
271 559 306 586 ob
323 566 435 587 causam
452 566 512 585 cum
529 558 676 586 Piatouicis
692 558 838 592 praeliatur.
856 557 984 590 Alioquin

195 605 261 639 quid
280 605 329 632 sibi
349 606 435 637 vellet,
463 605 526 631 dum
551 605 647 639 inquit,
666 604 800 638 Quidnam
824 604 882 639 opis
909 604 985 630 adfe-

196 656 260 678 runt
284 652 390 685 species
413 656 460 678 aut
483 653 564 678 rebus
592 652 766 685 sempiternis
796 658 858 686 qua:
889 651 982 678 sensui

196 702 261 724 sunt
287 698 427 731 subjectm,
456 702 503 724 aut
529 698 590 725 aliis
613 697 843 732 quibuscunque.
872 704 933 732 quae
955 701 982 724 et

196 748 360 777 generantur
376 748 403 771 et
418 743 578 771 intereunt?
600 751 687 777 neque
701 744 774 770 enim
794 743 929 774 efﬁciunt,
955 746 983 769 ut

197 789 250 816 illae
262 789 304 815 vel
325 792 488 815 moveantur
507 789 550 815 vel
566 789 723 816 mutentur?
739 792 786 816 aut
809 792 884 816 certe
908 787 983 821 quod

198 834 242 860 ille
255 834 288 862 ad
305 834 506 869 generationem
525 839 551 861 et
573 834 774 868 corruptionem
794 840 884 861 rerum
907 833 984 868 simi-

197 880 248 906 lem
272 879 430 906 habentium
447 880 564 914 speciem
580 883 610 906 ut
621 879 725 914 iisquae
739 883 869 914 generant
879 883 906 906 et
922 879 982 913 ipso

197 925 263 956 sole,
282 924 463 958 sufﬁcientes,
483 925 606 960 satisque
630 925 744 952 idoneas
763 925 900 952 existimet
915 933 982 953 cau-

197 975 242 996 sas
255 969 396 1001 constitui,-
411 973 438 994 at
450 976 493 996 res
510 969 690 1003 sempiternas
705 969 831 996 sensibus
846 969 983 1003 subiectas

198 1014 299 1041 moveri
314 1015 422 1049 quidem
438 1022 490 1042 non
514 1015 613 1042 sentiat
628 1021 738 1050 propter
753 1015 868 1050 species.
884 1024 933 1043 nec
949 1017 982 1043 ad

196 1061 340 1088 essentiam
362 1066 388 1088 et
413 1061 618 1096 productionem
645 1061 763 1096 alicujus
787 1062 825 1089 rei
847 1062 900 1089 alia
915 1070 984 1097 qua-

196 1106 266 1140 piam
292 1114 354 1134 esse
386 1114 479 1139 causa,
509 1107 610 1139 idcirco
636 1108 735 1142 inquit,
763 1108 897 1141 Quidnam
925 1109 983 1142 op‘s

195 1153 311 1180 alferunt
328 1153 394 1187 ipsis
409 1153 534 1187 species?
549 1153 601 1181 Sed
621 1154 692 1180 dicet
717 1153 833 1181 fortasse
846 1154 982 1188 quispiam

194 1199 266 1232 quod
286 1198 422 1226 existimet
438 1205 465 1226 et
480 1199 641 1226 Aristoteles
658 1198 712 1226 Deo
730 1199 780 1226 soli
797 1199 842 1234 qui
860 1199 895 1226 sit
911 1200 983 1227 anti-

195 1243 353 1277 quissimus,
370 1245 439 1271 hanc
451 1245 597 1272 convenire
611 1252 731 1272 causam.
748 1244 787 1272 Ad
804 1245 856 1271 hoc
869 1252 983 1279 respon-

195 1290 290 1317 demus
305 1290 338 1316 de
354 1290 405 1317 alio
421 1290 528 1324 quidem
547 1291 671 1324 quopiam
691 1291 742 1318 hoc
757 1291 845 1325 ipsum
871 1291 984 1325 cogitari

197 1342 287 1369 posse,
298 1335 344 1362 sed
359 1335 469 1363 minime
479 1337 511 1363 de
519 1336 664 1363 Aristotele
672 1337 714 1363 cui
728 1336 795 1363 nihil
805 1336 856 1363 tale
868 1336 893 1362 in
911 1344 984 1363 men-

197 1385 249 1406 tem
267 1380 350 1407 venit.
365 1379 397 1406 Et
409 1387 521 1407 cumam
541 1380 632 1408 istud?
659 1381 706 1408 llle
725 1388 843 1416 namque
863 1381 915 1410 sibi
933 1381 983 1416 ipsi

195 1427 350 1454 contrarius
361 1426 438 1461 foret.
452 1427 477 1453 si
486 1426 537 1453 hoc
549 1427 660 1454 diceret.
679 1426 852 1462 luterrogabo
861 1428 933 1455 enim
951 1428 984 1455 alt

196 1469 262 1502 illis,
276 1471 321 1504 qui
339 1470 389 1497 hoc
406 1470 535 1505 alliuguut
550 1471 613 1505 ipsi,
630 1479 680 1498 cur
698 1480 750 1499 non
775 1473 820 1500 ille
838 1471 983 1507 hunc-ipsi

1034 236 1068 262 ἂν
1080 236 1151 263 αὐτὰ
1167 237 1206 263 ἔτι
1231 237 1363 265 τελειοῦν.
1393 238 1432 264 Οὐ
1462 237 1516 273 γὰρ
1535 238 1569 264 ἂν
1590 237 1653 269 τοὺς
1677 237 1848 271 uehar-:95:

1033 280 1145 312 τούτους
1156 282 1220 312 νοῦς
1232 282 1296 309 ἄνευ
1305 282 1359 308 τῶν
1373 283 1448 317 σφίσι
1468 283 1604 309 συνόντων
1618 284 1759 317 σωμάτων
1798 283 1847 308 οἰ-

1034 325 1142 352 δοτιοῦν
1159 327 1226 362 δρᾷν
1242 326 1310 361 ἕςγε
1334 327 1416 364 ἔτερα
1442 327 1566 361 σώματα.
1595 328 1638 353 Τὰ
1657 327 1685 354 δὲ
1712 328 1848 361 σώματι

1036 371 1124 398 πάντα
1140 372 1187 398 καὶ
1203 371 1304 403 οέσεώς
1319 381 1392 404 τινος
1417 372 1519 399 δεῖσθαι
1537 373 1585 399 καὶ
1600 373 1739 407 σχήματος
1763 374 1848 406 πρὲς

1035 418 1069 444 τὰ
1095 418 1257 452 πεισόμενα,
1286 419 1337 445 ὅσα
1360 417 1415 444 τότ’
1439 418 1473 445 ἂν
1487 418 1532 444 τὴν
1560 418 1638 453 ἥλιον
1657 419 1723 454 πρὸς
1760 420 1847 446 αὐτὰ

1037 464 1139 499 μηκέτι
1152 463 1236 499 ἔχειν.
1251 464 1334 491 Ὥστε
1350 465 1448 499 μηκέτι
1464 464 1516 490 ὐπδ
1529 464 1577 490 τοῦ
1595 464 1673 498 ἡλίου
1684 461 1737 491 τὸτ’
1747 464 1793 491 ἂν
1811 466 1846 491 τὲ

1035 508 1148 535 τοιαῦτα
1158 508 1345 543 τελειούμενα,
1354 509 1410 535 οὐδ’
1421 509 1454 536 ἂν
1462 509 1539 536 ἀὐτὰ
1553 509 1588 536 δι’
1601 510 1673 536 αὐτὰ
1688 510 1844 541 τελειοῖτς,

1036 554 1164 590 οὐδεμίαν
1180 555 1234 589 γὰρ
1249 555 1364 590 δύναμιν
1394 556 1423 587 ἐς
1439 556 1580 590 ἐνέργειαν
1607 558 1768 590 προχωρεῖν
1803 558 1844 590 μῆ

1035 602 1084 636 οὐχ
1097 601 1142 635 ὑφ’
1154 602 1252 635 ἑτέρας
1264 602 1404 636 ἐνεργείας
1423 602 1673 637 προὸιὸαζομένην.
1687 603 1747 629 Οὐδ’
1765 603 1845 629 αὖτέ

1035 646 1150 681 δυνάμει
1161 647 1264 673 τέλειον
1292 648 1339 673 καὶ
1364 647 1437 681 ἔργῳ
1462 647 1526 673 ποτὲ
1553 643 1657 674 τέλειον
1687 648 1845 681 γίγνεσθαι

1037 693 1075 727 μὴ
1092 693 1141 728 οὐχ
1156 693 1201 727 ὑφ’
1214 693 1308 728 ἑτέρου
1324 702 1370 720 του
1392 693 1467 728 ἔργῳ
1481 693 1647 728 τελειοτέρου
1665 694 1845 728 προῦιόαζὸι

1038 747 1129 774 μενον.
1148 739 1197 765 Διὰ
1226 738 1316 766 ταῦτα
1342 740 1435 774 ἡμεῖς,
1464 740 1593 773 φήσουσι,
1610 741 1661 772 τὴν
1689 741 1844 775 ἐνέργειαν

1036 785 1141 819 ταύτην
1155 785 1204 820 τὴν
1221 785 1281 811 τότε
1298 784 1330 819 δὴ
1347 785 1379 812 τὰ
1409 784 1521 811 τοιαῦτα
1539 784 1698 811 τελειοῦσαν
1712 786 1769 816 τοῖς
1800 785 1843 810 εἶ-

1036 831 1093 857 δεσι
1114 831 1222 862 τούτοις
1249 831 1433 865 ἀπονέμομεν.
1458 831 1513 858 Καὶ
1532 831 1594 866 διχῆ
1622 831 1657 858 τὰ
1684 831 1841 865 σύμπαντα

1033 877 1152 911 χωριστὰ
1167 877 1223 911 ετδη
1241 876 1405 911 διαιροῦντες
1418 876 1447 908 ἐς
1466 885 1494 903 τε
1526 877 1606 903 ἱκανὰ
1630 877 1703 903 αὐτὰ
1730 877 1764 903 δι’
1786 877 1843 902 αὒ-

1034 922 1089 948 τῶν
1103 923 1139 948 τὰ
1170 921 1238 957 ἔργα
1264 922 1472 957 ἐξεργάζεσθαι,
1506 922 1534 954 ἔς
1566 931 1596 948 τε
1621 923 1672 958 οὐχ
1700 923 1841 954 (basiata;

1033 967 1125 998 ἱκανὰ,
1142 968 1233 994 ἐκεῖνα
1250 967 1300 1002 μὲν
1312 969 1368 998 τοῖς
1383 968 1446 1002 τῇδε
1465 967 1560 998 ἀϊδίοις
1568 968 1794 1003 παραδείγματὰ
1807 977 1840 994 τε

1034 1014 1164 1041 καὶάίτια
1179 1015 1341 1048 ὲφίσταμεν,
1355 1013 1442 1041 ταῦτα
1462 1014 1491 1041 δὲ
1518 1015 1574 1046 τοῖς
1596 1015 1664 1049 τῇδε
1686 1015 1854 1050 φθαρτοῖς..

1033 1059 1148 1093 δεόμενα
1174 1059 1223 1094 μὲν
1238 1060 1285 1086 καὶ
1308 1059 1358 1094 τῆς
1391 1060 1469 1094 ἡλίου
1493 1060 1656 1095 συνερτείας
1685 1061 1736 1095 τὴν
1764 1061 1840 1095 ὕλην

1035 1106 1126 1137 αὐτοῖς
1152 1106 1346 1140 προσάξοντος,
1377 1106 1518 1140 ἐπειδὴδὲ
1541 1106 1653 1133 λάΰοιτο
1680 1107 1731 1141 τῆς
1755 1107 1837 1141 ὕλης,

1034 1151 1139 1185 δρῶντα
1155 1151 1202 1177 καὶ
1219 1151 1289 1178 αὐτὰ
1301 1151 1438 1178 διἀὁτῶν
1463 1151 1504 1177 ἐτι
1531 1153 1560 1183 ἐς
1595 1153 1695 1186 αὐτήν.
1724 1153 1782 1180 Καὶ
1806 1153 1838 1178 ο)

1035 1196 1258 1230 καινοποιοῦμεν,
1273 1196 1416 1231 φήσουσιν,
1427 1197 1482 1224 οὐδ’
1498 1198 1589 1227 αἰτίας
1604 1198 1704 1229 καινὰς
1718 1220 1726 1231 ,
1745 1199 1784 1230 ὡς
1803 1199 1836 1224 σὺ

1035 1242 1100 1277 φῂς,
1131 1243 1341 1278 ὲφευρίσχομεν,
1370 1243 1438 1270 ἀλλὰ
1465 1244 1510 1270 τὸν
1539 1243 1595 1270 τῶν
1624 1244 1725 1270 αἰτιῶν
1753 1244 1838 1276 λόγον

1035 1289 1115 1321 ἡμεῖς
1133 1289 1182 1322 μὲν
1197 1288 1286 1323 πλήρη
1304 1289 1359 1320 τοῖς
1369 1288 1445 1316 οὖσιν
1457 1290 1631 1324 ἀποδίδομεν,
1647 1291 1680 1317 σὺ
1698 1290 1720 1316 δ’
1742 1290 1836 1323 ἐνδεῆ.

1035 1332 1135 1359 Διελὼν
1151 1334 1205 1368 γάρ
1218 1342 1268 1360 που
1293 1335 1341 1361 καὶ
1360 1335 1391 1361 σὺ
1400 1336 1429 1366 ὲς
1444 1335 1564 1370 τέτταρα.
1581 1335 1615 1362 τὰ
1648 1336 1706 1363 τῶν
1735 1335 1837 1362 αἰτιῶν

1035 1380 1103 1411 εἴδη,
1121 1380 1177 1411 τοῖς
1191 1379 1241 1414 μὲν
1257 1380 1331 1415 τρισὶ
1346 1381 1432 1416 φαίνῃ
1450 1380 1482 1416 δὴ
1502 1381 1550 1407 καὶ
1564 1381 1646 1412 αὐτὸς
1669 1381 1833 1416 χρώμενος,

1034 1425 1074 1461 τῷ
1088 1425 1197 1460 τελικῷ,
1214 1426 1262 1453 καὶ
1287 1426 1327 1460 τῷ
1342 1427 1390 1461 τῆς
1406 1427 1543 1461 κινήσεως
1563 1427 1683 1463 ἀρχικῷ,
1714 1429 1767 1454 καὶ
1795 1428 1835 1462 τῷ

1036 1472 1130 1508 ὑλικῷ,
1148 1472 1186 1507 τῷ
1201 1473 1228 1499 δέ
1243 1481 1275 1507 γε
1304 1472 1389 1507 λοιπῷ
1404 1472 1442 1507 τῷ
1472 1473 1564 1507 είδιχῷ
1580 1473 1611 1499 οὐ
1624 1473 1698 1499 πάνυ
1715 1482 1774 1502 τοι.
1804 1475 1833 1500 Εἰ

199 1517 252 1542 Deo
269 1523 376 1542 summo
390 1516 634 1552 autiquissimoque
651 1526 747 1545 omnes
767 1519 888 1546 omnium
904 1527 935 1546 co

1107 1527 1148 1546 τοι
1162 1518 1219 1545 τῶν
1236 1519 1374 1553 αἰσθητῶν
1391 1519 1499 1553 ἑκάστῳ
1517 1519 1625 1553 φύσεως
1649 1516 1725 1552 εἶδος
1758 1521 1834 1546 τοῦτ’

195 1561 276 1588 stium
292 1562 398 1589 orbium
409 1567 498 1590 motus
510 1563 698 1598 assignaverit,
708 1565 752 1592 sed
763 1565 845 1592 alium
859 1565 981 1599 singilla-

195 1607 242 1633 tim
267 1607 311 1634 alii
337 1608 503 1636 motuiiaut
524 1614 598 1637 certe
623 1610 718 1645 liquet,
738 1612 826 1645 ipsum
841 1611 989 1646 dignitatis'

193 1653 336 1687 cujusdam
352 1655 449 1689 gratia,
476 1656 577 1690 plures,
594 1658 768 1691 sempiternis
784 1657 837 1685 illis
852 1657 980 1685 essentiis

194 1705 256 1725 cum
283 1699 337 1727 sint
362 1700 463 1734 plures,
491 1701 643 1736 praefecisse
670 1708 872 1738 propagator-es,
898 1708 980 1737 atque

195 1744 274 1771 fateri
300 1745 372 1779 ipsus
387 1746 505 1781 aliquam
521 1748 633 1782 omnino
648 1747 752 1775 illarum
771 1756 830 1776 esse
844 1756 955 1776 causam
968 1749 979 1775 ‘i

195 1790 249 1818 Aut
268 1796 339 1820 certe
357 1793 428 1827 quod
456 1793 587 1829 imagines
615 1795 751 1828 putaverit
776 1796 979 1830 propagatrices

195 1837 236 1865 sui
252 1838 382 1872 ipsarum,
407 1847 497 1874 neque
513 1840 584 1866 enim
604 1840 760 1868 id-omnino
785 1845 860 1868 esset
886 1842 980 1869 incon-

195 1889 368 1917 sentaneum,
396 1893 458 1912 cum
482 1886 628 1913 habuerint
652 1887 704 1914 illa:
730 1894 779 1914 sua
801 1887 977 1922 exemplaria.

194 1931 281 1965 Atque
299 1934 350 1958 hoc
369 1932 478 1964 quidem
500 1932 579 1959 modo
595 1933 676 1960 etiam
695 1932 739 1960 ille
759 1934 904 1961 sententia:
921 1934 979 1961 Pla-

195 1975 292 2001 tonica;
320 1976 353 2002 de
376 1976 446 2003 ideis
467 1976 641 2004 subscribere
666 1977 813 2010 videretur,
831 1982 857 2005 et
877 1983 979 2006 nostra:

195 2019 263 2052 parti
283 2020 418 2053 accipere.
441 2019 519 2047 Nunc
542 2025 632 2047 autem
659 2027 733 2049 certo
747 2027 864 2055 constat,
888 2024 977 2058 ipsum

196 2071 250 2091 non
266 2065 368 2092 sentire
384 2065 503 2099 aliquam
519 2072 580 2093 esse
596 2066 703 2092 illarum
719 2074 828 2095 causam
841 2068 979 2096 deductri-

195 2117 267 2141 ceto,
295 2110 341 2137 sed
358 2114 384 2137 et
399 2111 450 2137 hoe
466 2111 546 2138 modo
567 2111 627 2138 illas
643 2116 676 2138 et-
695 2112 772 2145 tales,
787 2113 880 2147 quales
902 2120 977 2148 sunt,

194 2163 209 2182 a
224 2155 321 2190 seipsis
338 2161 497 2191 propagatos
522 2157 624 2184 moveri
638 2161 740 2184 tantum
766 2159 799 2186 ad
826 2159 906 2187 linem
926 2161 977 2188 ali-

194 2209 288 2236 quem,
302 2206 333 2228 et
351 2201 561 2239 ipsumDeum.
590 2203 624 2230 At
654 2203 737 2236 enim,
763 2204 862 2239 inquit,
886 2213 978 2240 neque

194 2247 227 2275 ad
255 2248 394 2275 scientiam
421 2249 533 2276 aliarum
559 2257 648 2276 rerqu
663 2249 809 2285 quidquam
842 2253 979 2286 prosunt?

197 2302 285 2328 neque
310 2295 382 2322 enim
412 2294 477 2329 ipsae
502 2300 566 2322 sunt
596 2297 715 2324 essentia
745 2297 864 2330 illarum,
889 2303 980 2325 essent

195 2341 267 2367 enim
285 2340 310 2367 iu
326 2340 378 2367 illis
404 2341 494 2374 ipsis,‘
509 2349 597 2376 neque
626 2341 747 2376 easdem,
767 2347 796 2369 ut
824 2342 877 2370 sint
902 2344 980 2378 quid-

195 2394 276 2420 quam
291 2386 398 2420 juvant,
411 2385 542 2421 siquidem
560 2387 585 2414 in
610 2387 644 2414 iis
661 2395 714 2414 non
738 2393 802 2416 sunt
815 2389 915 2423 quibus
937 2398 980 2417 sc-

196 2433 268 2465 ipsas
298 2432 472 2465 participant.
501 2432 567 2464 Quis
591 2432 673 2466 igitur
691 2433 724 2460 de
742 2433 858 2469 imagine
882 2435 980 2464 melius

192 2477 326 2513 judicabit
341 2478 351 2504 ?
365 2486 453 2505 nonne
470 2478 493 2506 is
522 2478 568 2513 qui
581 2479 662 2505 etiam
676 2480 814 2514 exemplar
835 2481 914 2509 habet
933 2490 981 2509 co-

195 2523 320 2556 gnitum?
336 2530 424 2557 neque
454 2523 525 2550 enim
545 2523 567 2549 is
578 2524 623 2557 qui
637 2525 774 2559 exemplar
785 2533 838 2552 non
854 2528 981 2562 cognovit

195 2568 290 2594 eodem
309 2568 387 2602 plane
401 2568 481 2595 modo
506 2574 672 2602 perspectam
688 2575 768 2605 atque
785 2576 875 2599 notam
895 2573 978 2600 liabe—

196 2615 236 2641 bit
266 2614 424 2649 imaginem,
457 2622 512 2648 quo
540 2616 620 2648 alter,
648 2617 694 2650 qui
724 2617 810 2651 ipsum
842 2620 979 2655 cognovit,

204 2662 335 2696 luonmdo
360 2667 449 2688 autem
469 2661 529 2687 aliis
555 2662 588 2689 ad
613 2663 663 2690 hoc
681 2668 709 2690 ut
730 2664 795 2698 sint,
815 2673 868 2693 non
894 2667 981 2701 prosit

195 2708 346 2743 quippiam,
372 2713 401 2736 ut
424 2709 530 2736 etiamsi
559 2709 585 2736 iu
616 2709 668 2737 illis
696 2710 760 2745 ipsis
781 2719 835 2739 non
859 2713 904 2746 sit,
933 2714 980 2740 sed

196 2762 278 2781 causa
306 2759 394 2781 tamen
422 2755 457 2782 sit
482 2755 612 2783 illorum?
634 2756 766 2784 Praeterea
794 2758 902 2793 inquit,
922 2758 980 2785 Non

196 2801 284 2827 solum
308 2808 398 2828 rerum
414 2803 580 2829 sensibilium
599 2804 762 2838 (rxeiuplaria
780 2810 844 2832 sunt
860 2805 979 2839 species,

197 2847 243 2873 sed
265 2847 345 2874 etiam
370 2848 411 2876 sui
424 2847 554 2884 ipsarum,
573 2850 643 2877 sicut
657 2858 742 2885 genus
759 2858 852 2877 carum
877 2851 981 2886 specie—

1032 1561 1102 1590 εἷναί
1115 1572 1157 1590 σοι
1172 1563 1202 1590 τδ
1227 1564 1346 1591 τοιοῦτον
1365 1563 1450 1591 αἴτιον
1471 1565 1554 1597 δοκεῖ,
1579 1564 1660 1591 τοῦτο
1690 1566 1744 1600 μέν
1779 1575 1832 1592 που

1033 1609 1190 1643 σαφέστατα
1208 1609 1259 1636 οὐκ
1274 1609 1350 1637 ἐστιν
1371 1609 1539 1642 dium/.40.)?
1561 1610 1641 1646 ἔργον
1672 1611 1708 1637 ἂν
1733 1612 1831 1646 ἑτέρου

1031 1663 1078 1682 του
1095 1656 1138 1691 εἴη
1150 1656 1238 1683 αἰτίου
1251 1657 1297 1683 καὶ
1316 1657 1501 1691 ἀποτέλεσμα,
1533 1655 1626 1691 ὥσπερ
1653 1666 1708 1684 που
1741 1660 1792 1684 καὶ
1815 1660 1830 1693 ἡ

1031 1702 1137 1737 ἑκάστῳ
1157 1701 1206 1738 ὕλη
1222 1703 1273 1738 τῆς
1289 1702 1336 1729 τοῦ
1352 1703 1452 1734 παντὸς
1465 1703 1583 1738 οὐρανοῦ
1609 1703 1677 1738 ὕλης
1708 1705 1831 1738 ἀπόκρι-

1032 1748 1071 1784 μά.
1084 1757 1113 1775 τε
1126 1749 1172 1776 καὶ
1197 1749 1384 1784 ἀποτέλεσμα.
1403 1749 1500 1783 Ἡμεῖς
1528 1749 1633 1784 μέντοι,
1652 1749 1764 1784 ἐροῦσι,
1789 1750 1827 1784 τῷ

1031 1794 1081 1829 μὲν
1096 1795 1204 1822 πάντων
1217 1795 1321 1830 βασιλεῖ
1338 1794 1397 1830 Θεῷ
1413 1795 1444 1821 τὸ
1456 1794 1561 1821 τελικόν
1572 1803 1601 1821 τε
1618 1795 1667 1821 καὶ
1679 1795 1828 1830 κράτιστον

1029 1842 1084 1867 τῶν
1099 1841 1197 1868 αἰτιῶν
1212 1841 1385 1873 ἀποδιδόντες
1398 1839 1479 1874 εἶδος,
1494 1840 1544 1867 οὐκ
1555 1841 1603 1868 ἐπὶ
1619 1843 1681 1873 ταῖς
1697 1843 1826 1878 κινήσεσι

1032 1887 1111 1922 μόνον
1126 1887 1193 1914 ἀλλὰ
1208 1888 1253 1914 καὶ
1266 1889 1324 1919 ταῖς
1337 1888 1441 1921 οὐσίαις
1467 1889 1514 1916 καὶ
1527 1889 1583 1920 τοῖς
1599 1888 1660 1917 οὖσι
1688 1891 1771 1918 πᾶσι.
1789 1890 1826 1917 Τὰ

1029 1933 1051 1959 δ’
1065 1932 1122 1968 εἴδη
1144 1933 1230 1960 ταῦτα
1246 1934 1456 1970 παραδείγματα
1477 1938 1534 1968 τοῖς
1549 1936 1625 1963 οὖσιν
1644 1937 1825 1970 ἐφιστάντες,

1031 1979 1062 2005 τὸ
1078 1978 1106 2005 δὲ
1117 1980 1167 2014 τῆς
1183 1980 1318 2015 κινήσεως
1339 1980 1453 2016 ἀρχικὸν
1471 1983 1503 2017 τῇ
1521 1982 1594 2017 ψυχῇ
1613 1983 1646 2017 τῇ
1670 1982 1753 2008 τοῦδε
1781 1982 1825 2008 τοῦ

1029 2025 1147 2060 οὐρανοῦ
1180 2026 1321 2062 ἡγουμένῃ
1333 2027 1527 2062 ἀπονέμοντες,
1546 2029 1595 2055 καὶ
1616 2029 1647 2054 τὸ
1663 2028 1760 2055 ὗλιχδν
1794 2030 1824 2063 τῇ

1029 2070 1076 2097 τοῦ
1086 2071 1184 2103 παντὸς
1203 2072 1278 2098 τοῦδε
1290 2073 1337 2099 τοῦ
1352 2072 1468 2106 οὐρανοῦ
1490 2073 1553 2110 ὕλῃ,
1570 2073 1642 2101 οὕτω
1658 2074 1757 2109 πλήρη
1771 2076 1825 2105 τοῖς

1029 2117 1089 2144 οὖσι
1108 2117 1142 2144 τὰ
1155 2117 1209 2143 τῶν
1234 2117 1329 2144 αἰτιῶν
1355 2119 1414 2154 εῐδη
1434 2119 1611 2155 ἀποδίδομεν.
1642 2119 1741 2146 Ταῦτα
1778 2120 1825 2154 μέν

1030 2172 1080 2190 που
1096 2164 1120 2190 ot
1138 2163 1172 2189 ei
1183 2163 1240 2198 εἴδη
1261 2163 1398 2198 τιθέμενοι
1422 2165 1539 2200 φήσουσι
1568 2165 1603 2191 τὰ
1633 2165 1684 2199 μὲν
1720 2165 1824 2191 ἑαυτῶν

1034 2209 1140 2244 συνῳδὰ
1152 2210 1213 2240 ταῖς
1243 2210 1391 2245 σφετέραις
1426 2209 1587 2238 ὑποθέσεσιν
1611 2211 1822 2245 ἀποφαίνοντες,

1038 2255 1209 2291 Ἀριστοτέλη
1225 2255 1298 2282 δὲτὰ
1324 2256 1374 2290 μὲν
1399 2256 1632 2291 συκοφαντοῦντα,
1651 2257 1687 2283 τὰ
1703 2257 1726 2284 δ’
1750 2257 1824 2284 οὐδὲν

1033 2301 1206 2335 περαίνοντα,
1221 2301 1256 2328 τὰ
1266 2301 1294 2328 δὲ
1308 2302 1356 2328 καὶ
1372 2302 1435 2337 περὶ
1448 2302 1481 2329 τὰ
1496 2302 1622 2338 μεγίστα
1638 2303 1824 2338 ἀμαθαίνοντα

1033 2347 1198 2382 ἐλέγχοντες.
1218 2347 1279 2379 Πῶς
1291 2347 1347 2382 γὰρ
1365 2349 1396 2375 οὐ
1413 2348 1476 2385 περὶ
1503 2348 1538 2375 τὰ
1566 2350 1685 2382 μέγιστα
1715 2349 1824 2384 ἀμαθὴς

1039 2393 1248 2428 Ἀριστοτέλης,
1272 2394 1377 2428 συχνῶν
1392 2402 1421 2420 τε
1435 2393 1522 2420 ἄλλων
1549 2391 1586 2421 ὧν
1614 2394 1723 2429 ἔφαμεν
1744 2395 1823 2421 ἕνεκα

1034 2439 1080 2465 καὶ
1095 2439 1211 2473 μάλιστά
1224 2448 1253 2466 τε
1267 2439 1314 2466 τοῦ
1327 2440 1455 2473 μέγιστοι)
1478 2440 1529 2474 τῆς
1544 2440 1597 2466 τῶν
1610 2440 1704 2466 ἀϊδίων
1725 2440 1823 2468 οὗσιῶν

1033 2485 1063 2511 οὐ
1079 2486 1259 2520 παραγωγῆς,
1277 2486 1330 2512 οὐδ’
1351 2486 1396 2519 ἐφ’
1426 2485 1485 2516 ἑνὸς
1504 2485 1559 2512 τῶν
1583 2485 1692 2513 πάντων
1717 2485 1765 2512 τοῦ
1791 2495 1821 2520 γε

1034 2530 1102 2558 εἶναι
1119 2531 1199 2558 ἕνεκα
1210 2531 1357 2565 ἀναφορᾶς,
1372 2531 1420 2567 οὐχ
1443 2531 1536 2566 ὥσπερ
1553 2531 1666 2558 Πλάτων
1683 2541 1713 2559 τε
1732 2533 1777 2559 καὶ
1797 2533 1819 2559 οἱ

1035 2577 1099 2611 περὶ
1128 2577 1260 2603 Πλάτωνα
1287 2577 1333 2620 τξν
1348 2578 1458 2604 πάντων
1469 2577 1583 2612 βασιλέα
1597 2577 1664 2604 Θεὸν
1678 2579 1735 2610 τοῖς
1749 2578 1819 2605 οὖσιν

1033 2622 1323 2656 ἐφιστάντες,-τοῦτον
1341 2623 1508 2658 παραγωγόν
1521 2632 1550 2649 τε
1572 2624 1750 2658 παραγωγῶν
1775 2625 1819 2650 καὶ

1033 2668 1198 2704 δημιουργὸν
1211 2669 1386 2704 δημιουργῶν
1403 2669 1436 2700 ἀξ
1448 2668 1525 2695 οὖσιν
1544 2668 1613 2695 εἶναι
1627 2669 1705 2696 οὐδὲν
1719 2671 1759 2697 ὅτι
1773 2671 1818 2696 οὐκ

1034 2714 1083 2739 ἐπ’.
1106 2714 1211 2742 ἐκεῖνον
1231 2716 1425 2750 ἀναφέροντες.
1450 2716 1567 2743 Κάκεῖνο
1591 2715 1618 2742 δὲ
1649 2717 1749 2750 ῥητέον
1777 2718 1818 2742 ἐπὶ

1035 2760 1128 2792 πᾶσιν,
1144 2761 1182 2792 ὡς
1200 2761 1312 2788 Πλάτων
1336 2762 1386 2796 μὲν
1411 2762 1465 2788 τῶν
1487 2762 1540 2796 πρὸ
1574 2761 1657 2788 αὑτοῦ
1685 2764 1742 2794 τοίς
1772 2764 1815 2798 μὶν

1035 2807 1176 2840 ἑπόμενος,
1192 2808 1247 2838 τοῖς
1260 2807 1282 2833 δ’
1296 2807 1448 2841 ἀντιλέγων
1465 2808 1603 2842 φαίνεται.
1627 2808 1814 2843 Ἀριστοτέλης

1034 2853 1062 2879 δὲ
1086 2853 1166 2879 πᾶσιν
1192 2853 1396 2888 ἐναντιούμενος
1420 2854 1466 2880 καὶ
1488 2855 1590 2885 πάντας
1622 2854 1753 2890 κολούων,
1772 2856 1812 2882 καὶ
