1864 3056
7 147 67 177 θΞ9

370 145 418 174 DE
431 145 643 176 PLATONICA
662 145 709 175 ΕΤ
724 145 1001 176 ARISTOTELICA
1022 145 1300 177 PHILOSOPHlA.

1598 144 1650 175 930

11 202 59 227 ἕλε’
89 202 125 228 .‘iv
140 201 194 226 τῶν
211 209 266 228 τισι
280 201 334 227 τῶν
365 201 498 236 πρότερον
530 201 683 236 ειρημένων
705 209 747 234 κε)

925 205 1046 235 tempore
1070 202 1177 228 adesse.
1204 200 1291 235 Atque
1315 199 1355 227 sic
1376 207 1418 227 res
1444 199 1649 234 cjusniodiqnae

6 249 96 278 ιένος
111 247 165 281 εἴη,
182 246 292 280 ἐνδηλός
309 247 368 273 ἐστι
384 247 434 273 κὰν
449 247 555 278 τούτοις
573 248 605 273 οὺ
623 247 693 274 πάνυ
714 247 808 281 βουλό-

6 301 98 324 aevo;
123 293 243 327 φανερὸς
260 290 330 319 εἶναι
345 293 450 328 ἑτέροις
467 293 627 327 εἰρημένοις
655 292 808 328 χρώμενος,

6 339 79 364 :civu
98 338 260 372 σοφιστικὸν
286 338 366 365 τοῦτο
383 338 468 364 ποιῶν
483 339 530 365 καὶ
548 339 694 373 φιλοσόφου
707 339 809 373 τρόπου

6 383 243 419 ιλλοτριὼτατον,
259 383 316 411 οἷον
327 386 373 412 καὶ
383 385 471 411 ἐκεῖνο
483 384 567 412 αὐτοῦ
580 385 611 411 τὸ
633 385 679 411 ἐπὶ
695 385 807 421 τελευτῇ

6 429 57 456 κῶν
80 430 207 463 λογικῶν
221 430 369 465 αὐχοῦντός
383 439 413 457 τε
426 431 463 462 ὡς
479 430 510 457 τδ
535 431 589 458 πᾶν
605 431 687 458 αὑτοῦ
702 430 744 466 εἴη
760 431 810 466 τῆς

5 477 131 503 ιεϐὀδου
147 476 250 511 ταύτης
281 477 328 503 καὶ
347 477 509 509 ἐπάγοντος,
524 476 561 508 ὡς
574 476 675 511 ταύτης
689 477 741 511 τῆς
762 485 810 511 μισ

5 523 90 550 ῠὸδου
111 524 144 550 οὺ
158 524 189 550 τὺ
204 523 254 558 μὲν
266 521 312 558 ἦν,
325 523 355 550 τὸ
364 523 387 550 δ’
401 525 451 550 οὐκ
461 521 505 558 ἦν,
518 523 587 550 ἀλλὰ.
605 523 745 554 παντελῶς
760 523 810 550 οὐκ

5 567 45 603 ἦν.
80 571 141 596 Καὶ
168 569 257 596 ταῦτα
291 569 424 604 Ἀρχύτου
452 577 483 596 τε
515 569 569 604 πρὸ
600 569 683 596 αὐτοῦ
712 569 810 603 λογικὶ

5 614 256 649 τυγγεγραφότος,
272 611 310 641 ὧν
338 623 394 641 τισι
409 614 456 640 καὶ
480 615 562 645 αὐτὸς
591 614 737 648 κέχρηται,
761 614 810 641 καὶ

6 661 170 692 Πλάτωνος
184 660 267 687 αὐτοῦ
281 659 362 686 τοῦτο
374 659 424 694 μιν
436 658 490 686 τῶν
513 658 630 692 λογικῶν
646 658 733 692 ἀρχὰς
757 667 809 685 πα-

5 707 186 740 ραδιδόντος,
201 705 279 733 τοῦτο
295 706 323 732 δὲ
338 705 478 740 πανταχοῦ
491 706 547 736 τοῖς
569 704 658 738 λόγοις
676 704 726 730 οὐκ
742 705 808 732 ἄνευ

5 753 117 786 τέχνης
130 751 288 786 χρωμένου,
306 751 354 778 καὶ
368 750 455 785 λόγων
471 750 583 785 μέθοδον
598 750 744 781 καλοῦντος
771 751 810 782 ὡς

5 799 99 825 οὖσάν
113 807 148 831 γε
162 798 223 832 οὐχὶ
242 797 278 832 μὴ
298 796 381 824 οὖσαν
397 796 457 823 οὐδὲ
473 796 511 828 ὡς
523 796 628 824 οὐδέπω
644 796 807 831 εὑρημένην

4 844 83 870 ἀλλὰ.
96 844 148 870 καὶ
160 844 232 871 πάνυ
249 844 280 878 δὴ
295 844 324 870 ὲν
339 843 438 878 χρήσει
453 832 546 870 οὖσαν.
564 843 596 870 Τί
607 841 654 870 οὖν
680 843 715 870 ἂν
741 843 807 877 φαίη

861 247 991 281 quidem,
1027 247 1049 274 si
1079 247 1126 274 uni
1162 246 1304 280 eidemque
1328 246 1463 273 diceretur
1482 246 1650 279 contingere,

862 297 892 320 ut
918 293 999 320 unius
1025 293 1201 327 ejusdemque
1231 297 1303 320 esset
1334 297 1361 318 et
1388 292 1476 327 imago
1501 296 1525 318 et
1554 300 1647 319 exem-

861 339 942 374 plar,
976 343 1034 365 tum
1068 344 1141 366 certe
1174 338 1321 366 absttrdum
1341 338 1400 368 hoc
1429 343 1511 368 esset.
1537 342 1564 365 et
1597 338 1646 364 nii-

860 385 934 412 nime
941 385 1038 412 rationi
1049 389 1276 417 consentaneum,
1287 389 1414 418 tanquam
1429 385 1451 412 si
1465 392 1548 411 unum
1565 384 1647 410 idem-

860 437 914 465 que
947 431 1053 458 dicatur
1081 438 1142 458 esse
1170 438 1224 457 una
1252 430 1401 464 cadentque
1438 438 1467 458 re
1498 430 1580 457 simul
1621 435 1649 457 ct

860 477 949 511 majus
966 481 993 504 et
1007 477 1097 504 minus
1114 485 1120 503 :
1140 484 1213 504 nunc
1227 481 1317 504 autem
1338 476 1403 511 quid
1420 476 1546 511 prohibet
1564 482 1647 504 unum

860 520 988 554 idemque
1022 521 1135 548 alterius
1164 529 1225 548 esse
1252 521 1412 556 imaginem,
1440 522 1552 549 alterius
1583 529 1647 548 vero

860 567 1018 601 exemplar?
1035 566 1131 594 Annon
1149 571 1246 594 statuae
1263 567 1414 601 cujuspiam
1429 575 1489 602 qua:
1505 568 1560 602 ipsa
1578 575 1648 602 quo-

859 620 913 647 que
925 613 1014 648 imago
1026 617 1078 644 est,
1096 613 1175 639 aliam
1190 614 1251 640 item
1264 606 1409 648 imaginem
1427 614 1513 648 pictor
1528 614 1650 641 ellieiet?

860 656 894 684 Et
906 664 994 684 nonne
1007 657 1128 691 ejusdem
1156 662 1252 685 stature
1266 658 1292 686 in
1309 666 1379 693 aqua
1395 659 1572 686 simulacrum
1595 660 1649 686 ali-

859 702 931 737 quod
946 702 1090 730 rcddetur?
1105 704 1193 739 Atque
1210 705 1267 732 hac
1285 705 1394 740 quidem
1419 705 1569 739 itnpostura
1585 705 1649 731 Ari-

860 749 966 777 stotelis
982 754 1023 776 est
1050 749 1222 784 hujusmndi.
1237 751 1421 778 Transeamus
1434 758 1499 778 vero
1516 751 1549 778 ad
1564 751 1645 778 aliam

861 794 945 829 ipsius
958 795 1103 822 rationem.
1121 795 1265 829 Praeterea,
1283 797 1379 831 inquit,
1395 797 1502 824 etiamsi
1518 797 1571 824 sint
1587 805 1649 832 spe-

860 840 926 870 cies.
941 849 993 868 non
1011 846 1101 868 tamen
1119 842 1186 868 ﬁunt
1201 849 1232 869 ea
1248 850 1309 877 qua:
1322 842 1400 875 ﬁunt,
1418 843 1469 870 nisi
1486 843 1521 870 sit
1535 843 1648 878 aliquid,

4 899 49 920 τις
65 899 73 923 ;
92 891 149 917 οὐκ
161 890 225 922 ἄξνα
237 890 270 917 τὰ
283 889 484 924 Ἀριστοτέλους
500 889 588 924 βισλία
603 889 736 923 μετιέναι;

912 887 933 913 ιιΙ
949 892 1066 915 incveat.
1080 887 1111 914 Et
1125 888 1208 915 multa
1225 888 1292 916 ﬁunt
1318 888 1382 921 alia,
1398 893 1427 916 ut
1443 889 1539 916 donius
1552 894 1577 916 et
1598 896 1648 916 an-

7 936 100 966 πάνυ,
109 935 167 962 τῶν
173 943 204 968 γε
214 935 243 961 ιν
251 935 342 966 αὐτοῖς
351 933 493 969 χρησιμων
504 934 595 965 ἕνεκα,
604 933 707 962 εἰδότας
716 934 809 967 μέντοι

6 982 46 1012 ὡς
62 981 157 1015 συχνὰ
172 980 263 1012 αὐτοῖς
277 981 324 1007 καὶ
338 979 430 1014 φαῦλα
444 978 694 1014 ἐγκαταμέμικται.

7 1038 88 1062 rum,
108 1037 174 1063 quae
191 1037 287 1056 rursus
309 1029 397 1056 locum
428 1028 552 1058 obtinent
573 1027 690 1062 generis.
707 1026 744 1054 lta
774 1033 806 1053 ea

8 1083 75 1110 quin
95 1083 172 1102 nunc
184 1075 255 1102 dicta
272 1079 346 1107 sunt,
363 1081 417 1102 non
433 1078 523 1101 autem
537 1077 645 1108 propter
661 1074 733 1107 ipsas
746 1079 810 1106 spc-

9 1121 82 1149 cies.
99 1121 156 1148 Sed
175 1129 209 1148 ne
221 1121 271 1148 ista
282 1121 390 1154 quidem
409 1119 427 1147 ii
441 1119 488 1154 qui
503 1119 607 1154 species
622 1119 808 1151 constituunt,

10 1167 242 1194 concedentsine
252 1167 310 1193 suis
319 1166 518 1200 exemplaribus
531 1165 586 1192 ﬁeri
602 1164 709 1192 etiamsi
722 1172 768 1199 per
780 1172 809 1192 se

12 1220 70 1239 non
93 1211 258 1240 consistant.
275 1212 354 1239 Fiunt
368 1213 439 1239 enim
460 1219 505 1247 per
521 1211 577 1242 illa,
592 1218 652 1246 quae
666 1211 695 1238 in
709 1211 810 1239 animis

12 1258 193 1294 singulorum
208 1257 334 1292 opiﬁcum
350 1261 429 1284 antea
441 1262 504 1284 sunt
519 1261 661 1291 concepta,
674 1256 810 1291 exempla-

16 1304 68 1330 ria.
87 1302 154 1339 (Gr.
168 1303 217 1330 col.
231 1303 283 1330 925
295 1303 326 1338 C)
338 1303 450 1338 Oportet
461 1307 562 1335 autem,
576 1302 677 1334 dicent,
687 1303 768 1329 etiam
778 1309 810 1329 ea

13 1357 78 1384 quae
94 1354 196 1376 natura
206 1349 272 1376 ﬁunt
285 1356 336 1376 non
348 1349 435 1376 solum
445 1356 498 1376 non
509 1349 652 1376 deterioris
663 1355 750 1375 causae
760 1355 808 1376 usu

15 1395 241 1429 ministerioque,
254 1402 336 1429 quam
353 1394 500 1422 artiﬁciosa
515 1394 610 1422 istha:c
627 1393 698 1426 ﬁeri,
715 1396 762 1420 sed
777 1400 809 1420 ne

14 1442 139 1476 aequalis
151 1441 274 1476 quidem,
294 1441 349 1468 imo
363 1441 464 1476 potius,
478 1449 539 1476 qua:
563 1445 628 1468 sunt
643 1441 810 1475 praestantis-

15 1489 98 1516 simae
123 1488 245 1515 melioris
267 1487 348 1515 etiam
366 1496 456 1515 causis
476 1495 524 1515 usu
548 1479 645 1516 conﬁci
661 1491 811 1515 consenta-

16 1542 118 1561 neum.
147 1533 211 1568 Sed,
228 1534 300 1561 dicet
330 1534 444 1562 forsitan
471 1534 642 1566 Aristoteles,
664 1534 691 1561 in
721 1538 811 1560 tuente

17 1581 84 1608 solis
111 1580 195 1607 etiam
222 1579 346 1611 istarum,
377 1587 436 1612 qua:
466 1585 627 1610 nascuntur,
645 1579 809 1614 exemplaria
825 1579 846 1607 C

18 1627 171 1659 contineri,
187 1634 235 1654 nec
250 1626 311 1654 ullis
321 1631 448 1661 praeterea
466 1626 586 1662 indigere
596 1625 810 1661 exemplaribus,

19 1681 79 1707 qua:
95 1681 145 1707 per
163 1674 251 1707 seipsa
267 1673 429 1700 consistant.
443 1672 556 1700 Constat
571 1673 644 1700 enitn
658 1672 692 1700 ab
708 1672 814 1699 Aristo-

19 1720 71 1746 tclc
88 1720 178 1747 solem
195 1719 378 1754 generationis
402 1727 496 1746 eorum
515 1727 575 1754 quae
602 1718 683 1759 ﬁunt,
700 1725 810 1745 causam

20 1765 165 1792 constitui.
182 1765 200 1792 lt
218 1765 307 1800 igitur,
323 1765 369 1800 qui
382 1766 486 1798 species
497 1764 667 1792 constituunt
680 1764 811 1790 adversus

20 1811 85 1846 ista,
98 1811 154 1838 llOC
165 1811 264 1843 dicent,
280 1811 317 1838 lta
331 1811 451 1846 quidem,
463 1811 485 1837 si
497 1810 660 1842 videremus,
676 1817 691 1836 o
707 1809 812 1837 Aristo-

21 1859 98 1891 teles,
114 1858 173 1884 haec
189 1857 335 1884 artiﬁciosa
350 1865 365 1884 a
381 1856 438 1884 suis
452 1856 603 1883 artiﬁcibus
619 1856 713 1883 eodem
731 1856 812 1882 modo

23 1905 91 1937 ﬁeri,
110 1912 166 1940 qtto
182 1904 225 1931 illa
243 1903 376 1931 naturalia
390 1911 404 1929 a
421 1903 478 1930 sole
494 1903 653 1938 gignuntur,
667 1906 723 1929 tum
743 1909 810 1929 sane

21 1951 73 1978 tuis
91 1950 183 1978 verbis
196 1950 273 1977 tidem
297 1950 480 1983 haberemus;
496 1957 567 1976 nunc
583 1952 672 1976 autem
688 1949 810 1975 videmus

21 1996 172 2024 artiﬁciosa
185 1996 289 2029 isthrec,
305 1996 434 2031 quamdiu
447 2000 597 2031 praesentes
614 1995 715 2023 habent
742 1996 810 2023 arti«

21 2042 98 2076 ﬁcos,
123 2043 158 2070 ah
184 2042 335 2076 iisdemque
364 2049 443 2068 manu
470 2041 653 2075 attinguutur,
679 2041 812 2074 tantisper

22 2090 176 2123 prolicere.
203 2094 227 2116 et
260 2089 293 2116 ad
328 2088 522 2123 perfectionem
552 2088 811 2122 absolutionemque

21 2143 98 2161 suam
120 2134 240 2165 tendere,
255 2134 327 2169 quod
340 2134 362 2160 si
385 2133 455 2161 forte
480 2133 623 2171 inchoata,
644 2134 811 2168 dimidiaque

23 2182 118 2208 saltem
135 2188 167 2208 ex
184 2185 260 2215 parte
286 2179 420 2212 absoluta,
438 2179 630 2214 relinquantur
646 2179 680 2207 ab
694 2180 809 2211 artiﬁci-

24 2226 81 2258 bus,
103 2235 157 2253 non
169 2226 224 2260 jam
238 2226 374 2260 acceptius
390 2225 540 2259 quidquam
558 2225 723 2260 promoveri,
752 2230 810 2252 tan-
825 2245 848 2273 ι)

25 2281 103 2306 quam
131 2272 327 2300 anferentil;us.
358 2271 458 2299 Eorum
479 2276 570 2299 autem
598 2278 685 2306 quala
711 2275 809 2298 natura

26 2322 89 2346 liunl
105 2319 235 2353 pleraque
249 2318 372 2345 videmus
386 2319 467 2345 etiam
502 2318 646 2345 recedente
668 2318 723 2345 sole
744 2317 812 2344 nihil

26 2365 203 2391 nihiIominus
217 2364 308 2399 perﬁci
332 2369 360 2391 et
374 2364 407 2391 ad
423 2364 622 2391 absolutionem
654 2371 731 2390 suam
748 2370 810 2398 pro-

26 2413 109 2445 gredi,
129 2411 155 2437 id
171 2411 242 2445 quod
256 2410 372 2437 maxime
388 2409 415 2436 in
433 2409 466 2437 iis
478 2409 644 2436 etarbortuu
660 2413 686 2436 et
703 2409 810 2443 frugum

25 2457 168 2489 generibus
180 2459 291 2490 apparet
308 2463 368 2489 qua:
395 2455 449 2482 cito
465 2455 652 2482 absolvuntur.
676 2454 715 2482 Ea
737 2463 814 2482 nam-

25 2509 73 2534 que
89 2508 145 2528 non
163 2499 252 2527 minus
269 2504 348 2535 noctu
375 2506 456 2533 quam
491 2498 614 2525 interdiu
632 2497 756 2525 videmus
772 2498 812 2524 in-

25 2551 188 2573 crementum
202 2545 325 2579 accipere
336 2549 419 2578 atque
431 2543 533 2578 perlici.
553 2544 627 2571 Illam
640 2546 732 2578 itaque
745 2544 811 2571 solis

27 2599 139 2619 utentem
158 2592 240 2623 hujus
269 2590 457 2624 perfectionis,
473 2598 533 2625 qute
549 2590 594 2617 tali
622 2590 651 2616 ﬁt
677 2595 809 2624 tempore,

26 2645 74 2664 non
102 2645 183 2673 posse
205 2644 315 2664 causam
349 2635 492 2667 constitui,
514 2643 602 2669 neque
631 2635 703 2661 enim
728 2634 809 2662 etiam

27 2685 214 2718 participautes
239 2683 300 2709 illas
325 2688 427 2709 mentes
443 2682 501 2709 sine
518 2682 576 2708 suis
593 2689 654 2716 quae
669 2681 724 2708 sibi
745 2689 812 2709 con-

26 2728 109 2761 juncta
125 2728 234 2759 habent,
250 2727 411 2761 corporibus
427 2727 576 2761 quidquam
592 2725 700 2754 ellicere
725 2734 811 2761 90:56

30 2774 51 2800 in
67 2776 169 2809 reliqua
184 2782 308 2808 corpora.
325 2773 439 2801 Cunctis
456 2782 528 2802 cnim
544 2775 704 2808 corporibus
718 2779 744 2802 et
755 2779 810 2802 situ

30 2821 112 2855 aliquo
123 2826 150 2848 ct
166 2822 250 2854 ﬁgura
265 2828 333 2855 opus
353 2829 424 2851 esse,
442 2828 477 2848 au
497 2827 528 2848 ea
542 2829 602 2856 qua:
616 2825 678 2848 sunt
695 2829 810 2855 passura

31 2866 132 2902 aliquid,
153 2868 249 2893 lttttttttl
266 2872 355 2894 autem
373 2866 441 2893 lllllll
457 2867 509 2894 soli
539 2867 573 2894 ad
599 2867 644 2894 illa
671 2867 806 2895 naturalia

861 933 952 964 nulus,
974 940 1090 967 quorum
1105 941 1166 961 esse
1180 934 1286 968 species
1303 940 1414 970 negant,
1432 940 1461 962 ut
1480 935 1516 962 ita
1537 936 1571 962 sit
1587 943 1647 969 per-

858 980 995 1013 spicuum,
1029 979 1111 1007 licere
1137 979 1218 1007 etiam
1245 980 1291 1007 illa
1315 988 1433 1015 quorum
1464 989 1525 1009 esse
1552 982 1648 1008 dicunt

861 1027 934 1054 ideas
950 1032 977 1054 et
992 1035 1052 1055 esse
1068 1031 1094 1054 et
1109 1027 1166 1055 ﬁeri
1181 1029 1280 1056 talibus
1297 1029 1332 1056 de
1347 1029 1449 1061 causis,
1472 1029 1506 1056 de
1521 1030 1648 1064 qualibus

860 1074 1022 1102 naturaliter
1054 1074 1122 1101 ﬁunt
1149 1078 1231 1107 atque
1248 1082 1264 1102 a
1277 1075 1335 1102 sole
1359 1074 1468 1109 penitus
1484 1083 1538 1102 non
1558 1075 1649 1102 absol-

860 1124 971 1151 vuntur,
985 1127 1019 1146 ne
1032 1127 1047 1147 a
1063 1120 1160 1155 scipsis
1184 1121 1294 1156 quidem
1314 1121 1504 1155 perﬁciuntur.
1539 1121 1645 1148 Nullam

860 1166 932 1193 enim
953 1166 1102 1200 potentiam
1116 1167 1143 1194 in
1161 1171 1252 1194 actum
1275 1168 1421 1202 procedere
1436 1168 1488 1194 nisi
1509 1168 1543 1194 ab
1561 1168 1648 1195 altero

860 1212 988 1246 quopiam
1003 1217 1064 1239 actu
1078 1212 1229 1247 vi,‘quadam
1248 1213 1432 1247 protrndatur,
1448 1221 1535 1248 nejue
1552 1221 1646 1242 rursus

861 1258 887 1284 id
901 1258 972 1292 quod
988 1258 1045 1285 sola
1065 1258 1090 1285 vi
1109 1258 1210 1287 latente
1221 1259 1277 1286 sive
1292 1259 1410 1293 potentia
1425 1259 1580 1288 absolutum
1594 1266 1646 1291 est,

861 1302 888 1329 id
903 1303 984 1330 etiam
1001 1303 1090 1338 reipsa
1105 1304 1259 1331 absolutum
1279 1307 1402 1335 eradere.
1422 1305 1474 1332 nisi
1491 1306 1525 1333 ab
1557 1306 1645 1334 altero

861 1349 1000 1383 quopiam,
1019 1351 1092 1385 quod
1115 1351 1151 1378 sit
1165 1351 1253 1385 reipsa
1268 1351 1424 1385 pert-clins,
1442 1357 1645 1386 promereatur.

863 1393 910 1421 llis
922 1394 956 1422 de
967 1396 1057 1424 causis
1072 1404 1131 1430 nos,
1147 1396 1272 1431 (Curat.
1287 1397 1339 1425 928
1357 1397 1388 1431 Α)
1406 1398 1540 1433 iuqnient,
1557 1404 1647 1426 actum

862 1439 950 1474 illum,
963 1449 1018 1476 qtto
1048 1443 1109 1469 talia
1124 1448 1188 1470 tunc
1207 1443 1296 1472 solent
1315 1444 1419 1479 perﬁci,
1434 1445 1576 1479 speciebus
1594 1445 1650 1472 illis

863 1491 944 1521 atque
955 1488 1168 1523 exemplaribus.
1187 1489 1219 1516 Et
1235 1489 1282 1516 has
1293 1497 1306 1517 a
1322 1490 1403 1518 rebus
1417 1491 1590 1518 sensibilibus
1603 1499 1649 1518 se-

863 1539 971 1567 paratas
992 1535 1096 1568 species
1111 1534 1237 1562 bifariam
1258 1536 1465 1571 distinguentes,
1485 1541 1541 1564 tum
1559 1537 1586 1564 in
1604 1544 1649 1564 eas

863 1586 924 1613 quae
938 1586 986 1613 per
1003 1586 1033 1607 se
1046 1580 1078 1607 ad
1093 1580 1231 1608 ellicienda
1243 1588 1325 1615 Opera
1338 1586 1402 1608 sunt
1416 1582 1530 1614 idonem,
1547 1587 1602 1609 tum
1621 1582 1648 1609 in

864 1624 944 1657 alias,
957 1625 1142 1660 quaeidipsum
1163 1634 1216 1654 non
1247 1632 1363 1661 possunt
1394 1628 1530 1660 similiter,
1544 1628 1649 1662 priores

864 1670 925 1698 illas
934 1671 1030 1698 harum
1044 1679 1134 1699 reruni
1147 1673 1374 1707 sempiternarum
1386 1683 1447 1708 qum
1459 1675 1650 1710 seusulsubjeo

864 1721 914 1743 ctae
925 1721 990 1744 sunt
1005 1725 1100 1745 causas
1118 1722 1145 1746 et
1156 1718 1318 1754 exemplaria
1334 1720 1545 1747 constituimus:
1569 1721 1649 1748 hasce

863 1771 927 1790 vero
938 1765 1100 1799 posteriores
1114 1772 1204 1791 rerum
1217 1773 1277 1799 qua:
1287 1766 1328 1792 hic
1337 1770 1404 1793 sunt
1413 1766 1645 1800 corruptibilium,

863 1810 949 1844 ipsius
965 1810 1074 1845 quidem
1096 1811 1160 1839 solis
1175 1818 1225 1845 ope
1240 1812 1398 1846 auxilioque
1414 1812 1576 1847 indigentes,
1599 1814 1646 1847 qui

863 1856 929 1890 ipsis
959 1857 1099 1884 materiam
1122 1857 1274 1890 admoveat,
1299 1857 1345 1884 ubi
1374 1864 1437 1884 vero
1462 1857 1600 1886 materiam
1630 1866 1645 1884 a

863 1904 920 1930 sole
940 1903 1105 1938 acceperint,
1130 1903 1204 1938 ipsas
1229 1911 1338 1938 quoque
1365 1911 1413 1939 per
1434 1911 1463 1932 se
1486 1905 1538 1931 vim
1567 1912 1645 1932 exer-

863 1954 956 1977 centes
978 1949 1005 1976 in
1029 1950 1112 1980 illam.
1133 1948 1228 1984 Neque
1249 1956 1314 1977 vero
1343 1957 1442 1977 novum
1468 1951 1646 1986 philosOphize

863 1995 1139 2031 genusjinducitnus,
1166 1997 1300 2032 inquient,
1325 2004 1412 2032 neque
1432 2005 1516 2025 novas
1537 2005 1646 2032 causas,

863 2047 894 2070 ut
914 2048 942 2069 tu
962 2042 1041 2074 dicis,
1057 2048 1223 2074 Scrutamur,
1245 2043 1292 2070 sed
1307 2051 1450 2071 causarum
1475 2046 1567 2079 potius
1590 2046 1646 2079 ple-

863 2093 928 2113 num
943 2086 1154 2122 absolutumque
1166 2095 1310 2115 numerum
1326 2089 1408 2116 rebus
1420 2096 1479 2123 quae
1492 2094 1555 2117 sunt
1568 2091 1646 2117 attri-

863 2132 980 2165 bniutus,
1014 2140 1094 2168 quem
1132 2138 1160 2160 tu
1198 2134 1388 2168 imperfectum
1428 2135 1648 2171 diminutumquo

862 2178 962 2205 reddis.
980 2178 1046 2205 Cum
1065 2179 1137 2206 enim
1153 2184 1179 2205 ιιι
1194 2180 1257 2206 item
1274 2187 1372 2206 causas
1383 2180 1409 2206 in
1425 2185 1541 2214 quatuor
1549 2189 1647 2214 genera

862 2223 977 2255 dividas,
991 2224 1071 2251 trium
1089 2225 1198 2259 quidem
1213 2231 1293 2259 opera
1307 2225 1387 2252 etiam
1406 2227 1464 2260 ipse
1482 2227 1520 2253 uti
1535 2226 1647 2260 videris.

865 2275 920 2297 ttnn
941 2270 1040 2302 ﬁnalis,
1063 2275 1120 2297 tum
1136 2270 1195 2305 ejus
1206 2278 1266 2304 quae
1287 2270 1393 2297 initium
1407 2272 1529 2300 movendi
1546 2273 1647 2307 prebet

864 2317 1022 2349 materialis,
1049 2317 1172 2344 formulis
1195 2321 1284 2344 autem
1301 2325 1362 2352 qua":
1377 2318 1488 2353 ,reliqua
1507 2323 1559 2350 est,
1583 2327 1649 2346 nus-

863 2370 944 2397 quam
968 2363 1090 2390 omniuo.
1110 2362 1177 2389 Nam
1196 2363 1218 2390 si
1242 2362 1388 2397 cujuslibet
1411 2364 1448 2390 rei
1472 2365 1564 2391 sensui
1582 2365 1647 2393 sub-

861 2408 941 2443 jectae
956 2408 1074 2442 speciem
1096 2408 1152 2435 sive
1167 2407 1295 2442 fortnam,
1310 2408 1443 2444 ejusmodi
1459 2417 1519 2437 esse
1535 2417 1645 2438 causam

863 2454 976 2485 dixeris,
993 2454 1037 2481 illa
1051 2461 1116 2482 sane
1133 2453 1355 2482 manifestissime
1370 2462 1422 2482 non
1437 2459 1582 2487 estcausa,
1600 2457 1647 2484 sed

863 2497 974 2524 alterius
985 2497 1135 2532 cujuspiam
1148 2505 1237 2525 causa:
1250 2498 1361 2525 eli‘eetus
1372 2499 1429 2526 sive
1439 2507 1516 2534 opus.
1525 2499 1580 2527 Nos
1589 2501 1648 2534 qni-

863 2544 1046 2576 dem,dicent,
1061 2544 1135 2576 (ibid.
1146 2543 1175 2576 C)
1189 2545 1268 2571 linem
1279 2545 1457 2580 ipsum,quod
1471 2550 1513 2573 cst
1526 2548 1646 2573 omnium

862 2596 1007 2616 causarum
1040 2588 1294 2623 praestantissimum
1326 2598 1412 2624 genus
1439 2598 1493 2617 non
1524 2595 1646 2618 motuum

863 2634 962 2667 solum,
974 2635 1021 2662 sed
1038 2635 1119 2662 etiam
1135 2635 1314 2662 cssentiarum
1329 2641 1356 2662 et
1372 2636 1495 2663 omnium
1516 2644 1648 2672 quaeea"-

862 2688 915 2714 que
929 2685 1002 2712 sunt,
1020 2688 1129 2708 summo
1143 2680 1180 2707 illi
1197 2689 1286 2709 rerum
1303 2683 1411 2715 praesidi
1426 2687 1508 2717 atque
1526 2685 1578 2717 regi
1591 2683 1647 2710 Deo

863 2727 1050 2759 attribuimus,
1065 2727 1172 2760 species
1185 2732 1274 2755 autem
1292 2728 1352 2755 illas
1367 2728 1425 2756 sive
1439 2728 1539 2755 formas
1556 2725 1647 2755 rerum

862 2781 921 2808 qua:
929 2778 993 2800 sunt
1005 2773 1169 2807 exemplaria
1181 2774 1391 2807 constituimus;
1406 2779 1433 2802 at
1450 2782 1560 2802 causam
1575 2773 1648 2801 illam

861 2828 921 2855 qua:
946 2819 1071 2846 IIlOVl'lNli
1089 2819 1197 2847 initium
1213 2821 1326 2855 pratbct,
1340 2821 1438 2848 animae
1456 2821 1492 2847 illi
1506 2827 1566 2855 quae
1584 2820 1648 2848 huic

862 2866 931 2894 cwlo
951 2866 1076 2901 praelecta
1091 2871 1142 2898 est,
1156 2866 1321 2894 lllilletlillclll
1337 2866 1464 2899 denique,
1482 2866 1599 2894 mati-ria‘
1613 2873 1647 2894 ex
