1864 3056
227 142 278 174 921

833 143 999 174 GEORGII
1020 141 1240 174 PLETHONIS
1797 149 1843 180 93‘!

228 204 281 230 qua
292 196 445 224 universum
455 195 734 230 hocconstatcaalum.
744 199 1196 239 assignamus,atqneAqunsdatu
1219 206 1252 227 ex
1276 200 1413 228 veteribus
1438 204 1573 234 secutum.
1597 201 1761 237 quibusdam
1785 213 1842 232 vero

227 245 266 268 sic
275 241 356 268 rebus
367 249 426 276 quae
436 247 498 269 sunt
510 243 585 276 plena
597 243 734 271 reddimus
743 251 840 279 genera
852 252 1009 272 causarum.

228 286 301 313 Talia
324 288 414 322 itaque
433 288 523 315 dicent
539 288 597 323 (Gr.
610 289 724 317 col.928
741 289 772 325 ϐ)
795 291 814 317 ii
841 292 887 325 qui
907 291 1011 326 species

227 333 396 360 constituunt
415 340 588 362 occurrentes
605 335 804 370 objectionlbus
819 337 1011 370 Aristotelicis,

226 378 271 406 ubi
291 387 357 406 sane
378 387 393 406 a
411 381 469 408 suis
485 381 604 415 ipsorum
620 382 761 417 principiis
776 389 830 409 non
851 384 1010 418 discrepant

226 425 386 459 quidquam,
408 426 579 454 Aristotelem
608 433 700 454 autem
726 429 892 455 convincunt
912 430 1009 463 partim

225 469 379 502 calumniis,
396 471 446 504 uti,
460 467 556 506 partim
576 473 668 500 nonid
680 474 813 501 conﬁcere
832 475 904 508 quod
921 474 1009 507 vellet,

224 519 282 542 tum
306 517 425 544 maxime
451 518 538 552 ipsum
557 518 583 545 in
607 519 702 547 multis
725 520 907 554 ignorantiam
930 528 1009 547 sttam

226 561 352 595 prodere.
375 562 408 589 Et
430 568 548 596 quanam
565 564 674 591 tandem
701 565 805 592 ratione
821 565 1011 600 reprehensio-

226 613 286 632 nem
303 605 463 640 ignoranth
476 607 587 643 eil‘ngiet
599 609 760 638 Aristoteles
772 610 801 637 in
817 612 898 639 rebus
913 611 1009 638 maxi-

225 651 278 678 mis
294 655 321 679 et
344 653 437 680 multis
458 654 528 685 aliis.
540 656 607 689 iqute
620 655 678 689 jam
695 657 870 684 recitavimus
886 662 913 684 et
930 664 1008 684 cum-

225 697 331 730 primis,
357 699 432 732 quod
465 700 641 734 sempiternis
668 703 794 730 essentiis
821 702 877 730 sive
902 703 1009 731 naturis

225 740 329 769 nullum
367 748 506 771 auctorem
538 746 595 776 sive
634 752 840 781 propagatorem
876 749 1007 783 assignet,

225 794 316 821 neque
346 788 408 816 illas
441 797 474 817 ex
510 792 638 819 omnibus
668 793 807 827 cuiquam,
837 794 910 828 quod
943 795 1007 827 sint,

225 837 366 868 acceptant
393 834 464 862 ferre
490 837 573 863 velit?
599 837 633 864 id.
649 838 723 872 quod
751 839 827 866 Plato
854 847 906 866 non
933 839 1006 871 fecit.

1065 251 1118 271 non
1143 244 1282 272 assentiri.
1295 245 1329 272 At
1355 245 1523 278 Aristoteles,
1548 246 1613 274 licet
1634 247 1762 275 omnibus
1785 256 1842 283 pro-

1064 292 1168 319 miscue
1182 292 1363 326 contradicat,
1379 299 1530 328 omnesque
1541 294 1733 327 reprehendat,
1743 295 1841 322 nullum

1063 342 1153 365 tamen
1179 339 1312 372 nominat,
1328 339 1408 374 cujus
1422 346 1452 367 se
1470 339 1641 367 institutione
1652 341 1789 368 eruditum
1810 341 1842 367 i‘a-

1064 388 1161 415 teatur,
1186 390 1220 410 ex
1244 391 1299 418 quo
1317 386 1443 420 {apparet
1466 387 1565 420 ,ipsum
1589 393 1620 413 se
1643 386 1766 413 omnium
1789 395 1843 421 qn:

1063 430 1174 464 scripsit
1188 429 1361 457 inventorem
1381 430 1502 458 voluisse
1522 432 1618 462 videri.
1633 431 1660 458 id
1674 431 1747 465 quod
1769 433 1843 466 plane

1061 479 1104 502 est
1115 474 1294 509 sophisticum
1310 480 1337 503 et
1350 476 1469 503 alienum
1485 483 1500 503 a
1515 476 1637 503 moribus
1653 477 1708 503 veri
1724 477 1841 511 philoso-

1062 521 1119 555 phi,
1141 529 1195 556 quo
1210 522 1292 550 etiam
1308 521 1373 549 illud
1390 521 1517 556 pertinet,
1535 522 1608 556 quod
1630 522 1658 548 in
1676 525 1729 549 ttae
1749 523 1842 557 logico-

1062 572 1122 593 rum
1147 567 1280 601 gloriatur
1302 575 1383 594 suum
1401 573 1464 595 esse
1485 571 1570 595 totum
1583 573 1652 602 opus
1668 568 1703 595 de
1721 570 1842 596 metttodo

1061 611 1217 644 dialectica,
1230 615 1257 640 et
1269 612 1353 645 addit,
1373 612 1446 640 illius
1458 613 1579 640 methodi
1597 613 1722 641 nouitate
1738 614 1839 649 quidem

1060 663 1126 690 pars
1142 661 1201 684 erat
1218 657 1370 692 explorata,
1384 657 1429 684 illa
1446 662 1512 684 vero
1536 665 1591 684 non
1612 663 1683 690 erat,
1710 660 1761 686 sed
1777 662 1842 687 nulla

1060 708 1174 736 prorsus
1187 707 1256 729 erat.
1276 704 1310 729 At
1332 707 1440 730 constat
1461 703 1607 738 Archytam
1623 709 1688 731 ante
1709 705 1797 739 ipsum
1812 706 1843 733 io-

1061 748 1148 782 gieam
1175 753 1260 775 artem
1291 749 1483 782 contexuissc,
1515 749 1593 783 cujus
1619 751 1768 785 praeceptis
1795 752 1844 786 ipse

1060 793 1222 820 Aristoteles
1247 799 1314 821 usus
1348 793 1409 825 fuit,
1439 794 1506 830 quin
1531 795 1615 822 etiam
1646 795 1726 822 Plato
1754 798 1840 831 partim

1062 837 1195 871 principia
1214 837 1426 872 disciplinarum
1447 838 1596 875 iogicarum
1612 839 1737 872 tradidit,
1755 842 1841 874 partim

226 885 314 912 neque
339 879 376 905 illi
396 880 596 914 quil‘latoaem
619 889 781 917 sequuntur,
800 885 845 918 qui
867 885 1006 917 nimirum,
1024 891 1044 918 Β
1059 883 1143 911 etiam
1167 883 1201 910 iis
1229 883 1297 919 ipsis
1319 891 1374 911 non
1396 884 1457 911 sine
1479 889 1538 912 arto
1556 884 1584 912 in
1600 886 1660 913 suis
1684 887 1798 922 scriptis
1810 894 1844 916 est

225 922 376 956 principem
398 923 472 951 illum
498 926 677 961 omniumque
700 935 790 962 regem
817 929 900 956 Deum
928 930 1010 957 rebus

226 974 287 999 quae
309 973 375 994 sunt
396 969 584 1003 praﬁcientes,
605 972 677 999 hunc
699 973 787 1006 ipsum
806 975 927 1002 omnium
944 976 1011 1002 alio-

227 1019 298 1044 rum,
322 1022 382 1046 quae
398 1015 501 1049 possint
517 1016 618 1051 aliquid
634 1025 764 1053 generare
786 1024 889 1054 patrem
904 1024 931 1048 et
948 1027 1011 1055 pro-

226 1062 375 1085 creatorem
392 1061 513 1088 omnium
529 1069 700 1098 quacunque
713 1065 828 1092 consilio
843 1071 918 1092 certo
930 1066 1009 1100 quip-

226 1101 298 1136 piatn
317 1103 435 1132 clliciaut
454 1106 623 1134 conditorem
641 1113 723 1143 atque
737 1108 890 1137 effectorem
906 1111 1009 1138 consti-

225 1152 314 1181 tuunt,
336 1144 457 1185 nihilque
480 1153 560 1186 plane
579 1161 687 1187 eorum,
721 1163 781 1190 quae
804 1161 878 1188 sunt,
895 1165 950 1184 non
975 1157 1008 1184 ad

226 1193 301 1221 illum
314 1196 445 1223 referunt.
463 1198 530 1226 illud
544 1206 652 1234 quoque
665 1201 775 1228 silentio
800 1203 1009 1237 praet-mittere

227 1246 280 1266 non
306 1248 416 1274 p0ssum
440 1242 581 1271 Platonem
601 1245 629 1272 in
655 1247 765 1281 scriptis
792 1248 851 1276 suis
871 1248 950 1276 fateri
979 1256 1009 1277 so

1062 936 1140 962 usus,
1156 933 1182 956 et
1198 934 1284 956 artem
1301 929 1417 964 iogicam
1433 934 1512 957 vacat
1528 934 1659 966 tanquam
1677 933 1844 967 exploratam

1061 976 1108 1003 sed
1135 975 1256 1002 nondum
1281 975 1463 1010 exploratam,
1491 983 1580 1011 neque
1602 981 1695 1004 tamen
1721 983 1843 1013 tanquam

1062 1027 1176 1056 prorSus
1193 1028 1247 1048 non
1265 1021 1402 1048 inventam
1415 1021 1462 1048 sed
1474 1021 1530 1056 jam
1548 1023 1663 1050 omnino
1678 1023 1708 1049 in
1725 1031 1778 1051 usu
1794 1031 1846 1052 ver-

1059 1072 1176 1095 santem.
1201 1066 1270 1100 Quid
1281 1067 1366 1102 igitur
1387 1067 1461 1093 dicat
1483 1067 1639 1102 quispiam?
1662 1076 1719 1096 non
1732 1077 1794 1097 esse
1811 1071 1845 1097 di-

1063 1119 1133 1149 gnos
1144 1113 1299 1140 Aristotelis
1312 1113 1400 1140 libros
1416 1113 1462 1147 qui
1478 1113 1623 1147 legantur;
1641 1115 1727 1141 etiam
1740 1118 1844 1143 omnino

1063 1163 1175 1194 propter
1187 1158 1266 1185 utilia
1280 1165 1341 1192 qua:
1369 1159 1395 1185 in
1419 1157 1453 1185 iis
1477 1159 1544 1193 ipsis
1557 1159 1749 1193 continentur,
1775 1163 1844 1189 modo

1062 1203 1151 1230 sitnus
1177 1210 1314 1231 memores
1338 1203 1439 1230 multos
1463 1210 1523 1230 esse
1547 1203 1644 1232 iisdem
1665 1213 1777 1234 errores
1790 1214 1845 1242 per-

1061 1249 1170 1276 mistos.

237 1350 1843 1373 W_

506 1437 698 1483 INDEX
751 1414 1015 1485 C'APITUM
1061 1441 1255 1488 HUJUS
1302 1443 1562 1488 LiBELLl.

259 1620 401 1648 Pura-rm
415 1621 441 1648 in
455 1628 508 1655 qua
523 1621 666 1649 disseritur
679 1623 713 1650 de
725 1624 1005 1658 comparatione-Pla-
1018 1639 1041 1671 Ο
1056 1633 1118 1653 avum
1131 1636 1197 1661 esu,
1207 1629 1247 1656 hic
1258 1634 1385 1664 quantum
1398 1635 1507 1664 possunt
1516 1630 1574 1666 ejus
1586 1631 1706 1659 ratione:
1716 1638 1845 1661 terrarum

223 1670 296 1696 tonis
306 1673 335 1695 et
349 1669 515 1700 Aristotelis,
534 1669 684 1697 secundum
695 1670 828 1705 judicium
846 1675 966 1699 veterum
979 1676 1007 1700 et

224 1716 419 1743 recentiorum.
439 1715 497 1743 Non
513 1723 625 1751 possum
641 1721 732 1744 autent
754 1717 798 1745 hic
813 1724 866 1746 non
883 1725 1005 1745 comme-

223 1769 332 1789 morare
349 1762 470 1796 quaedam
483 1769 544 1797 quae
558 1762 591 1789 de
601 1763 655 1790 vita
666 1763 843 1798 moribusque
854 1763 1007 1792 Aristotelis

223 1809 399 1842 prodiderunt
415 1809 525 1844 quidam
537 1809 640 1845 antiqui
661 1813 689 1836 et
710 1810 879 1838 celeberrimi
892 1811 1007 1845 scriptun

222 1862 275 1886 res.
287 1863 340 1889 qtto
354 1855 506 1883 evidentius
517 1861 647 1890 appareat
655 1863 709 1884 non
721 1865 814 1885 omnes
826 1857 908 1893 hujus
920 1861 1007 1895 philo-

219 1901 298 1934 s0pltl
317 1902 518 1935 assumptiones
529 1907 577 1936 pro
591 1903 664 1931 veris
673 1911 781 1939 semper
794 1905 1007 1939 amplectendas,

221 1946 340 1981 ideoque
355 1956 368 1972 ιι
385 1946 508 1975 Gemisto
526 1955 579 1975 non
592 1954 692 1977 temere
705 1951 853 1978 confutari.
870 1951 939 1979 Nam
953 1959 1007 1987 quo

218 1992 317 2019 melior
334 1992 374 2019 vir
394 1993 455 2027 quis
480 1997 601 2027 putatur,
638 1995 689 2022 hoc
711 1996 844 2024 similiora
871 2005 936 2026 vero
969 1999 1007 2025 vi-

210 2040 321 2064 rdentur
338 2046 399 2073 quae
418 2039 513 2066 sentit.

257 2082 445 2111 'l‘heodoreltts
457 2083 585 2120 Cyrensis
597 2086 740 2121 episcopus
752 2087 822 2116 libro
834 2094 927 2118 contra
943 2096 1008 2126 grn-

221 2128 282 2156 tiles
299 2129 409 2157 Gnaeos
426 2131 589 2159 duodecimo
616 2132 652 2159 ita
669 2133 764 2169 scribit
793 2143 800 2162 :
829 2135 928 2164 Morem
948 2146 1006 2164 eum

221 2175 302 2208 fuisse
312 2176 448 2203 Aristoteli
460 2181 488 2204 ut
502 2178 588 2204 oleum
603 2178 720 2206 venderet
733 2188 782 2214 qua
797 2181 882 2208 calida
895 2191 922 2209 se
933 2185 1006 2217 prius

219 2223 396 2254 perunxissct.
410 2223 525 2258 Cumque
538 2225 559 2251 is
571 2224 633 2250 olim
645 2224 670 2252 in
682 2225 1005 2263 Citalcidem_navigassel,

219 2267 372 2301 publicanos
387 2267 525 2302 explorato
540 2269 598 2303 ejus
611 2270 716 2304 navigio
727 2271 856 2298 inuenisse
872 2272 938 2299 ollas
949 2273 1006 2307 ejus

214 2313 269 2339 olei
288 2318 402 2347 quatuor
421 2319 444 2340 et
463 2315 629 2349 septuaginta
645 2315 684 2343 rel
707 2320 735 2343 ut
749 2317 796 2343 atii
811 2318 927 2352 referunt
951 2323 1001 2346 tre-
1019 2322 1043 2352 D

216 2363 318 2386 cantas.

253 2404 326 2430 ltlem
343 2404 412 2431 libro
428 2405 524 2439 quinto
537 2413 544 2432 :
557 2406 712 2433 Aristoteles
725 2412 811 2434 autem
828 2408 935 2436 Platoni
952 2410 1004 2437 nd-

214 2453 266 2477 1mc
284 2451 377 2477 viventi
388 2451 527 2485 manifeste
539 2453 720 2480 aduersarium
737 2462 764 2481 se
780 2455 892 2489 prwbuit
907 2461 1001 2483 contra

216 2497 386 2523 Academiam
399 2497 466 2524 bello
481 2503 612 2531 suscepto,
626 2506 706 2533 neque
721 2500 852 2528 doctrinm
870 2502 909 2529 illi
923 2502 1002 2529 Itono-

215 2550 270 2569 rem
285 2542 369 2568 ullum
383 2543 509 2576 rependit,
523 2551 602 2577 quam
623 2544 809 2573 liberalissime
833 2546 895 2574 olim
914 2556 1003 2583 perce-

213 2589 264 2622 pit.
278 2594 355 2619 neque
364 2588 523 2614 celeberrimi
538 2589 587 2614 uiri
602 2589 713 2623 gloriam
724 2596 760 2618 est
774 2594 909 2624 reveritus,
923 2600 1003 2628 neque

214 2633 360 2659 Pituanius
377 2632 530 2666 eloquentia:
548 2635 598 2661 rim
620 2636 765 2669 pertimuit,
781 2638 826 2664 sed
841 2639 1004 2673 impudenter

205 2678 254 2704 .illi
274 2678 454 2704 adversarium
479 2686 505 2706 te
520 2680 621 2715 gessit,
637 2689 696 2708 cum
722 2688 810 2710 tamen
838 2692 1002 2720 nequaquam

208 2725 352 2751 ampliorum
361 2726 525 2759 dogmatum,
539 2727 583 2753 sed
595 2727 677 2754 multo
689 2728 807 2763 pejorum
819 2738 898 2764 quam
911 2731 1001 2763 Plato,

212 2771 269 2804 ipse
283 2775 377 2797 uuctor
392 2771 534 2799 exstiterit.
551 2771 621 2799 Nam
636 2781 693 2800 cum
711 2774 753 2802 ille
771 2777 886 2803 animant
903 2778 1001 2804 dixerit

214 2816 402 2847 immortalem,
420 2817 462 2843 hic
487 2826 542 2846 esse
559 2821 697 2847 mortalem
720 2822 786 2848 dixit
801 2842 808 2854 .
826 2830 937 2857 cumque
953 2823 999 2852 ille

210 2863 310 2888 dixerit
333 2863 414 2890 Deum
438 2872 478 2891 res
497 2873 584 2893 omnes
603 2867 772 2900 providentia:
793 2877 857 2896 cura
883 2870 997 2904 comple-

1057 1673 1145 1701 orbem
1162 1675 1257 1703 divime
1275 1676 1446 1710 providentia
1457 1682 1590 1705 exsortem
1604 1678 1684 1713 facit.

1084 1730 1248 1759 ‘Snbscribit
1270 1732 1441 1760 Tlteodoreto
1458 1732 1620 1762 Laurentius
1635 1735 1713 1764 Valla
1737 1738 1846 1772 prologo

1058 1778 1084 1805 in
1099 1777 1270 1806 Dialecticam
1288 1787 1376 1807 suam.
1391 1779 1457 1812 Qum
1467 1781 1715 1816 eompilat,inquit,
1729 1791 1779 1810 non
1795 1785 1844 1810 illi:

1058 1824 1137 1858 refert
1155 1829 1260 1858 accepta
1281 1834 1297 1851 a
1314 1826 1408 1860 quibus
1423 1827 1549 1860 sumpsit.
1565 1826 1611 1854 sed
1625 1828 1676 1855 sibi
1691 1830 1806 1856 vindicat
1822 1836 1843 1856 τι

1058 1870 1205 1905 ubicunque
1221 1870 1325 1898 eosdem
1337 1879 1458 1906 peccasse
1470 1873 1604 1906 opinatur,
1617 1875 1698 1901 citius
1712 1876 1843 1903 ardentem

1058 1917 1193 1950 ﬂammant
1210 1925 1255 1944 ore
1273 1918 1405 1944 continere
1420 1927 1496 1952 posse
1518 1928 1598 1953 quam
1621 1928 1672 1947 non
1696 1922 1843 1949 nominari.

1092 1961 1184 1988 Carur
1201 1961 1221 1989 Ι.
1238 1961 1307 1995 Quid
1327 1962 1403 1990 Plato
1425 1963 1458 1990 de
1480 1960 1535 1991 Deo
1558 1970 1584 1991 et
1611 1973 1703 1992 rerum
1724 1969 1818 1994 omnin
1832 1978 1843 1993 n

1058 2007 1206 2041 creatione,
1233 2009 1306 2042 quod
1329 2009 1491 2037 Aristoteles
1516 2011 1642 2039 senserit.
1665 2012 1726 2045 Quo
1743 2012 1767 2039 in
1786 2013 1844 2040 loco

1058 2052 1139 2079 etiatn
1158 2053 1321 2088 explicatur,
1337 2056 1475 2089 quomodo
1494 2052 1571 2084 Plato
1587 2057 1708 2096 animant
1728 2058 1843 2093 genitam

1058 2101 1085 2125 et
1102 2098 1252 2133 ingenitam
1269 2101 1455 2135 appellaverit.

1093 2156 1183 2184 Carur
1200 2156 1232 2184 ll.
1253 2157 1471 2192 Reprehenditur
1494 2158 1654 2186 Aristoteles
1668 2161 1743 2194 quod
1758 2161 1840 2188 Deum

1058 2210 1195 2230 sun-munt
1213 2203 1335 2231 omnium
1360 2205 1502 2239 praesidem
1525 2212 1557 2231 ac
1583 2212 1673 2241 regem
1699 2214 1781 2233 unum
1811 2208 1840 2233 atl

1058 2250 1190 2275 moventia
1206 2249 1299 2276 omnia
1324 2250 1451 2277 idoneum
1469 2258 1522 2278 non
1540 2255 1668 2282 censeat.
1686 2259 1780 2285 verum
1806 2253 1839 2279 illi

1058 2295 1148 2322 socias
1164 2295 1292 2322 movendi
1312 2295 1380 2322 alias
1394 2295 1526 2331 quasdam
1546 2301 1652 2324 mentes
1664 2297 1805 2333 adjnngat.

1091 2351 1181 2378 Carur
1195 2350 1240 2378 lil.
1256 2351 1371 2379 illumne
1394 2352 1429 2379 sit
1443 2359 1529 2386 genus
1543 2353 1666 2380 omnium
1689 2360 1783 2381 earum
1798 2362 1838 2382 re-

1054 2407 1115 2427 rum
1131 2402 1278 2434 quae'sunt,
1289 2400 1315 2427 id
1329 2405 1371 2428 est
1383 2408 1416 2427 an
1429 2408 1476 2429 ens
1490 2401 1526 2428 sit
1541 2401 1594 2429 tale
1606 2403 1758 2437 quippiam,
1770 2405 1838 2438 quod

1054 2446 1150 2473 decem
1167 2446 1254 2480 prima
1272 2454 1370 2481 genera
1389 2449 1505 2475 univoce
1530 2455 1583 2474 non
1609 2449 1752 2483 tequivoce
1768 2457 1838 2477 eom-

1056 2492 1202 2527 plectatur.

1091 2539 1180 2566 Cttpn-r
1198 2540 1241 2566 lV.
1261 2539 1356 2567 Utrum
1373 2540 1533 2568 Aristoteles
1560 2549 1659 2576 genera
1683 2547 1711 2570 et
1739 2544 1838 2578 species

1058 2590 1132 2612 recte
1147 2585 1283 2613 secundas
1299 2594 1306 2612 :
1324 2586 1467 2614 individua
1481 2594 1547 2614 vero
1560 2587 1662 2622 primas
1676 2589 1838 2616 substantias

1058 2631 1247 2665 appellaverit,
1270 2632 1322 2659 hoc
1339 2637 1391 2661 est.
1408 2640 1441 2659 an
1467 2640 1566 2667 genera
1580 2638 1606 2660 et
1624 2635 1734 2668 species
1755 2635 1838 2662 minus

1054 2677 1109 2704 sint
1123 2685 1205 2712 quam
1224 2678 1387 2713 singularia,
1404 2684 1432 2706 et
1457 2679 1578 2707 secundo
1591 2680 1652 2708 loco
1667 2682 1703 2708 ad
1716 2683 1836 2710 essentia

1054 2724 1187 2751 rationem
1207 2725 1362 2759 pertineant
1380 2731 1415 2751 an
1429 2729 1536 2752 contra.

1089 2779 1182 2807 Carur
1196 2780 1227 2808 ν.
1255 2780 1351 2808 Utrum
1374 2782 1533 2810 universum
1559 2783 1695 2811 rationem
1723 2786 1835 2814 obtineat

1055 2826 1185 2859 materiae,
1198 2827 1291 2854 forma:
1303 2833 1393 2855 autem
1408 2836 1483 2863 pars.
1496 2828 1522 2855 id
1537 2834 1588 2861 est.
1601 2837 1635 2856 an
1648 2830 1683 2858 ad
1700 2833 1833 2860 materiam

1055 2877 1157 2906 spectet
1175 2874 1332 2902 universum
1350 2875 1440 2910 potius
1457 2882 1538 2910 quam
1554 2884 1625 2910 pars.
