1864 3056
5 147 51 178 I33

361 148 409 179 DE
426 148 637 179 PLATONICA
662 148 710 177 ET
728 147 1011 177 ARISTOTELICA
1033 145 1305 176 PIIILOSOPHIA.

1589 142 1641 172 934

39 206 145 233 CAPUT
164 205 209 233 Vl.
229 205 356 237 Sensune
380 205 521 240 antiquius
541 205 578 232 sit
597 205 622 232 id
637 204 709 239 quod
724 211 806 232 sensu
819 211 844 242 Α
894 205 984 231 Cum
1004 203 1049 231 XI.
1065 203 1163 230 Anima
1180 203 1253 230 sime
1269 201 1433 228 immortalis
1449 199 1518 234 apud
1534 199 1642 227 Aristo—

5 260 65 287 .pso
88 253 201 288 percipi
216 257 313 286 potest,
327 251 400 286 quod
415 256 512 279 vocant
525 251 654 279 sensibile
671 258 704 278 an
727 250 808 278 simul

5 303 166 332 atrumque
182 301 290 325 natura.
309 297 369 330 Quo
384 297 412 324 in
432 296 492 325 loco
511 297 685 324 relativorum
711 300 809 323 natura

5 344 95 372 simul
114 343 288 371 declaratur.

39 391 143 418 Cum
164 390 222 417 λιιι.
239 390 389 418 lndetinitaz
403 382 598 425 propositionis
612 389 710 417 natura
728 394 809 424 atque

5 436 174 470 proprietas
189 437 345 464 declaratur
360 441 387 463 et
399 437 533 471 qtliBI'IlIﬂ‘
544 444 676 464 verumne
689 437 726 463 sit
736 436 809 470 quod

5 482 133 508 docetur
153 481 225 515 apud
246 481 455 515 Peripateticos,
472 481 596 508 eamdem
621 481 695 508 illam
716 487 809 508 veram

5 530 65 553 tam
84 526 275 554 aﬂirmantem
294 534 376 561 quam
390 532 533 562 negantem
550 527 666 555 inveniri
681 535 772 562 posse.

42 574 148 601 Cum
164 574 234 601 VIII.
250 573 320 601 Num
341 574 497 602 neceSsaria
512 573 655 601 conclusio
676 577 810 607 sequatur

9 627 42 646 ex
58 619 179 647 duobus
195 619 353 654 praemissis,
366 627 482 654 quarum
499 619 583 646 altera
596 618 631 646 sit
643 619 810 650 necessaria,

9 665 101 692 altera
118 665 253 699 simplex,
276 672 311 692 an
328 673 393 693 vero
407 665 522 700 simplex
538 665 680 691 duntaxat.
700 663 752 692 Ubi
771 665 808 697 sf-

11 711 71 737 mul
97 715 203 737 natura
230 710 313 737 medii
340 710 448 738 termini
468 715 495 738 et
517 710 722 745 proloquiorum
751 709 809 736 sive

12 756 230 790 prteruissarum
242 756 426 783 exalninatur.

49 801 152 827 Cum?
170 799 217 828 IX.
233 801 384 828 Discrimen
402 800 460 832 Dei,
475 800 607 827 mentium
631 800 688 827 sive
711 799 810 826 intelli-

13 847 178 882 gentiarum
193 849 221 873 et
244 846 344 873 anima:
372 846 536 878 declaratur,
553 849 580 872 et
603 845 633 872 τὸ
649 845 809 880 ὑπεροὺσιον

15 893 136 928 quidem
153 900 214 920 esse
234 892 395 927 simpliciter
410 900 506 925 unum,
520 892 570 920 hoc
580 897 631 924 est,
647 896 676 919 ut
687 899 813 928 supremo
827 891 849 919 Β

19 940 77 966 Deo
90 944 121 967 et
134 947 199 967 esse
213 944 241 966 et
254 946 335 974 posse
349 943 377 966 et
389 938 506 971 efﬁcere,
528 939 586 966 sive
601 939 686 973 magis
707 939 811 972 placet,

16 986 174 1013 eswutiam
191 987 338 1020 potentiam
356 990 382 1012 et
396 989 485 1012 actum
504 985 578 1012 nullo
593 985 671 1012 modo
683 985 811 1012 distincta

18 1033 133 1066 haberi,
153 1032 204 1059 hoc
221 1036 263 1059 est
277 1035 306 1058 ut
324 1031 392 1058 alias
406 1031 455 1064 sit,
473 1031 541 1058 alias
565 1031 663 1065 possit,
677 1030 744 1058 alias
755 1029 812 1057 elli-

17 1079 87 1109 ciat.
103 1078 155 1106 sed
174 1083 203 1105 ut
219 1077 301 1105 simul
316 1082 344 1105 et
360 1078 396 1104 sit
416 1080 443 1104 et
457 1077 543 1111 possit
567 1082 594 1104 et
609 1077 717 1104 elliciat.
734 1075 813 1104 Unde

18 1129 120 1158 postea
139 1122 347 1159 reprehenditur
361 1122 532 1154 Aristoteles,
545 1123 591 1158 qni
609 1123 727 1150 animam
744 1122 812 1149 deti-

19 1171 126 1198 niverit
142 1177 205 1197 esse
221 1175 309 1197 actum
326 1177 335 1203 ;
359 1169 392 1197 de
414 1177 465 1203 qua
478 1177 506 1196 re
531 1168 596 1196 libet
612 1169 692 1196 etiam
718 1165 813 1195 Jacobi

21 1216 144 1251 Ziegleri
158 1215 210 1243 viri
222 1215 295 1243 docti
306 1221 449 1242 censuram
464 1214 620 1241 adscribere
631 1214 677 1248 qni
694 1214 733 1240 sic
748 1214 814 1240 seri-

22 1262 62 1289 bit
77 1260 202 1296 quodam
217 1260 243 1288 in
262 1261 323 1288 loco
337 1268 344 1287 :
363 1259 414 1288 Sed
428 1268 507 1293 quam
524 1265 640 1287 sectatur
652 1268 715 1294 rogo
729 1258 814 1295 (intel-

22 1309 109 1342 ligens
132 1306 310 1341 Aristotelem)
330 1307 588 1333 demanstrationum
611 1307 814 1337 necessitatem,

22 1355 69 1388 qui
84 1363 100 1380 a
119 1353 224 1388 scriptis
242 1353 296 1379 suis
311 1352 378 1378 sicut
396 1351 497 1378 libitum
513 1355 550 1378 est
569 1352 689 1379 discedit.
702 1353 754 1378 Attt
769 1351 815 1378 de-

25 1401 125 1435 ﬁniens
144 1400 278 1431 aninmm,
300 1398 530 1432 gdemanstratione
552 1405 614 1424 usus
639 1398 700 1425 est?
726 1398 816 1424 anima

26 1444 142 1485 (inquit)
157 1450 193 1471 ut
211 1449 285 1470 actus
298 1444 413 1477 corporis
426 1443 544 1478 organici
557 1443 667 1478 physici,
684 1443 762 1470 vitam
773 1443 817 1469 Ita-

27 1491 115 1519 bentis
129 1490 156 1516 in
171 1490 298 1524 polentia.
313 1488 383 1524 Ergo
402 1489 471 1516 alius
488 1493 591 1516 secutus
604 1489 752 1523 exemplum
770 1490 815 1516 dd-

28 1537 122 1571 ﬁtviat,
137 1536 230 1570 auriga
251 1539 289 1562 est
303 1541 378 1562 actor
392 1535 520 1562 curriculi
537 1539 635 1562 motum
657 1536 774 1562 habentis
789 1536 817 1562 in

28 1581 162 1616 potentia.
177 1580 246 1607 Nunt
259 1581 303 1608 ille
316 1589 374 1615 quw
388 1580 422 1607 ad
436 1581 612 1607 substantiam
625 1581 739 1608 hominis
754 1582 818 1608 atti-

30 1627 140 1656 nebant.
152 1627 210 1653 dico
222 1634 301 1661 genus
315 1631 338 1653 et
355 1627 530 1660 (li/Terentiam
541 1627 716 1660 essentialsm,
728 1635 744 1653 a
756 1628 816 1662 qui-

31 1674 80 1699 bus
96 1672 198 1699 desunn'
214 1671 389 1705 deﬁnitionem
408 1673 556 1707 oportebat,
573 1674 674 1707 attigit.

67 1718 159 1746 Csrur
184 1717 218 1745 Χ.
248 1715 422 1745 Platonicum
450 1719 547 1753 dogma
574 1718 739 1751 defenditur,
761 1727 817 1754 quo

33 1765 150 1791 duretur
174 1765 278 1791 animus
302 1772 318 1792 e
343 1764 412 1792 caelo
435 1765 631 1792 descendentes
662 1765 814 1793 hauriendo

34 1811 205 1838 oblivionem
236 1819 326 1838 rerum
352 1811 527 1844 divinarum,
554 1821 668 1847 quarum
692 1813 719 1840 in
747 1813 818 1840 calo

34 1862 117 1886 erant
141 1857 268 1889 consciae,
288 1858 356 1885 alias
377 1865 442 1885 vero
466 1859 562 1892 magis,
582 1859 648 1886 alias
669 1859 772 1892 minus,
789 1859 816 1886 in

36 1905 119 1931 torris
140 1912 194 1931 non
212 1904 316 1932 discere
333 1906 379 1932 sed
403 1905 560 1942 reminisci,
581 1905 654 1940 quod
675 1906 730 1933 illic
754 1911 816 1934 ante

36 1951 226 1986 cognoverint.

862 251 959 282 telam,
978 255 1006 277 et
1025 257 1090 276 nunt
1113 249 1203 283 aliqua
1223 249 1293 276 bona
1316 251 1378 282 post
1398 251 1511 274 mortem
1536 246 1640 272 consti-

862 294 961 323 tuenda
976 294 1041 321 sint.

894 340 987 368 CAPUT
1003 338 1062 368 XII.
1081 337 1152 367 Num
1165 339 1281 366 virtutes
1296 337 1426 372 qualitate
1447 340 1473 364 et
1490 335 1642 371 quantitate

860 387 916 414 sint
942 386 1087 414 metienda;
1120 389 1147 413 et
1172 392 1206 412 an
1234 383 1438 412 mediocritates
1461 382 1597 414 dicendae,
1615 385 1644 407 ut

860 432 1002 461 contendit
1015 431 1186 459 Aristoteles.

895 488 988 516 Cnpu'r
1003 487 1072 514 XIII.
1093 486 1171 520 Quod
1195 485 1231 513 sit
1252 491 1391 512 sutnmum
1424 482 1526 510 bonum
1551 485 1579 508 et
1608 487 1642 507 an

861 534 1021 562 Aristoteles
1038 537 1111 560 recte
1127 539 1261 559 summam
1276 530 1437 558 felicitatem
1459 529 1486 555 in
1508 526 1644 561 voluptate

861 579 1068 614 contemplativa
1082 577 1268 606 collocaverit.
1460 571 1462 574 ’

896 637 985 665 CAPUT
998 635 1070 663 XIV.
1091 635 1196 663 Caelum
1213 641 1275 662 esse
1300 629 1384 668 ignem
1416 635 1521 659 natum
1537 634 1565 658 et
1587 629 1644 656 dari

861 691 915 712 non
932 683 1058 718 oportere
1073 682 1198 716 quintum
1214 680 1350 715 quoddam
1366 685 1468 714 corpus
1483 682 1581 712 praeter
1592 675 1645 702 elc-

861 734 953 757 menta
971 733 1100 764 quatuor.

898 786 990 814 Carnr
1010 784 1069 812 XV.
1090 785 1127 812 De
1154 782 1342 810 immobililate
1364 781 1484 808 siderum
1512 783 1537 806 et
1565 785 1645 812 quant

863 837 937 862 recte
952 830 1112 859 Aristoteles
1128 835 1244 865 corpora
1259 827 1382 856 coelestia
1402 825 1522 854 animata
1541 824 1647 851 consti-

864 881 932 905 luat.

899 934 988 962 CAPUT
1002 933 1073 962 XVI.
1089 933 1157 960 Num
1177 931 1298 960 caelestia
1318 936 1433 964 corpora
1455 929 1480 956 vi
1502 931 1530 954 et
1551 930 1648 953 natura

865 983 940 1016 ignea
956 980 1115 1007 calefaciunt
1131 979 1188 1006 hanc
1203 977 1342 1007 inferiora,
1360 983 1394 1001 an
1411 980 1486 1001 motu
1505 973 1648 1000 duntaxat.

898 1038 985 1065 CAPUT
1004 1037 1085 1064 XVII.
1113 1037 1210 1063 Utrum
1232 1042 1277 1062 ars
1300 1039 1328 1061 et
1351 1037 1449 1060 natura
1475 1030 1626 1058 deliberent
1640 1048 1648 1059 ,

864 1082 929 1111 dum
949 1083 1048 1118 aliquid
1071 1087 1166 1117 agunt.

899 1140 989 1168 Cnur
1003 1139 1096 1166 XVIII.
1112 1137 1208 1165 Utrum
1222 1144 1282 1171 qun:
1299 1136 1366 1163 ﬁunt
1380 1135 1471 1163 omnia
1483 1155 1491 1167 ,
1508 1133 1576 1161 fiant
1605 1139 1650 1158 ne-

865 1186 997 1217 cessario,
1017 1192 1049 1212 an
1066 1188 1093 1211 et
1106 1184 1194 1218 aliqua
1212 1183 1412 1216 contingenter,
1432 1186 1457 1208 et
1475 1186 1566 1208 utrnm
1582 1180 1652 1207 dan-

866 1234 929 1261 dum
947 1233 983 1260 sit
1003 1231 1106 1267 aliquid
1128 1231 1155 1257 in
1177 1230 1210 1257 iis
1233 1237 1292 1264 qua:
1308 1229 1375 1255 fiunt
1396 1227 1466 1263 quod
1485 1236 1538 1254 non
1555 1227 1651 1255 habeat

866 1288 978 1308 causam
997 1279 1038 1307 sui
1054 1285 1126 1306 esse.
1142 1277 1208 1303 'I‘ale
1228 1283 1293 1302 vero
1319 1279 1415 1302 tractat
1430 1279 1487 1302 toto
1503 1275 1591 1308 capite
1607 1282 1652 1300 ar-

866 1329 1025 1361 gumentum
1041 1323 1189 1354 Gemistus,
1204 1322 1275 1356 quod
1291 1322 1314 1349 si
1330 1322 1390 1355 quis
1403 1320 1430 1347 in
1445 1324 1591 1354 conspectu
1606 1321 1653 1347 lia-

867 1371 937 1403 beat,
958 1378 1016 1398 rem
1034 1370 1177 1405 perspicue
1199 1367 1341 1402 intelliget.
1562 1362 1569 1368 '

902 1429 987 1455 Omne
1000 1428 1070 1462 quod
1080 1425 1115 1454 'ftt
1129 1426 1162 1453 ab
1178 1426 1264 1461 aliqua
1281 1431 1362 1452 causa
1376 1443 1384 1455 ,
1402 1432 1514 1452 necesse
1527 1428 1568 1451 est
1583 1424 1652 1451 fieri.

869 1473 921 1500 Sed
935 1473 1025 1500 omnis
1038 1479 1120 1498 causa
1136 1477 1197 1505 quae
1216 1470 1317 1504 aliquid
1340 1468 1415 1502 facit,
1434 1468 1550 1504 idipsum
1563 1473 1590 1495 et
1606 1476 1654 1495 nc-

869 1519 989 1546 cossario
998 1523 1024 1546 ct
1034 1523 1107 1545 certo
1120 1516 1195 1543 facit.
1209 1516 1279 1551 Ergo
1294 1515 1385 1542 omnia
1404 1514 1473 1541 fiunt
1485 1515 1651 1542 necessario.

830 1567 852 1597 ο
870 1563 1000 1590 Minorem
1014 1560 1257 1595 c0nccditquidetn
1276 1558 1448 1590 Aristoteles,
1461 1555 1508 1585 Sed
1523 1558 1653 1593 majorem

872 1609 980 1641 Innitat,
998 1607 1070 1635 unde
1087 1615 1102 1634 a
1124 1607 1247 1634 Getuisto
1264 1604 1482 1640 reprelienditur.

906 1665 997 1692 CAPUT
1017 1664 1087 1691 XIX.
1113 1663 1215 1690 Motum
1244 1663 1271 1689 in
1296 1661 1377 1689 rebus
1402 1661 1571 1689 naturalibus
1593 1669 1654 1689 esse

871 1713 1039 1745 acquivocum
1069 1715 1096 1738 et
1121 1718 1205 1737 unum
1236 1709 1351 1744 agendo,
1381 1709 1496 1735 alterum
1529 1709 1656 1743 patiendo

872 1759 941 1785 ﬁt'ri.

910 1814 1001 1842 CAPUT
1017 1813 1076 1841 XX.
1100 1813 1137 1841 Dc
1160 1813 1227 1841 ideis
1245 1818 1254 1840 ε
1273 1812 1362 1839 sintne
1395 1811 1481 1845 idem;
1506 1815 1562 1838 tum
1592 1810 1656 1844 quid

872 1861 939 1892 sint,
958 1867 984 1888 et
1001 1860 1166 1895 cujnsmodi,
1182 1863 1208 1886 ct
1230 1859 1329 1894 quibus
1351 1858 1502 1886 rationibus
1525 1856 1584 1884 illas
1599 1856 1657 1884 Pla-

874 1908 958 1935 tonici
974 1908 1104 1935 adversus
1119 1905 1290 1934 Aristotelem
1307 1904 1492 1932 adversarium
1511 1911 1590 1930 suum
1609 1903 1659 1930 de-

875 1954 996 1981 I'cndnnt.
