1864 3056
708 78 785 86 ινα-ις»
815 83 825 85 ν.

152 149 207 182 945

614 154 808 185 LAUDATIO
830 153 1027 184 FUNEBRIS
1048 154 1205 184 CLEOP/E
1227 155 1316 186 AUG.

1725 144 1777 182 sits
1814 130 1823 140 ’

187 207 349 245 Γενναιότης
364 211 391 238 δὲ
404 211 420 247 ή
438 213 500 248 περὶ
512 213 600 240 ταῦτα
620 214 708 241 πάντα
727 214 866 250 καμάτους
890 214 937 241 καλ
950 212 974 241 Δ

1024 212 1195 242 Generosius
1212 219 1300 241 autem
1321 213 1402 240 animi
1439 213 1495 240 haec
1507 212 1576 241 erat~
1591 217 1619 239 nt
1635 220 1665 240 ea
1685 213 1777 239 omnia

153 253 250 287 πόνους
262 255 293 282 οὗ
308 257 426 290 φαύλους
440 257 536 293 έχοντα
546 258 597 286 οὐκ
614 259 733 293 έκλυσις.

186 345 266 373 οὕτω
280 346 309 373 δὲ
325 346 371 373 καὶ
383 347 452 381 μετά
461 347 590 376 τοιούτων
606 349 830 386 ἐπιτηδευμάτων
842 352 938 386 βιοῢσα

151 392 198 418 καὶ
220 392 308 419 ταῦτα
334 392 456 419 ἀσκοῦσα
478 395 524 421 καὶ
549 395 690 428 μελετῶσα
715 397 785 424 καλά
800 406 829 424 τε
845 398 937 431 καλοῖς

149 438 194 464 ἀεὶ
220 437 410 474 προστιθεῖσα.
426 439 473 467 ἰπὶ
500 440 663 477 θυγατριδίῳ
690 442 766 477 καλῷ
794 452 824 470 τι
848 445 937 479 κάγα-

150 482 190 518 θῷ
208 483 255 510 καὶ
269 484 324 510 τῶν
340 485 442 518 γονέων
459 485 536 521 ἀξίῳ,
564 487 594 513 ἐν
611 488 679 524 αὐτῇ
705 490 736 523 τῇ
762 490 811 525 τῆς
828 491 937 525 ἡλικίας

149 528 239 564 ἀκμῇ,
255 529 404 565 προσθείην
417 530 439 557 δ’
456 531 499 565 ἂν,
516 532 556 559 ὅτι
578 533 625 560 καὶ
647 534 702 561 τῶν
718 535 861 570 ἡμετέρων
878 537 939 572 ἐορ-

150 574 205 600 τῶν
228 583 258 601 τε
277 576 325 602 καὶ
349 576 432 611 ιερῶν
461 578 518 610 τοῖς
540 578 702 613 ἁγιωτάτοις
726 581 788 616 ἄρτι
810 582 864 618 (Η)
889 583 937 610 τοῦ

150 621 307 654 ἀγιωτάτου
332 623 387 650 τῶν
407 625 552 660 ἡμετέρων
572 627 752 662 μετειληφυῖα
768 630 936 664 μυστηρίων,

151 667 222 702 νόσῳ
237 677 266 695 τε
281 668 408 706 ὀξυτάτῃ,
428 671 476 698 καὶ
497 672 632 706 κρείττονι
647 674 737 709 πάσης
755 675 878 711 ίατρικῆς
894 678 938 711 ἑγ-

151 713 302 748 χειρήσεως
319 715 367 741 τοῦ
382 715 445 750 τῇδε
462 715 521 750 βίου
536 714 703 754 ὑπεκχωρεῖ,
727 718 771 750 Ὠς
784 721 831 747 καὶ
847 721 938 747 έντεῦ-

151 756 197 784 θεν
214 758 326 795 θεοφιλῆ
339 761 395 796 (15)
413 761 447 788 ἃν
465 762 578 796 εἰκότως
597 764 696 797 δοκεῖν,
714 766 743 792 ὲν
759 767 872 801 τοιούτῳ
889 767 937 795 τοῦ

151 803 248 838 καιροῦ
275 804 327 831 ὑπὸ
356 804 424 832 Θεοῦ
453 808 667 844 ἀνιιλημμένην,
687 810 788 845 πολλὴν
811 813 861 847 μὲν
881 815 937 846 τοῖς

151 849 284 907 Emmqu
297 852 458 907 κατηφιιαν,
475 854 604 889 πλείστην
620 856 647 882 δὲ
660 856 698 892 τῷ
713 857 845 895 θειοτάτῳ
858 861 936 895 ἡμῶν
949 877 972 907 Β

151 895 268 930 ἡγεμόνι
295 897 467 926 ἀπολιποῦσα
493 900 612 936 ἀθυμίαν
635 902 681 929 ἐπὶ
704 904 736 940 τῇ
753 905 853 941 ἑαυτῆς
867 907 936 934 ἀπο-

152 941 216 977 ϐολῇ
221 962 228 968 .

193 987 263 1015 Ἀλλ’
279 989 304 1016 εί
322 989 374 1024 μὲν
388 991 472 1026 μηδέν
491 1001 516 1019 τι
531 991 565 1029 ἦν
580 995 609 1021 ὲν
622 995 660 1031 τῷ
681 997 818 1034 ἀνθρώπῳ
834 999 938 1026 ἀθάνα-

150 1041 215 1080 τονῆ
235 1034 387 1069 ἀνήκεστον
402 1037 435 1064 ἃν
450 1035 485 1073 ἧν
505 1039 578 1066 κατὰ
601 1040 632 1067 τὸ
651 1043 725 1074 είκὸς
744 1043 791 1070 καὶ
807 1045 821 1078 ὴ
838 1044 886 1071 ἐπὶ
900 1045 938 1080 τῷ

151 1078 260 1125 δανάτῳ
273 1080 377 1116 ἀθυμία
389 1089 397 1098 ·
423 1082 471 1110 νῦν
488 1083 546 1118 (16)
561 1085 584 1111 δ’
597 1085 612 1112 ὅ
631 1095 658 1113 τι
679 1088 779 1123 φαμὲν,
797 1090 827 1116 τὸ
851 1091 900 1125 μέν
911 1078 938 1118 τι

152 1124 230 1159 ήμῶν
257 1126 354 1162 θνητὸν
380 1126 460 1162 εἶναι,
481 1129 511 1156 τὸ
537 1129 559 1156 δ’
574 1131 717 1166 ἀθάνατον,
739 1133 808 1169 δῆλα
825 1124 868 1169 δὴ,
896 1137 937 1164 ὅτι

150 1170 223 1197 τοῦτ’
242 1171 275 1198 ἂν
297 1172 327 1199 τὺ
344 1174 513 1208 κυριώτατον
536 1176 615 1212 ἡμῶν
641 1179 689 1206 καὶ
710 1179 724 1206 ὃ
750 1181 868 1215 μάλιστα
888 1183 936 1211 ἄν·

151 1217 260 1264 Θρωπος
282 1219 323 1254 εἴη
346 1219 376 1246 τὺ
394 1220 536 1255 ἀθάνατον,
554 1223 585 1250 τὸ
599 1224 631 1251 δὲ.
649 1225 746 1261 θνητὸν
767 1229 842 1255 τουτὶ
857 1238 939 1264 χιτω-

149 1263 208 1289 νίου
225 1264 296 1336 ’ἓινὸς
309 1264 398 1301 δίκην,
416 1266 455 1302 τῷ
469 1267 597 1304 ἀθανάτῳ
616 1270 649 1298 ἂν
662 1272 741 1306 ἡμῶν
757 1274 800 1308 εῐη
816 1263 937 1311 προσηρ-

151 1317 226 1336 μοσυ.
244 1319 300 1336 νον.

151 1317 300 1345 μοσμενον.

187 1400 235 1445 ’ᾨς
249 1410 300 1445 που
317 1402 370 1430 κᾶν
381 1402 438 1438 ἔχοι
452 1405 554 1438 καλῶς,
570 1408 616 1433 ἐπὶ
630 1409 663 1443 τῇ
679 1409 726 1436 τοῦ
739 1411 863 1445 χιτωνίου
877 1413 936 1440 τοῦ-

149 1442 178 1470 δε
195 1443 327 1480 ἀποϐολῇ,
340 1445 400 1473 οὗθ’
411 1447 481 1481 ὑπὲρ
495 1449 576 1484 ἡμῶν
590 1442 690 1485 αὐτῶν,
706 1442 768 1481 οὔτε
783 1457 838 1482 τῶν
851 1458 936 1492 φίλων

150 1492 255 1528 σφόδρα
268 1502 295 1520 τι
306 1493 433 1529 ἀθυμεῖν,
450 1495 502 1528 ἕως
520 1497 554 1524 ἂν
567 1498 598 1525 τὸ
614 1500 782 1535 κυριώτατον
795 1503 872 1538 ἡμῶν
887 1506 935 1532 καὶ

988 265 1047 292 qua:
1080 259 1187 287 labores
1218 268 1271 287 non
1299 259 1419 287 modicos
1447 263 1473 286 et
1511 258 1715 293 defatigationes
1727 259 1775 286 ha-

988 304 1052 332 bent
1083 312 1134 331 non
1160 305 1296 332 deﬁceret.
1583 297 1585 299 ⁷

1024 349 1170 385 Postquam
1191 358 1254 378 eum
1274 350 1307 378 ad
1328 350 1435 377 modum
1450 354 1475 377 et
1492 349 1591 377 talibus
1601 356 1661 376 cum
1676 349 1775 376 studiis

989 396 1103 424 vixisset
1117 401 1143 424 et
1158 397 1200 424 his
1215 397 1333 424 exercita
1352 397 1426 424 curis
1444 398 1514 424 bona
1533 396 1609 423 bonis
1624 396 1775 422 addidisset

988 442 1109 474 assidue,
1133 447 1198 477 post
1216 442 1343 469 tenellam
1363 443 1459 474 tiliam,
1479 442 1620 476 pulchram
1641 449 1717 476 aeque
1741 448 1773 467 ac

994 487 1094 514 bonam
1109 487 1275 522 dignamque
1290 487 1461 522 parentibus,
1478 487 1504 514 in
1519 487 1577 522 ipso
1592 487 1679 515 aetatis
1698 487 1772 519 ﬂore,

988 536 1024 566 et,
1039 537 1069 560 ut
1098 533 1122 560 id
1141 541 1251 568 quoque
1271 534 1433 566 addiderim,
1466 534 1600 568 perceptis
1623 541 1708 568 nuper
1728 541 1773 560 sa-

989 579 1162 606 cratissimas
1177 579 1249 606 intra
1268 580 1454 607 solemnitates
1468 586 1576 607 nostras
1595 583 1622 607 et
1636 580 1776 614 augustis-

989 625 1056 653 sima
1088 625 1222 652 sacriﬁcia
1243 626 1424 653 sanctissimis
1443 625 1588 661 mysteriis,
1618 625 1778 652 acutissimo

990 669 1085 697 morbo
1105 670 1150 704 qui
1168 678 1275 697 nunnem
1298 669 1441 697 medicinae
1471 670 1656 704 operationem
1682 667 1775 703 'snpe-

989 720 1063 744 raret
1081 717 1226 748 exstincta,
1245 723 1277 743 ex
1299 716 1350 743 hac
1367 716 1420 743 vita
1434 715 1564 743 decessit.
1591 715 1630 742 Ita
1649 715 1773 742 utetiam

991 761 1054 790 inde
1071 761 1153 789 aDeo
1175 762 1272 790 dilecta
1288 761 1384 788 merito
1408 765 1554 788 censeatur
1583 768 1643 796 quae
1663 762 1697 788 ab
1717 761 1776 795 ipso

989 807 1016 834 in
1033 807 1079 835 tali
1094 807 1225 842 temporis
1261 807 1465 842 opportunitate
1479 806 1514 834 sit
1533 810 1687 841 assumpta,
1706 805 1778 833 mul-

991 856 1046 880 tum
1081 852 1190 887 quidem
1220 852 1335 880 subditis
1363 858 1520 884 maerorem,
1549 850 1695 886 plurimam
1735 858 1779 878 ve-

990 906 1020 926 ro
1031 898 1203 926 divinissimo
1218 898 1332 934 principi
1344 901 1438 925 nostro
1447 897 1586 925 tristitiam
1604 897 1772 932 relinquens.

1024 987 1104 1020 Quod
1123 986 1146 1014 si
1172 994 1235 1014 vero
1255 986 1322 1013 nihil
1349 990 1422 1013 esset
1438 985 1591 1013 immortale
1609 985 1635 1012 in
1655 985 1776 1020 homine,

989 1035 1200 1063 irremediabilis
1220 1040 1294 1063 esset
1317 1035 1379 1070 jure
1399 1034 1496 1062 merito
1513 1034 1546 1061 de
1563 1039 1651 1062 morte
1671 1035 1778 1062 maesti-

989 1081 1036 1109 tia.
1050 1081 1127 1110 Nunc
1149 1086 1239 1109 autem
1260 1080 1316 1116 (15)
1330 1081 1402 1114 quod
1423 1080 1580 1114 proﬁtemur
1602 1084 1705 1114 partem
1723 1088 1776 1107 no-

991 1128 1041 1156 stri
1077 1127 1189 1154 alteram
1215 1134 1275 1154 esse
1303 1126 1457 1157 mortalem,
1492 1126 1673 1154 immortalem
1705 1133 1782 1153 vero-

989 1173 1113 1206 alteram,
1130 1171 1463 1206 evidenteceonsequitur
1476 1171 1504 1198 id
1520 1171 1598 1205 quod
1619 1171 1779 1198 immortale

989 1220 1154 1256 praecipuam
1173 1219 1258 1246 nostri
1279 1225 1341 1246 esse
1369 1223 1474 1252 partem
1503 1221 1530 1243 et
1555 1215 1664 1251 proprie
1687 1217 1779 1244 homi-

988 1273 1061 1297 nem,
1074 1265 1124 1292 hoc
1136 1269 1235 1291 autem
1245 1263 1316 1297 quod
1335 1267 1377 1290 est
1397 1261 1522 1293 mortale.
1536 1261 1663 1288 tunicula;
1675 1262 1772 1296 cujus-

987 1311 1049 1338 dam
1089 1312 1186 1343 instar,
1213 1310 1245 1337 ad
1281 1309 1308 1336 id
1332 1308 1405 1343 quod
1439 1308 1528 1335 est-in
1559 1307 1639 1335 nobis
1671 1308 1775 1336 mortis

987 1357 1111 1384 nescium
1139 1356 1295 1390 adaptatum
1319 1361 1390 1381 esse.

1026 1402 1122 1437 Itaque
1151 1402 1220 1429 bene
1245 1408 1275 1428 se
1293 1408 1335 1427 res
1354 1400 1462 1432 habent,
1492 1400 1527 1433 si,
1553 1399 1657 1434 abiecta
1689 1400 1773 1427 haece

987 1449 1120 1480 tunicula,
1135 1454 1223 1482 neque
1237 1447 1271 1474 de
1288 1447 1368 1474 nobis
1383 1446 1448 1481 ipsis
1473 1453 1561 1481 neque
1575 1446 1615 1473 de
1631 1446 1703 1474 caris
1729 1453 1777 1473 no-

988 1494 1055 1523 stris
1067 1494 1244 1521 vehementer
1258 1493 1411 1527 lugeamus,
1425 1491 1646 1527 qnandoqnidem
1660 1492 1731 1526 quod
1743 1492 1777 1520 in-

148 1538 164 1564 δ
177 1538 209 1574 δὴ
225 1539 410 1575 αὑτοίνέσμεν,
432 1541 462 1568 οὗ
490 1543 571 1577 μόνον
587 1548 747 1581 συνεστήκοι
769 1557 799 1575 τε
816 1537 867 1577 καὶ
887 1551 937 1577 σώ-
949 1546 972 1578 C
989 1548 999 1566 ⁸

1025 1540 1066 1567 his
1081 1543 1122 1567 est
1138 1539 1301 1573 praecipuum
1330 1542 1355 1565 et
1368 1537 1440 1572 quod
1462 1538 1514 1572 ipsi
1532 1545 1627 1566 sumus
1655 1545 1709 1565 non
1725 1545 1771 1565 so-

149 1583 234 1617 ζοιτο,
252 1585 320 1614 ἀλλὰ
346 1587 393 1613 καὶ
416 1588 483 1622 πρὸς
504 1589 629 1623 ἀμείνοσι
654 1592 806 1628 διατριϐαῖς
826 1597 938 1630 γεγονὸς

148 1630 194 1665 εῐη
207 1630 262 1656 τῶν
276 1631 339 1666 τῇδε
350 1639 358 1646 ·
391 1632 439 1659 ἀτε
456 1633 567 1668 ἄμεινόν
586 1644 614 1661 τε
638 1636 686 1663 καὶ
708 1638 938 1673 εἰλικρινέστατον

148 1677 183 1710 τῇ
199 1676 244 1703 τοῦ
258 1677 357 1712 θνητοῦ
371 1678 418 1705 καὶ
431 1679 549 1712 γεώδους
561 1681 638 1708 τοῦδε
655 1684 860 1719 περιδλήματος
870 1688 938 1715 ἀπο-

150 1721 225 1748 θέσει
246 1722 433 1756 ἐφαπτόμενον
448 1732 477 1750 τι
495 1725 549 1751 τῶν
563 1726 644 1753 Θείων
662 1729 710 1755 καὶ
722 1729 868 1758 ἀπολαῦον.
883 1733 937 1759 Καὶ

152 1765 271 1800 μάλιστα
282 1768 309 1794 εῐ
320 1767 359 1803 τῴ
371 1777 412 1800 τις
427 1769 474 1797 καὶ
489 1770 615 1798 ἐντεῦθεν
631 1773 730 1809 μελέτη
744 1776 789 1801 καὶ
807 1778 937 1812 συνήθεια

149 1812 194 1846 εῐη
208 1813 275 1847 πρὸς
287 1813 368 1847 αὐτὰ,
380 1814 445 1841 οἵων
459 1816 505 1842 καὶ
515 1816 564 1851 τὴν
581 1818 628 1844 νῦν
639 1818 783 1854 οίχομένην
795 1822 936 1856 τεύξεσθαι

150 1858 305 1893 ὲλπέζομεν,
321 1859 351 1886 εὖ
374 1860 424 1895 μὲν
451 1861 629 1896 βεδιωκυϊαν,
652 1864 681 1891 εὖ
698 1865 725 1892 δὲ
741 1866 807 1894 Θεὸν
823 1869 936 1904 τεθερα-

151 1904 294 1937 πευκυῖαν,
313 1904 343 1931 εὖ
367 1905 395 1932 δὲ
425 1907 491 1941 πρὸς
513 1907 562 1940 τὰς
579 1909 670 1937 ἐκεῖσε
685 1911 827 1946 διατριϐὰς
853 1923 937 1951 παρε-

150 1951 350 1986 σκευασμένην.

190 1995 220 2021 '0
244 1995 272 2022 δέ
293 2004 326 2029 γε
350 1997 475 2025 ἐντεῦθεν
499 1999 612 2027 ἐκείνων
635 2000 802 2038 ἀμελέτητος
822 2005 937 2038 εἰκότως

149 2041 239 2082 ἐκεῖσε
252 2041 418 2076 ἀφικόμενος
432 2042 556 2079 ίλιγγιῴη
572 2053 601 2071 τε
617 2045 649 2072 ἂν
667 2048 712 2073 καὶ
725 2048 935 2086 ἀποστρέφοιτο,

149 2086 197 2113 ἅτε
215 2087 364 2122 ἀλλοτρίοις
379 2097 409 2115 τε
426 2089 470 2116 διὰ
482 2089 532 2125 τὴν
547 2090 677 2126 ἀλήθειαν
695 2094 741 2120 καὶ
760 2094 790 2120 οὐ
808 2096 878 2124 πάνυ
895 2107 935 2124 τοι

148 2132 239 2168 ἐαυτῷ
273 2135 444 2170 προσήκουσι
475 2137 636 2172 πράγμασιν
670 2140 854 2176 ἐντυγχάνων.
884 2145 935 2172 Λο-

147 2179 255 2213 γιστέον
269 2179 291 2205 δ’
305 2179 338 2207 ἂν
359 2179 404 2216 εῐη
429 2181 493 2217 περὶ
513 2181 561 2209 τοῦ
577 2183 704 2219 θανάτου,
721 2187 845 2223 καθάπερ
862 2189 894 2216 ἂν
910 2191 934 2217 εί

146 2225 213 2260 περὶ
223 2226 377 2262 ἀποδημίας
395 2229 515 2263 μακρᾶς,
531 2229 579 2257 καὶ
591 2231 695 2266 ταύτης
709 2232 756 2259 ἐπὶ
772 2234 839 2262 πολὺ
853 2235 935 2270 ἀμεί-

145 2278 220 2296 vos»
235 2270 267 2297 ἂν
283 2271 375 2298 ἐλπίσι
399 2274 574 2309 γιγνομένης.
589 2276 621 2301 Ol
638 2276 691 2311 γὰρ
708 2277 800 2305 πολλοὶ⁸
820 2279 866 2306 καὶ
890 2281 936 2307 δα-

145 2315 277 2351 κρύουσιν
289 2317 503 2352 ἀποδημούντων
516 2320 572 2347 τῶν
585 2320 764 2357 φιλουμένων,
780 2325 934 2359 ἐννοοῦντες

143 2362 231 2397 δήπου
246 2363 296 2399 τὴν
311 2364 340 2390 ἐν
351 2364 388 2399 τῷ
405 2365 519 2400 παρόντι
534 2366 657 2402 ἀλλήλων
668 2367 819 2398 διάστασιν.
839 2373 933 2407 Ὅμως

146 2407 240 2442 μέντοι
257 2408 438 2444 λογιζόμενοι,
455 2411 498 2446 ἐφ’
510 2412 580 2444 οἵαις
600 2413 698 2440 ἐκεῖνοι
721 2416 876 2444 στέλλονται
892 2414 946 2444 ὲλ-⁹

144 2455 214 2483 πίσι,
229 2454 276 2481 καὶ
288 2456 483 2491 συγχαίρουσιν
495 2465 501 2472 ’
518 2458 556 2490 ὼς
572 2458 647 2492 δῆλοι
662 2461 800 2495 γίγνονται
816 2463 855 2497 τῷ
871 2465 935 2491 συλ-

144 2500 294 2534 λαμϐάνειν
316 2502 390 2529 ἔστιν
411 2503 456 2529 ὅτε
472 2503 575 2537 αὐτοῖς,
599 2506 663 2540 περὶ
683 2507 768 2542 συχνὰ
791 2508 847 2535 τῶν
864 2511 933 2545 πρὸς

144 2545 302 2580 ἀποδημίαν
319 2546 465 2581 φερόντων.
485 2547 564 2575 Οὕτω
584 2548 616 2584 δὴ
629 2549 676 2576 καὶ
691 2550 738 2576 ἐπὶ
750 2551 794 2577 τοῦ
817 2553 934 2580 θανάτου

144 2590 199 2616 τῶν
225 2591 396 2627 φιλουμένων
418 2593 549 2628 ἀχρεσθαι
578 2595 629 2629 μὲν
651 2596 726 2631 ἡμᾶς
740 2597 808 2632 πρὸς
830 2597 931 2632 ὀλίγον,

144 2637 256 2664 ἐκείνων
274 2638 537 2674 ἀπολελειμμένους,
552 2639 596 2666 ἐπ’
606 2641 676 2677 αὐτῇ
688 2643 720 2677 τῇ
731 2643 884 2677 ἀπολείψει,
900 2645 930 2671 οὐ

144 2683 216 2710 πάνυ
231 2693 257 2710 τι
273 2684 306 2711 ἂν
326 2685 368 2720 εἴη
386 2685 488 2712 ἄτοπον
499 2693 506 2701 ³
520 2686 713 2723 λογιζομένους
735 2688 839 2723 μέντοι,
857 2690 930 2716 ὲκεί-

181 2761 239 2795 (ιι)
253 2762 365 2790 Sacram
383 2764 507 2791 missam.

181 2797 380 2836 ιιόλθεπιφιλης
392 2799 582 2836 (eliplieattls.
591 2800 624 2827 de
635 2809 677 2832 eo,
688 2801 733 2834 qui
745 2806 817 2828 recte
828 2804 932 2836 agendo

145 2833 334 2872 κειτορῦοςιτιι.
349 2834 424 2872 Δζιιιιε
443 2834 559 2872 Ofb/asa;
581 2833 784 2871 οεοφιλὲἀτερος
810 2833 858 2872 ιιιιῖ
879 2839 932 2867 Χο-

144 2869 228 2903 uoplt.
250 2869 326 2896 Mem.
347 2869 391 2902 ιν,
410 2870 438 2902 8,

991 1588 1046 1615 lum
1061 1587 1193 1614 consistat
1204 1591 1232 1612 et.
1245 1589 1379 1616 servetur,
1392 1584 1440 1611 sed
1457 1589 1484 1612 et
1501 1584 1534 1612 ad
1563 1584 1675 1612 meliora
1693 1592 1776 1620 quam

990 1641 1050 1668 quae
1066 1632 1111 1659 hic
1127 1630 1359 1658 snnttransierit:
1388 1629 1487 1657 melius
1510 1630 1611 1665 quippe
1630 1635 1656 1657 et
1682 1630 1774 1658 since-

989 1679 1057 1709 rius,
1072 1678 1197 1712 dep0sito
1228 1675 1334 1703 mortali
1356 1675 1409 1702 hoc
1438 1681 1465 1703 et
1481 1676 1603 1703 terrestri
1619 1676 1774 1707 involucra,

988 1725 1080 1753 divina
1091 1724 1200 1758 attingit
1213 1723 1309 1754 hisque
1323 1721 1435 1753 fruitur,
1456 1722 1478 1749 si
1493 1722 1538 1748 cui
1557 1722 1774 1756 praasertimjam

987 1776 1014 1798 et
1044 1772 1106 1797 hinc
1131 1768 1287 1796 exercitatio
1309 1767 1391 1794 fuerit
1415 1772 1442 1794 et
1474 1768 1644 1795 consuetudo
1678 1769 1712 1795 ad
1742 1776 1774 1795 ea

990 1816 1080 1852 qualia
1090 1820 1301 1843 consecutura-tt
1316 1820 1375 1840 esse
1391 1819 1533 1846 speramus
1548 1821 1607 1840 eam
1622 1821 1685 1848 quae
1697 1814 1777 1841 modo

987 1862 1113 1890 defuncta
1147 1865 1198 1894 est,
1229 1866 1343 1894 qumque
1357 1859 1458 1894 optime
1485 1859 1563 1892 vixit,
1588 1859 1691 1895 optime
1717 1860 1774 1887 Deo

987 1908 1114 1936 servierit
1136 1913 1162 1934 et
1183 1906 1286 1942 optime
1302 1911 1426 1939 superna:
1446 1904 1484 1932 illi
1499 1904 1703 1936 conversationi
1716 1912 1777 1934 sese

988 1954 1160 1989 prarparavit.

1023 1997 1074 2031 Qui
1086 2002 1176 2025 autem
1195 1997 1239 2025 hic
1251 1998 1306 2026 illis
1321 1999 1348 2026 in
1366 1998 1448 2026 rehus
1460 1996 1543 2025 fuerit
1560 1996 1771 2029 inexercitatus,

987 2044 1053 2072 illuc
1068 2053 1129 2072 cum
1141 2046 1305 2079 pervenerit,
1322 2046 1466 2080 vertigine,
1483 2049 1512 2072 ut
1531 2051 1581 2079 par
1599 2048 1652 2077 est,
1669 2043 1774 2071 tenebi-

988 2096 1032 2119 tur
1048 2091 1284 2125 aversabiturque,
1299 2096 1328 2118 ut
1345 2092 1392 2126 qui
1410 2092 1442 2119 ad
1456 2091 1553 2121 aliena
1563 2097 1626 2118 vere
1658 2094 1685 2118 et
1699 2090 1775 2117 nullo

988 2137 1069 2165 modo
1088 2137 1121 2164 ad
1135 2144 1164 2164 se
1179 2136 1341 2172 pertinentia
1354 2136 1516 2164 occurrerit.
1536 2135 1621 2163 Porro
1639 2135 1672 2162 de
1687 2141 1776 2163 morte

988 2183 1025 2210 ita
1040 2183 1210 2210 sentiendum
1226 2183 1308 2210 fuerit
1319 2184 1396 2217 quasi
1411 2183 1445 2210 de
1456 2183 1602 2218 longinqua
1617 2181 1776 2217 peregrina-

992 2229 1076 2262 tione,
1097 2237 1157 2264 quae
1173 2230 1206 2256 ad
1219 2237 1282 2264 spes
1301 2230 1385 2256 multo
1395 2229 1523 2257 meliores
1540 2228 1637 2256 initur.
1654 2228 1724 2255 Nam
1747 2233 1775 2256 et

991 2275 1127 2310 plerique,
1145 2274 1383 2310 proﬁciscentibus
1401 2275 1509 2305 amicis,
1527 2274 1724 2309 laeryntantur,
1748 2274 1775 2300 in

986 2320 1115 2356 praasenti
1134 2321 1229 2354 utique
1248 2325 1371 2347 mutuam
1387 2320 1586 2354 separationcm
1603 2320 1695 2347 animo
1715 2321 1775 2346 vol-

987 2371 1091 2394 ventes.
1107 2365 1200 2401 Neqne
1214 2373 1247 2393 eo
1258 2366 1358 2396 minus.
1376 2369 1538 2398 reputantes
1565 2373 1633 2400 quas
1648 2365 1682 2392 ob
1711 2373 1774 2400 spes

986 2413 1020 2439 ad
1032 2413 1083 2439 iter
1096 2419 1157 2440 sese
1173 2411 1314 2445 accingam
1334 2409 1384 2441 illiI
1403 2410 1588 2444 congaudent,
1622 2410 1694 2445 quod
1710 2410 1773 2445 qni-

985 2458 1046 2485 dem
1064 2461 1138 2492 patet
1152 2457 1216 2483 dum
1230 2456 1264 2483 iis
1283 2455 1452 2483 collaborant
1470 2455 1616 2487 aliquando
1631 2456 1657 2482 in
1688 2455 1773 2482 ntnlta

985 2512 1046 2539 qua:
1062 2505 1096 2531 ad
1122 2502 1366 2538 peregrinationem
1394 2501 1546 2528 conl’ernnt.
1577 2501 1624 2529 Sic
1654 2502 1774 2537 igitnret

986 2558 1036 2578 nos
1057 2551 1091 2578 de
1108 2543 1195 2577 ῖιιυιῑο
1209 2550 1356 2577 charorum
1374 2548 1463 2575 dolere
1487 2548 1521 2574 ab
1537 2547 1590 2575 illis
1613 2548 1770 2580 derelictos,

986 2596 1038 2624 sub
1049 2595 1136 2630 ipsam
1155 2594 1370 2625 derelictionem,
1388 2600 1559 2628 nequaquam
1575 2593 1771 2621 inconveniens

986 2641 1078 2669 fuerit.
1093 2641 1305 2668 Considerantes
1320 2645 1407 2667 tamen
1418 2640 1513 2674 quales
1522 2641 1555 2666 ad
1579 2640 1659 2667 sedes
1673 2641 1772 2674 migra-

986 2689 1074 2716 verint
1089 2687 1134 2715 isti
1150 2692 1178 2714 et
1194 2688 1321 2715 meliores
1335 2687 1548 2721 diviniuresqne,
1575 2694 1680 2722 nosque
1697 2687 1772 2722 ipsos

1025 2767 1034 2796 (
1040 2766 1082 2800 16)
1098 2765 1135 2792 Τὸ
1155 2765 1317 2798 ὑπολειφθὲν
1333 2765 1423 2800 σῶμα,
1442 2763 1542 2797 γεῶδες
1556 2763 1585 2790 ὃν
1599 2765 1646 2791 καὶ
1663 2765 1771 2799 ἄλογον,

985 2802 1035 2828 οὐκ
1053 2802 1127 2827 ἐστιν
1141 2801 1155 2826 ό
1170 2801 1324 2834 ἅνθρωπος.
1345 2800 1441 2834 ἸΙμείς
1456 2799 1506 2831 μὲν
1520 2800 1572 2833 γάρ
1588 2801 1671 2834 ἐσμεν
1684 2800 1770 2835 ψυχὴ,

986 2837 1056 2868 ζῶον
1088 2836 1232 2872 domm,
1309 2835 1399 2870 υιιητῴ
1423 2835 1622 2869 καθειργμένον
1639 2837 1770 2872 φρουρίῳ.

987 2871 1112 2900 Aisehiu.
1130 2871 1194 2898 Dial.
1209 2878 1248 2901 ιιι,
