1799 3067
27 143 73 175 953

383 142 578 174 LAUDATIO
593 141 784 174 FUNEBRIS
804 143 968 176 HELEN/E
986 144 1282 178 PALIEOLOGINIE.

1578 142 1632 175 95‘

26 199 58 225 Τὸ
72 197 97 223 δὲ
111 205 210 233 μουσας
224 197 311 233 τιμῶν
325 197 402 230 ἔθνος
416 199 466 226 οὑκ
482 199 615 234 ἄμουσον,
630 200 691 227 οὐδὲ
713 201 736 227 ἀι

919 205 937 233 is
953 212 1124 241 nequaquam
1139 204 1226 232 aliena
1250 207 1309 232 erat
1324 202 1500 238 animumque
1510 201 1552 230 ob
1563 202 1629 230 Insi-

26 246 107 271 δευτον
124 243 184 271 οὐδέ
199 252 232 278 γε
260 243 290 271 τὸ
308 244 396 280 ψυχῆς
412 245 585 281 ἀνθρωπίνης
601 246 636 281 τῇ
659 246 794 282 ἀθανασίᾳ

30 290 129 324 νομίζον
148 289 254 323 ἀτενές.
271 289 373 316 Τούτου
393 289 439 316 τοῦ
465 290 571 324 γένους,
587 292 600 318 δ
615 292 664 326 τῆς
677 291 740 326 ἂρτι
763 290 795 326 δὴ

26 335 214 371 μετηλλαχυίας
226 335 271 362 τὸν
286 335 343 370 βίον
362 335 499 370 βασιλίδος
511 336 602 372 πατὴρ
615 333 648 373 ἦν
663 337 753 372 χώρας
764 345 795 364 τι

26 383 106 416 ἄρχων
118 381 148 407 οὐ
158 381 233 417 παρὰ
252 381 340 415 Ἀξιὸν
353 381 485 416 ποταμὸν,
495 378 525 409 οὗ
538 383 568 409 τὺ
584 382 655 419 ὕδωρ
671 384 700 410 ὲν
713 391 794 410 ποτα-

27 428 101 461 μείων
128 427 232 454 ὑδάτων
257 428 312 458 τοῖς
336 426 495 462 κρατίστοις
523 429 570 454 καὶ
599 428 794 462 ὑγιεινοτάτοις

25 474 101 499 πίνειν
113 472 181 505 ἐστὶ,
198 472 244 498 καὶ
263 472 344 503 αὐτος
362 473 390 499 ἐν
405 472 510 508 ἀνδρῶν
522 474 579 505 τοῖς
594 474 794 509 ἀνδρειοτάτοις

25 519 65 545 καὶ
88 519 267 550 δικαιοτάτοις
287 519 438 553 τυγχάνων,
461 520 508 546 καὶ
532 520 566 547 τά
591 528 622 553 γε
646 520 713 555 πρὸς
731 521 795 553 τοὺς

26 564 108 599 φίλους
121 565 292 595 πιστότατος.
309 564 438 592 Τοιούτου
460 565 490 592 δὲ
513 565 615 600 πατρὸς
633 568 762 601 γεγονυῖα
777 568 794 603 ὴ

26 610 71 636 τῶν
91 610 233 645 ἡμετέρων
260 609 395 644 βασιλέων
422 618 452 636 τε
479 611 526 638 καὶ
553 611 695 646 ἡγεμόνων
723 611 794 648 αὕτη

28 655 119 690 μήτηρ,
133 655 173 690 τῷ
185 654 290 682 τούτων
308 655 394 691 πατρὶ
408 656 534 691 ἐγήματο
551 656 640 692 πολλῴ
657 658 794 694 κρείττονι

25 702 66 736 τήν
77 710 104 728 τε
125 701 204 734 ἀξίαν
218 702 303 738 τύχην
317 702 334 738 ἢ
352 702 423 729 κατὰ
438 704 502 734 τοὺς
516 703 615 739 ἑαυτῆς
638 704 733 738 γονέας
745 705 794 731 καὶ

25 748 88 783 αὖτῷ
109 756 140 774 τε
165 747 242 783 καλῷ
265 747 381 783 κάγαθῷ
409 748 528 784 βασιλεῖ,
550 750 598 777 καὶ¹
625 750 675 777 οὐκ
696 750 795 785 ὀλίγων

25 794 143 821 τοιούτων
167 794 303 830 βασιλέων
333 794 461 830 ἀπογόνῳ
493 795 663 830 βασιλεύοντι
690 805 719 823 τε
745 797 794 823 τοῦ

24 841 146 876 ἡμετέρου
162 840 258 867 τούτου
272 840 318 867 τοῦ
343 840 486 875 Ῥωμαίων
500 841 607 876 γένους,
622 838 652 869 οὔ
667 843 732 879 περὶ
744 841 794 878 τῆς

25 887 98 914 πάλαι
117 887 246 923 εὐτυχίας
261 894 291 913 τε
307 887 366 922 ἅμα
385 888 432 914 καὶ
443 888 472 919 ἐς
493 888 578 915 πλείω
598 888 794 925 διακεκριμένη

24 932 98 966 γένει,
111 932 192 968 ἡμῶν
211 933 261 968 μὲν
273 932 418 968 κρείττων,
431 933 540 960 ἐκείνου
564 933 591 961 δέ
607 942 634 961 τι
652 935 723 963 πάνυ
741 935 795 962 λεις

24 980 130 1015 πομένη.
145 979 204 1006 Οὐκ
226 978 301 1006 ἔστιν
320 977 353 1006 αὖ
366 978 395 1010 ὃς
410 979 442 1005 οὑ
466 979 515 1006 καὶ
535 979 613 1007 τοῦτο
639 981 740 1015 νομιεῖ.
754 981 792 1008 Οὐ

24 1025 69 1061 γὰρ
89 1025 200 1058 ἀξιώσει
222 1033 264 1056 τις
279 1024 334 1052 τῶν
348 1024 396 1052 τοῦ
410 1024 478 1052 Θεοῦ
496 1025 585 1061 ἔργων
600 1025 630 1052 τὸ
648 1026 795 1061 κράτιστον

23 1071 88 1105 ἡμᾶς
102 1079 130 1097 τε
142 1068 225 1104 εἶναι,
237 1070 337 1102 ταύτας
345 1069 378 1106 δὴ
389 1070 438 1102 τὰς
450 1070 529 1106 ἡμῶν
542 1071 684 1106 κρείττους
700 1071 796 1106 φύσεις

23 1116 98 1149 οῦδεὶς
123 1117 200 1148 ὅστις
226 1117 257 1143 οὺ
279 1116 341 1149 νοῦς
365 1115 399 1143 ἂν
417 1116 483 1152 φαίη
511 1116 581 1146 εἶναι
596 1117 612 1153 ἢ
629 1118 676 1144 καὶ
706 1118 794 1154 ψυχάς

23 1170 88 1193 τινας
113 1162 169 1189 τῶν
198 1162 344 1198 ἡμετέρων
372 1162 533 1198 κρείττους·
564 1164 587 1190 εί
611 1163 640 1190 δὲ
671 1164 794 1191 τοιαῦται

23 1208 116 1235 ἐκεῖναι
130 1207 238 1243 φύσεις,
253 1208 280 1234 τί
298 1208 331 1235 ἂν
344 1207 410 1235 ἄλλο
421 1208 511 1235 αὐτῶν
525 1209 555 1235 τδ
571 1210 737 1245 κυριώτατον
749 1211 792 1245 εἴη

23 1254 93 1288 ἔργον
109 1254 157 1281 καὶ
176 1253 308 1289 πρᾶξιςῆ
331 1254 349 1289 ὴ
373 1254 427 1280 τῶν
447 1254 533 1280 ὄντων
550 1254 660 1290 θεωρία,
678 1259 725 1282 καὶ
751 1256 794 1283 ἐπ’

22 1301 82 1336 αὐτῇ
102 1301 118 1336 ή
135 1299 184 1328 τοῦ
204 1300 260 1327 τῶν
281 1300 350 1327 ὅλων
367 1301 541 1336 Δημιουργοῦ
566 1302 665 1334 ἔννοια,
691 1300 726 1339 ἦς
741 1303 797 1334 τοῖς

23 1347 160 1381 τυγχάνειν
173 1346 337 1381 πεφυκόσιν,
353 1346 465 1382 οὐδεμία
484 1355 526 1379 τις
548 1346 582 1374 ἂν
600 1347 667 1382 άλλη
692 1347 798 1381 γένοιτο

23 1393 146 1428 κρείττων
163 1392 265 1428 πρᾶξις
280 1393 340 1420 οὐδὲ
356 1392 567 1428 μακαριωτέρα,
582 1390 616 1429 ἧς
630 1394 676 1419 κού¹
692 1393 798 1428 ἄνθρω-

23 1447 65 1470 πος
85 1439 151 1474 πρὸς
172 1440 206 1474 τῇ
231 1439 298 1475 ἄλλῃ
313 1439 367 1466 τῶν
381 1439 466 1466 ὄντων
482 1439 596 1475 θεωρίᾳ,
623 1440 669 1466 καὶ
695 1439 797 1475 ταύτης

22 1484 92 1519 δῆλός
111 1485 170 1511 ἔστι
181 1485 337 1520 τυγχάνων.
354 1485 458 1512 οὐκοῦν
475 1485 505 1512 οὑ
527 1486 608 1520 μόνον
623 1486 679 1516 τοῖς
696 1486 798 1521 θηρίων

848 255 903 278 tam
922 251 1157 280 immortalitatem
1178 251 1289 286 plurimi
1306 248 1631 284 f‘aciebat.lmperatricis

844 301 935 325 autem
968 302 1069 326 οοειηιε
1096 305 1158 332 qua
1177 304 1251 325 nunc
1278 296 1395 324 maxime
1425 299 1549 323 emortua
1576 299 1629 328 est,

843 347 921 378 pater
933 343 1070 379 regionem
1088 351 1143 371 non
1173 342 1256 371 vilem
1292 349 1376 377 prope
1402 341 1501 368 Axium
1528 340 1628 368 ﬂumen

844 389 966 424 regebat,
979 389 1058 424 cujus
1082 396 1153 424 aqua
1171 388 1366 424 potabilissima
1380 387 1476 415 eadem
1503 391 1531 414 et
1555 385 1629 414 salu-

843 434 962 462 berrima
985 438 1122 463 censetur.
1140 434 1198 463 Rex
1220 435 1279 469 ipse
1298 433 1462 462 fortissimus
1472 430 1629 467 etjustissi-

845 487 906 508 mus
923 479 1045 511 virorum
1066 485 1094 508 et
1107 487 1171 516 erga
1186 480 1290 508 amicos
1319 479 1468 507 fidissimus
1481 477 1541 506 fuit.
1552 477 1630 505 -'l'alis

844 524 926 560 igitur
940 525 1061 560 parentis
1089 525 1143 552 filia
1171 525 1366 560 imperatorum
1394 530 1426 551 ac
1452 524 1550 551 ducum
1580 530 1631 550 no-

844 575 964 598 urorum
981 575 1077 604 mater,
1095 572 1191 599 horum
1211 571 1327 605 genitori
1341 574 1470 605 nupserat
1485 569 1531 604 qui
1549 576 1628 603 gene-

845 615 882 644 ris
901 616 1044 644 nobilitate
1068 621 1096 644 et
1120 616 1236 644 fortuna;
1254 616 1352 651 opibus
1381 615 1467 643 multo
1487 614 1586 642 clarior
1602 617 1632 640 ut

843 667 872 691 et
884 663 1013 690 virtutum
1025 663 1112 699 gloria
1128 663 1155 690 in
1170 663 1343 691 Romaeorum
1357 662 1457 697 populo
1470 661 1630 693 excellebat,

844 709 968 744 quamvis
982 708 1103 737 inferiori
1119 709 1177 744 ipsa
1196 709 1255 736 loco
1278 708 1393 736 oriunda
1416 712 1500 740 esset,
1516 706 1542 734 id
1559 706 1631 740 quod

844 755 917 783 inter
944 762 1040 783 omnes
1061 758 1177 783 constat.
1206 754 1366 789 Quicunque
1394 753 1465 781 enim
1494 752 1630 780 hominem

844 800 1101 834 prastantissimum
1112 799 1248 827 Creatoris
1268 806 1337 834 opus
1354 799 1503 830 existimat,
1521 796 1632 824 minime

846 846 954 879 animas
968 845 1074 881 aliquas
1089 845 1190 873 nostris
1206 845 1333 873 meliores
1343 852 1404 872 esse
1420 843 1540 879 negabit.
1556 842 1632 876 Quod

847 891 872 920 si
888 892 924 919 ita
948 895 1000 925 est,
1012 891 1077 926 quid
1090 891 1230 926 antiquius
1258 897 1320 919 esse
1341 894 1430 925 potest
1446 896 1527 925 quam
1542 888 1634 923 opinio

846 945 908 973 qua:
920 945 952 965 ex
970 944 1060 966 rerum
1077 942 1232 965 creatarum
1257 935 1477 965 consideratione
1492 934 1590 966 oritur,
1607 937 1635 960 et

847 983 901 1010 line
911 991 993 1018 quem
1004 982 1124 1011 universi
1138 983 1264 1011 conditor
1272 983 1325 1011 sibi
1337 980 1486 1017 praposuit,
1498 987 1553 1015 quo
1567 979 1634 1006 nihil

847 1030 956 1064 melius,
972 1030 1010 1058 nil
1028 1030 1135 1058 beatius
1152 1029 1266 1065 cogitari
1284 1033 1384 1065 potest,
1404 1032 1431 1056 et
1445 1027 1523 1063 cujus
1552 1026 1635 1053 homo

848 1076 906 1111 ipse
933 1075 1077 1104 manifeste
1101 1076 1236 1111 particeps
1249 1079 1302 1104 est.
1315 1074 1398 1111 Igitur
1412 1081 1467 1101 non
1483 1077 1589 1100 tantum
1605 1076 1635 1098 ut

850 1125 944 1151 cetera
958 1121 1086 1149 animalia
1100 1125 1259 1157 operaretur
1276 1121 1370 1152 bomo,
1384 1119 1434 1147 scd
1445 1117 1632 1146 nobilissimov

850 1175 909 1196 rum
923 1168 1005 1196 simul
1018 1175 1102 1203 penes
1116 1175 1168 1196 nos
1183 1174 1313 1203 generum
1340 1164 1494 1200 exemplum
1519 1163 1546 1191 in
1567 1170 1634 1198 ope-

848 1214 934 1241 rando
958 1217 985 1241 et
1007 1220 1070 1241 cum
1098 1212 1160 1241 aliis
1173 1211 1346 1241 subsistendo
1367 1215 1537 1246 sequeretur.
1553 1208 1633 1235 Rela-

850 1258 950 1287 tionem
983 1258 1056 1286 cnim
1086 1262 1187 1286 certam
1225 1256 1392 1284 intercedere
1422 1258 1531 1290 oportet
1562 1254 1634 1281 inter

848 1304 1036 1332 exsistenliam
1061 1307 1089 1331 et
1115 1303 1212 1338 agendi
1233 1303 1390 1330 facultatem
1417 1305 1444 1329 et
1471 1301 1530 1328 vico
1546 1306 1633 1327 versa.

849 1350 926 1384 Quod
944 1350 966 1378 si
988 1349 1051 1385 quis
1081 1349 1219 1377 hominem
1250 1356 1303 1384 qua
1325 1347 1440 1376 bestiam
1467 1345 1633 1378 considerat,

849 1396 990 1424 bestialem
1003 1403 1068 1423 sane
1084 1395 1109 1423 ei
1126 1399 1253 1423 naturam
1282 1401 1344 1422 esse
1373 1393 1514 1425 fatebitur,
1531 1398 1582 1419 nec
1594 1395 1635 1418 ta-

849 1449 911 1469 men
939 1441 1059 1469 melioris
1076 1448 1138 1468 eum
1152 1445 1257 1468 naturae
1278 1443 1431 1474 compotem
1450 1438 1570 1474 negabit,
1586 1445 1635 1465 nec

850 1487 994 1515 mirabitur
1019 1487 1091 1522 quod
1108 1493 1190 1521 opera
1211 1493 1314 1514 natura:
1339 1493 1396 1514 aute
1419 1492 1540 1521 congrua
1561 1484 1635 1512 facit.

24 1531 105 1566 ἔργοις
117 1531 244 1558 κοινωνοῖ
255 1530 288 1557 ἂν
304 1531 446 1566 ἄνθρωπος
462 1531 510 1558 καὶ
525 1531 558 1558 τὰ
573 1531 655 1566 θηρία
671 1532 734 1567 πρά·

934 1533 1006 1561 enim
1017 1532 1122 1561 homini
1137 1533 1272 1560 essentias
1286 1532 1376 1561 inesse
1387 1531 1438 1560 sibi
1448 1531 1635 1567 persuadebit,

23 1579 84 1606 ἀλλὰ
101 1579 148 1606 καὶ
170 1579 228 1610 τοῖς
248 1578 303 1605 τῶν
320 1577 485 1614 κρειττόνων
511 1578 589 1614 ἡμῶν
604 1578 692 1613 γενῶν
711 1580 735 1605 εί
747 1579 797 1613 τῆς

23 1624 100 1658 αὐτῆς
110 1625 205 1656 αὐτοῖς
218 1624 334 1659 θεωρίας
350 1624 378 1656 ὲς
389 1623 507 1658 δύναμιν
522 1624 567 1650 καὶ
578 1624 660 1655 αὐτὸς
671 1623 796 1657 ἅπτεται,

22 1671 52 1698 τὰ
70 1671 96 1698 δὲ
122 1670 306 1698 κοινωνοῦντα
332 1672 388 1702 τοῖς
415 1671 517 1706 ἔργοις,
536 1671 583 1698 καὶ
601 1671 663 1701 ταῖς
692 1670 799 1702 οὐσίαις

24 1716 122 1752 ἀνάγκη
146 1707 299 1744 κοινωνεῖν.
323 1716 467 1750 ’Δνάλογον
485 1716 538 1750 γὰρ
557 1716 598 1742 δεῖ
618 1715 690 1750 ἔχειν
705 1710 798 1747 οὐσίας

22 1770 47 1788 τε
61 1763 159 1798 ἔργοις,
189 1763 236 1789 καὶ
258 1761 327 1798 ἔργα
347 1762 462 1794 οὐσίαις,
486 1761 580 1796 ὥσπερ
607 1761 653 1788 οὖν
677 1770 718 1792 τις
742 1762 798 1792 τοῖς

23 1808 116 1843 θηρίων
128 1808 221 1844 ἔργοις
237 1807 417 1835 κοινωνοῦντα
432 1807 576 1842 ἄνθρωπον
603 1808 686 1842 ὁρῶν,
703 1807 798 1834 οὐσίαν

23 1855 50 1889 τῇ
73 1854 177 1889 θηρίων
196 1852 391 1889 παραπλησίαν
407 1852 512 1879 τίθεται
532 1852 614 1880 αὑτὸν
636 1852 795 1887 κεκτῆσθαι,

22 1900 105 1932 καλῶς
119 1899 206 1932 ἀξιῶν
223 1900 268 1926 καὶ
290 1900 347 1931 τοῖς
363 1898 417 1926 τῶν
435 1899 596 1934 κρειττόνων
618 1898 696 1933 ἡμῶν
711 1898 798 1932 γενῶν

22 1947 195 1973 κοινωνοῦντα
211 1945 283 1981 ὁρῶν
304 1945 395 1981 ἔργοις
414 1946 461 1971 καὶ
485 1944 580 1971 οὐσίαν
604 1943 797 1980 παραπλησίαν

20 1993 49 2027 τῇ
63 1992 176 2019 ἐκείνων
192 1992 250 2027 ἔχει
269 1991 397 2025 ἀξιούτω,
408 1990 446 2022 ῶς
465 1991 514 2026 οὑχ
528 1987 584 2017 οἷόν
600 1998 628 2016 τε
642 1989 671 2016 ὃν
688 1989 726 2026 μὴ
748 1989 798 2016 οὐκ

20 2041 68 2067 ἀπὸ
84 2041 290 2077 παραπλησίων
311 2041 362 2075 τῆς
388 2039 482 2072 οὐσίας
502 2039 682 2075 παραπλήσια
700 2039 748 2066 καὶ
764 2038 798 2065 τὰ

21 2087 81 2121 ἔργα
94 2086 176 2118 εἶναι,
193 2088 240 2114 καὶ
259 2088 291 2113 ἐκ
306 2086 380 2113 δυοῖν
395 2086 490 2113 οὐσίαν
503 2085 548 2112 τὸν
563 2086 709 2121 ἄνθρωπον
722 2093 799 2121 νομι-

20 2132 83 2164 ζέτω
106 2132 306 2162 συντεθεῖσθαι.
336 2132 386 2167 τῆς
414 2131 463 2166 μὲν
491 2131 566 2163 θείας
588 2131 670 2164 τινος,
694 2130 743 2165 τῆς
769 2130 798 2157 δὲ

20 2178 176 2214 θηριώδους,
199 2178 247 2205 καὶ
272 2177 372 2210 ταύτης
399 2177 448 2211 μὲν
474 2177 585 2212 θνητῆς,
606 2177 656 2213 τῆς
674 2177 704 2204 δὲ
722 2171 797 2209 θείας

849 1579 968 1607 divinam
999 1578 1248 1614 immortalemque,
1285 1583 1314 1605 et
1352 1577 1494 1606 bestialem
1521 1584 1635 1612 eamque

849 1625 1002 1653 mortalem.
1019 1624 1140 1659 Cogitari
1166 1625 1237 1652 enim
1258 1631 1398 1659 nunquam
1428 1627 1518 1659 potest
1550 1623 1635 1650 Deum

849 1670 955 1699 infinite
970 1670 1070 1698 bonum
1086 1675 1114 1699 et
1128 1675 1204 1700 extra
1227 1678 1335 1698 omnem
1351 1669 1481 1698 invidiam
1507 1669 1636 1704 positum,

849 1725 903 1744 non
919 1722 1023 1752 partem
1051 1717 1169 1752 aliquam
1201 1717 1300 1744 divinze
1333 1721 1438 1744 naturae
1464 1716 1635 1748 mortalibus,

847 1762 1080 1790 immortalitatem
1096 1762 1212 1795 scilicet,
1237 1762 1379 1790 indidisse.
1394 1760 1538 1796 Nunquam
1562 1766 1635 1789 certe

847 1807 920 1842 quod
951 1807 1066 1834 mortale
1088 1812 1130 1835 est
1153 1807 1385 1835 immortalitatem
1411 1807 1585 1834 nanciscetur
1601 1806 1635 1834 ob

848 1853 957 1886 limites)
971 1857 1074 1880 naturae
1098 1853 1223 1881 humanae
1239 1853 1353 1888 positos,
1369 1852 1415 1888 qui
1435 1860 1486 1880 nos
1501 1851 1636 1887 perfectos

847 1906 908 1927 esse
932 1906 988 1927 non
1013 1899 1117 1933 sinunt,
1139 1899 1189 1927 etsi
1216 1907 1267 1927 nos
1284 1899 1357 1934 ipsos
1385 1903 1494 1934 propter
1523 1906 1635 1926 causam

848 1946 965 1982 aliquam
995 1950 1042 1973 aut
1066 1946 1125 1974 sine
1153 1953 1236 1974 causa
1254 1946 1453 1979 interimamus,
1471 1953 1526 1981 qua
1551 1945 1584 1973 de
1607 1953 1636 1973 re

849 1999 921 2019 nunc
941 1991 1016 2027 loqui
1036 1992 1202 2027 superﬂnum
1226 1997 1301 2021 esset
1317 2000 1412 2021 coram
1429 1997 1470 2020 tot
1484 1992 1550 2020 viris
1575 1991 1636 2026 ejus

849 2037 922 2066 haud
938 2038 1055 2074 ignaris.
1069 2037 1147 2066 Nunc
1161 2045 1226 2066 vero
1241 2037 1300 2073 ejus
1316 2038 1353 2066 rei
1364 2039 1528 2066 mentionem
1547 2038 1636 2066 facere

850 2084 924 2112 haud
940 2084 1108 2113 fastidiosum
1136 2084 1200 2117 erit,
1217 2085 1353 2120 siquidem
1366 2092 1398 2113 ex
1419 2091 1456 2113 tot
1473 2093 1533 2120 qua-
1547 2092 1637 2120 quon-

849 2130 911 2158 dam
929 2130 1044 2158 ﬂoruere
1059 2131 1220 2159 civitatibus
1241 2131 1349 2160 diliicile
1374 2131 1496 2159 invenias
1512 2131 1636 2163 alteram,

849 2177 876 2204 iu
908 2184 960 2212 qua
987 2178 1075 2205 virtus
1107 2182 1135 2205 et
1169 2178 1280 2206 fortuna
1307 2177 1422 2205 feliciori
1451 2184 1532 2212 quam
1566 2177 1636 2212 apud

20 2212 92 2259 ἡμῶν
104 2226 252 2257 ἀθανάτου,
271 2224 298 2250 εί
319 2231 351 2258 γε
372 2224 419 2250 καὶ
434 2223 451 2259 ή
468 2223 522 2250 τῶν
538 2223 701 2258 κρειττόνων
716 2224 730 2258 ἡ

890 2230 976 2251 ηιοωοε
993 2224 1094 2251 unione
1111 2224 1264 2259 gaudebant
1279 2231 1312 2251 ac
1327 2223 1429 2252 diutius
1442 2223 1600 2251 ﬂoruerunt.

20 2271 100 2304 γενῶν
115 2271 250 2302 ἀθάνατος
262 2278 269 2286 ·
291 2269 396 2304 οὐδαμῆ
412 2270 468 2305 γὰρ
482 2269 516 2296 ἂν
540 2269 650 2304 εὔλογον
670 2271 725 2304 εἴη,
739 2270 832 2305 ἄκρως
848 2270 960 2305 ἀγαθῶν
977 2270 1041 2297 ὄντα
1053 2270 1098 2297 τὸν
1113 2271 1179 2298 Θεὸν
1195 2271 1242 2298 καὶ
1257 2271 1355 2305 φθόνου
1369 2270 1421 2303 ἔξω
1435 2270 1536 2300 παντὸς
1548 2269 1586 2304 μὴ
1604 2269 1637 2295 οὺ

21 2318 83 2351 πρὸς
108 2319 167 2349 τοῖς
192 2317 283 2348 ἄλλοις
305 2325 332 2343 τι
345 2316 496 2348 ἀθανάτους
521 2317 571 2348 τὰς
588 2317 729 2350 ἐγγυτέρω
749 2317 846 2344 ἑαυτοῦ
875 2316 969 2349 οὐσίας
1000 2318 1173 2352 παραγαγεῖν
1191 2325 1198 2334 ·
1225 2317 1250 2344 εί
1282 2317 1306 2344 δ’
1321 2317 1425 2344 ἐκεῖναι
1440 2317 1570 2344 ἀθάνατοι
1585 2315 1637 2343 κᾶν

19 2365 92 2400 ἡμῶν
104 2366 167 2392 ὅσον
179 2366 228 2400 τῆς
240 2363 333 2395 οὐσίας
344 2363 440 2395 αὑταῖς
457 2364 662 2398 παραπλήσιον,
676 2364 810 2392 ἀθάνατον
827 2364 871 2400 ιῐη
883 2373 890 2380 ·
907 2364 969 2391 ἐπεὶ
984 2365 1040 2391 οὐδ’
1051 2364 1085 2392 ἄν
1097 2368 1163 2391 ποτε
1176 2364 1286 2398 γένοιτο
1294 2363 1390 2399 θνητὸν
1402 2364 1529 2399 ἀθανάτῳ
1545 2372 1635 2398 παρι-

21 2414 128 2448 π).ήσιον
138 2413 191 2440 οὐδ’
203 2412 246 2446 ἐφ’
255 2410 376 2443 δσονοῦν,
390 2410 422 2437 τὺ
433 2411 647 2447 πεπερασμένην
663 2419 694 2444 γε
708 2410 770 2446 ἔχον
780 2411 829 2446 τὴν
840 2411 890 2439 τοῦ
904 2409 975 2439 εἶναι
989 2410 1104 2447 δύναμιν
1117 2411 1165 2437 καὶ
1176 2410 1380 2443 ἐπιλείπουσαν,
1392 2410 1431 2442 τῶ
1442 2411 1636 2439 άνεπίλειπτον

20 2461 101 2495 ἔχοντι
117 2460 165 2486 καὶ
180 2459 295 2493 ἄπειρον
306 2465 315 2474 ·
334 2459 381 2486 καὶ
398 2459 448 2495 μὲν
462 2459 494 2493 δὴ
508 2459 559 2485 κᾶν
573 2458 598 2484 of
611 2458 689 2485 αὐτοὶ
700 2458 800 2491 αὐτοὺς
813 2458 1024 2491 ἀποκτιννύντες
1038 2459 1095 2485 εῐτι
1117 2457 1221 2493 ἀρετῆς
1245 2459 1392 2494 περίεργον
1416 2459 1450 2486 ἂν
1474 2459 1517 2493 εἴη
1544 2454 1637 2493 λέγειν

20 2507 177 2542 παμπόλλων
204 2505 330 2533 εἰδότων·
348 2505 417 2532 ἀλλὰ
437 2505 565 2532 τοσοῦτον
591 2504 679 2531 εἰπεῖν
704 2505 734 2531 ὲν
754 2505 794 2540 τῷ
817 2505 933 2542 παρόντι
962 2507 993 2533 οὐ
1011 2506 1152 2541 φορτικὸν,
1178 2506 1220 2532 ὅτι
1247 2504 1352 2532 πολλῶν
1373 2505 1518 2532 πολιτειῶν
1537 2513 1568 2532 τε
1586 2505 1634 2532 καὶ

20 2554 157 2589 βασιλειῶν
183 2553 331 2588 γεγονυιῶν
354 2553 382 2579 ὲν
408 2552 490 2580 παντὶ
509 2552 548 2587 τῷ
570 2552 599 2579 ὲν
627 2553 721 2588 μνήμῃ
743 2553 831 2588 χρόνῳ
848 2553 966 2587 χαλεπὸν
984 2554 1059 2579 ἐστιν
1074 2553 1176 2588 εὑρεῖν,
1193 2553 1261 2579 ὅπου
1282 2551 1366 2587 ἁρετὴ
1392 2560 1422 2579 τε
1447 2552 1495 2578 καὶ
1522 2551 1636 2587 εὐτυχία

19 2602 58 2628 ἐπ’
71 2601 138 2628 αὐτὸ
152 2598 375 2634 συνεληλυθέτην,
386 2599 423 2631 ὡς
441 2600 470 2627 ὲν
485 2601 518 2635 τῇ
533 2598 615 2627 πάλαι
632 2599 776 2634 Ῥωμαίων
792 2599 924 2635 πολιτείᾳ,
936 2599 994 2634 ἅμα
1007 2599 1035 2626 δὲ
1046 2599 1094 2626 καὶ
1105 2599 1151 2641 ἐπὶ
1168 2599 1236 2626 πολὺ
1251 2598 1298 2626 τοῦ
1315 2598 1414 2634 χρόνον
1428 2598 1585 2633 διαρκέσαν.

50 2648 88 2684 Τῇ
117 2648 147 2675 δὲ
172 2647 220 2675 νῦν
248 2645 406 2682 ὑμνουμένη
440 2645 556 2681 βασιλίδι
583 2645 662 2673 τοῦτο
687 2647 796 2682 πρῶτον

21 2693 124 2728 εὐτυχὲς
140 2692 246 2727 ὑπῆρξε
259 2692 290 2719 τὸ
308 2691 366 2727 ἃμα
392 2691 440 2726 μὲν
454 2691 483 2724 ἐξ
498 2691 610 2725 άγαοῶν
625 2691 683 2725 ἅμα
699 2691 722 2718 δ’
747 2691 797 2718 οὐκ

21 2739 127 2774 ἀσήμων
139 2738 238 2774 φῦσαν,
251 2738 358 2764 πολλῶν
370 2737 524 2772 κρείττονος
538 2737 554 2772 ἢ
568 2736 628 2763 καθ’
642 2737 741 2772 ἑαυτὴν
749 2736 797 2763 τοῦ

20 2785 103 2818 γάμου
133 2786 226 2820 τυχεῖν
254 2783 359 2819 βασιλεῖ
383 2782 524 2817 Ῥωμαίων
547 2783 696 2818 γημαμένη
710 2791 717 2798 θ
733 2783 796 2818 ἄρτι

20 2830 63 2864 τὴν
80 2829 216 2864 βασιλείαν
232 2830 301 2864 μετὰ
315 2829 364 2864 τὴν
375 2828 423 2854 τοῦ
434 2828 536 2863 πατρδς
551 2828 681 2864 τελευτὴν
700 2837 796 2862 παρει-

19 2875 119 2909 ληφότι,
134 2876 168 2902 τὰ
187 2875 215 2902 δὲ
238 2875 306 2911 μετὰ
330 2874 416 2902 ταῦτα
432 2874 481 2901 οὐκ
497 2874 604 2909 ἀμιγεῖς
619 2875 646 2902 αί
673 2876 794 2910 εὐτυχίαι

888 2645 957 2674 Uuie
983 2651 1082 2673 nostra:
1094 2645 1201 2680 quidem
1217 2644 1382 2679 imperatrici
1398 2643 1471 2672 felici
1490 2652 1554 2672 casu
1567 2643 1636 2671 obti-

851 2693 890 2728 git.
916 2697 945 2720 ut
966 2692 1045 2720 bonis
1073 2692 1162 2724 iisque
1188 2690 1325 2719 nobilibus
1351 2695 1492 2726 procreata
1517 2690 1636 2726 parenti-

851 2739 902 2766 bus
924 2738 1095 2766 Romaeorum
1117 2738 1276 2772 imperatori
1300 2744 1398 2772 genere
1424 2737 1551 2765 nobiliori
1574 2741 1638 2764 nato

851 2785 984 2818 nuberet;
1003 2785 1049 2820 qui
1063 2784 1133 2819 patri
1150 2784 1278 2812 defuncto
1294 2784 1438 2817 successit,
1453 2783 1535 2819 inque
1551 2792 1637 2817 regno

850 2838 900 2857 suo
921 2838 982 2858 cum
1014 2830 1087 2857 varia
1110 2830 1218 2856 fortuna
1249 2830 1356 2856 luctans
1383 2829 1539 2856 invasioues
1570 2828 1637 2855 Bar-

849 2876 975 2905 barorum
999 2884 1030 2904 ac
1054 2875 1229 2904 obscssioues
1249 2873 1354 2903 urbium
1375 2878 1500 2905 cxvertus
1519 2879 1560 2902 cst
1580 2881 1635 2902 non
