1864 3056
115 136 168 169 967

709 125 876 157 GEORGII
894 124 1111 155 PLETHONIS

1682 116 1756 153 968

119 203 183 226 τως.
197 191 315 226 Μοιχούς
330 198 361 225 γε
379 188 432 224 μὴν
446 188 544 229 αὐτοὺς
560 186 609 222 μὲν
641 184 771 215 ὡσαύτως
800 183 901 215 καίειν,
917 185 941 214 Δ
956 181 1119 214 θάπτεσθαι,
1132 180 1164 208 οὗ
1178 180 1209 215 δὴ
1224 180 1270 208 καὶ
1289 181 1351 212 τοὺς
1365 176 1446 216 ἧττον
1463 179 1577 229 “0.751:-
1586 177 1768 229 tolpiyvfac

121 240 168 267 καὶ
184 237 361 274 προαγωγοὺς
373 235 442 271 προς
457 233 559 264 αὐτοῖς,
578 232 611 259 ἀν
632 240 662 258 τε
677 231 784 264 ἀνδρες,
813 229 846 256 ἀν
874 237 904 255 τε

121 286 249 320 γυναῖκες
275 281 426 310 αίτινεσοῦν
449 276 512 308 ὦσι.
539 278 674 308 Γυναίκας
700 275 729 303 δὲ
753 275 785 312 δὴ
812 275 859 307 τάς
874 282 906 308 γε

123 329 298 366 μοιχευτρίας
308 329 341 364 τῇ
356 327 410 354 τῶν
437 325 542 362 πορνῶν
566 323 756 359 προεστηκυίᾳ
786 321 908 357 περικεί-

124 384 223 412 ραντας
237 373 423 409 παραδιδόναι,
442 372 488 399 τὸν
503 370 597 398 λοιπὸν
621 367 824 404 πορνευσούσας
838 366 905 402 βίον,

123 422 168 450 ἵνα
182 421 240 448 ἀνθ’
252 418 289 448 ὧν
302 419 402 450 ἐαυτάς
432 417 586 454 μονολεχεῖς
611 414 652 448 οἷς
680 414 909 450 καθωμολόγηντο

123 469 173 495 οὐκ
187 467 331 502 ἐφύλαξαν,
346 466 402 497 τοῖς
415 465 517 497 ἄλλοις,
531 465 593 491 ὅσον
606 462 636 490 τὸ
653 461 697 489 ἐπ’
718 461 824 492 αὑταῖς,
859 467 909 494 μο-

123 514 241 548 νολεχεῖς
268 511 318 544 τὰς
354 509 623 544 καθωμολογημένος
653 507 774 540 σώζωσι,
796 507 829 541 τῇ
855 504 910 531 τῶν

124 558 193 591 πρὸς
205 556 306 590 ταύτην
321 555 354 582 ἀν
366 553 493 589 μαλακῶς
507 553 624 588 ἐχόντων
634 551 683 586 τὴν
698 549 844 585 ἐπιθυμίαν
859 549 910 576 οὐκ

127 602 219 636 ἐναγεῖ
231 609 283 628 τινι
298 600 441 635 θεραπεία.
475 598 571 625 Καίειν
587 597 610 624 δ’
625 596 767 628 ὡσαύτως,
786 594 838 622 κάν
870 603 912 626 τις

125 647 243 682 γυναῖκα
256 643 379 680 ἡντινοῦν
397 643 536 679 βιάσηται,
555 641 627 677 πλὴν
644 641 758 676 πόρνης,
774 640 827 667 κᾶν
841 640 912 666 ἐται-

128 691 224 727 ροῦσα,
242 689 354 726 μηδέπω
373 688 587 723 πεπορνευκυῇι,
597 685 725 721 ἐλεγχθῇ.
740 685 797 712 Καὶ
808 684 914 720 πόρνην

127 737 154 764 δὲ
166 735 330 771 βιασάμενόν
346 743 410 762 ποτε
421 733 521 766 καίειν,
538 732 571 768 ἦν
581 741 612 767 γε
623 731 786 767 αἱμορροίας
800 730 850 767 τῆς
865 739 915 764 γυ-

127 781 215 814 ναιξὶν
232 779 360 812 εἰωθυίας
389 779 420 806 οὗ
445 778 652 813 καθαρεύουσαν
682 776 822 811 βιάσηται.
847 774 915 802 Τού-

128 835 190 858 τους
222 826 272 860 μὲν
297 824 344 852 οὖν
366 824 481 857 πάντας,
506 823 554 850 ἆτε
576 822 623 849 καὶ
644 820 853 854 ἐναγεστάτους,
885 821 913 846 ἐν

956 227 1011 254 τῶν
1025 226 1125 261 φόνων.
1138 226 1246 258 Βιαίους
1267 226 1295 253 δέ
1306 226 1339 261 δὴ
1354 225 1403 252 καὶ
1417 225 1528 260 μοιχοὺς
1549 224 1582 251 οὐ
1599 225 1681 258 μόνον
1692 223 1771 250 6w—

957 274 1169 310 πεπραγμένους
1188 272 1315 309 ζημιοῦν,
1346 272 1415 300 ἀλλά
1445 272 1497 299 κάν
1520 280 1563 303 τις
1585 271 1770 306 βιαζόμενος

959 319 1019 355 μὲν,
1036 319 1066 346 οὐ
1083 319 1173 354 τυχὼν
1186 319 1227 352 δὲ,
1240 318 1398 353 ἁλίσκηται,
1415 318 1432 353 ἢ
1449 317 1551 353 πειρῶν
1568 317 1629 353 μὲν,
1643 317 1676 343 οὗ
1693 316 1772 342 δια-

958 364 1152 399 πεπραγμένος
1168 364 1207 396 δέ,
1222 364 1270 390 καὶ
1293 362 1388 390 τοῦτον
1407 362 1484 390 οὐδέν
1509 359 1592 398 ἦττον
1620 362 1654 396 τῇ
1681 361 1769 394 αὐτῇ

959 409 1046 445 ζημίᾳ
1068 409 1196 444 ζημιοῦν.
1224 409 1262 444 Τῇ
1288 409 1342 443 γὰρ
1370 407 1466 444 γνώμῃ
1477 408 1526 435 καὶ
1540 407 1619 438 οὗτος
1633 407 1727 442 βίαιος
1747 406 1768 441 ἢ

962 455 1053 490 μοιχὸς
1068 455 1143 482 οὐδὲν
1159 452 1241 491 ἦττον
1260 454 1308 481 τοῦ
1331 454 1584 490 διαπεπραγμένου.
1608 453 1770 487 Ἀξιοῦμεν

959 501 982 528 δ’
996 502 1086 537 ἡμεῖς,
1099 501 1133 536 ἢν
1141 500 1271 535 γυναικός
1283 509 1324 531 τις
1342 500 1429 536 ἑτέρῳ
1453 500 1557 535 ὁτῳοῦν
1587 499 1762 533 καθωμολο-

961 547 1087 584 γημένης
1114 547 1196 583 ἔρωτι
1228 546 1326 574 ἑαυτοῦ
1353 547 1535 582 ἁλισκομένου
1576 545 1767 579 αίσθάνηται,

962 593 1028 629 παρ’
1038 593 1175 629 ἐξηγητήν
1189 601 1220 620 τε
1236 593 1319 624 εὐθὺς
1337 593 1410 621 ἰόντα
1424 593 1473 620 καὶ
1496 592 1528 619 τὺ
1543 591 1631 622 πάθος
1657 590 1769 624 ἐξαγο-

965 639 1089 674 ρεύοντα,
1106 639 1252 675 καθαρμόν
1266 647 1297 666 τε
1312 639 1395 666 αὐτοῦ
1406 638 1455 666 τοῦ
1468 638 1572 669 πάθους
1591 638 1692 668 αῑτεῐν,
1707 635 1769 662 καὶ

963 685 1012 713 τοῦ
1041 686 1078 720 μὴ
1098 686 1127 718 ἐς
1156 685 1249 720 μεῖζον
1277 685 1456 720 ἐμπεσεῖσθαι
1483 684 1569 711 κακδν
1591 683 1767 718 ἀσφάλειαν,

965 733 1153 768 κρατήσαντος
1168 731 1200 759 ἀν
1217 732 1264 759 τοῦ
1277 732 1380 763 πάθους
1395 731 1444 766 τῆς
1458 730 1559 765 ψυχῆς,
1571 730 1619 756 καὶ
1634 729 1682 756 ἐπὶ
1694 728 1769 764 ίερὰ

967 779 1766 815 βαδίζοντα...,..........

105 903 107 905 _
131 872 205 903 ἰδίοις
220 872 290 898 τισὶν
305 870 461 904 ἀπάγοντας
482 867 669 903 πολυανδρίοις
685 866 783 897 καίειν,
810 866 842 891 οὔ
857 865 913 897 τοῖς
929 866 951 896 Β
964 871 1012 898 καὶ
1026 872 1134 907 θανάτῳ
1148 871 1200 907 ἢδη
1215 870 1340 906 ζημιοῦν,
1352 870 1413 897 Τῶν
1425 870 1447 897 δ’
1460 869 1639 905 ἀδικημάτων
1653 869 1768 903 ἀμφισ-

130 919 240 949 κοινοῖς.
255 917 355 953 Τριττά
372 916 426 950 γὰρ
439 913 484 942 οὖν
499 918 546 941 καὶ
564 912 634 941 εῖναι
651 912 802 948 ἑκασταχοῦ
814 913 848 940 τὰ
865 920 915 938 πο-

131 963 270 998 λυάνδρια,
289 962 361 996 ὅροις
374 961 495 996 εύδήλοις
509 960 541 995 δή
554 968 626 987 τισιν
647 960 768 995 ἀλλήλων
781 959 916 995 διακρινό-

134 1017 212 1042 μενα,
228 1008 257 1034 ἓν
273 1008 321 1043 μὲν
349 1007 477 1042 ίιρεῦσιν,
497 1006 590 1041 ἕτερον
606 1005 636 1033 δὲ
661 1005 700 1041 τῷ
722 1005 793 1041 mg:
825 1006 915 1041 δήμῳ,

132 1055 196 1081 ἄλλο
206 1054 234 1080 δὲ
246 1053 277 1079 τὸ
291 1054 346 1084 τοῖς
362 1053 471 1086 ἐναγέσι
495 1051 612 1084 τούτοις,
638 1047 668 1078 οῦ
694 1051 741 1077 καὶ
770 1050 916 1085 σοφιστῶν,

133 1100 166 1134 ἢν
180 1108 221 1130 τις
237 1099 311 1135 παρά
324 1099 374 1130 τὰς
389 1099 525 1133 ἡμετέρας
535 1097 635 1128 ταύτας
650 1096 728 1129 δόξας
742 1097 918 1131 σοφιζόμενος

132 1145 199 1180 ἁλῷ,
225 1146 277 1178 ζῶν
301 1146 348 1172 καὶ
377 1142 455 1176 οὗτος
482 1144 658 1171 κεκαύσεται.
677 1144 732 1170 Καὶ
749 1143 782 1178 ἢν
802 1142 918 1178 θυγατρί

131 1200 173 1223 τις
186 1192 202 1227 ἢ
216 1192 297 1227 μητρὶ
309 1191 367 1225 ἀλῷ
384 1191 491 1226 μιχθεὶς
503 1191 520 1225 ﬂ
539 1198 592 1217 τινι
605 1189 661 1217 τῶν
677 1189 733 1217 ἀνω
742 1197 771 1216 τε
783 1189 830 1215 καὶ
843 1189 919 1215 κάτω

132 1237 245 1266 τούτων.
266 1238 317 1265 Ἦν
334 1237 363 1264 δὲ
379 1237 432 1264 τῶν
444 1245 498 1263 τινι
511 1236 597 1263 ἀλλων
622 1235 740 1268 οἰκείων,
755 1235 920 1270 ἀπορρήτων

135 1284 284 1319 μέντοικαὶ
302 1283 403 1316 αὐτῶν,
421 1282 603 1318 προσμιχθείς
618 1281 741 1316 τις.ἀλῷ,
765 1281 863 1316 ἀτιμίᾳ
890 1289 921 1307 τε

135 1329 310 1364 ζημιοῦσθαι,
327 1330 437 1364 ἐωσπερ
454 1329 488 1356 ἂν
514 1329 613 1360 ίκανῶς
635 1327 773 1363 καθαρθῇ,
792 1328 839 1354 καὶ
853 1327 922 1362 πρὸς

135 1377 168 1410 τῇ
184 1375 280 1410 ἀτιμίᾳ
294 1375 341 1402 καὶ
356 1374 437 1410 ίερῶν
452 1374 618 1410 συμπάντων
630 1373 781 1409 είργεσθαι.
800 1373 845 1400 Ἐν
860 1372 922 1399 τού-

135 1429 174 1456 τῳ
202 1420 257 1446 τῶν
281 1412 384 1454 ἐναγῶν
411 1419 449 1454 τῷ
478 1419 646 1454 πολυανδρίῳ
676 1419 724 1446 καὶ
759 1419 921 1454 ἀνδροφόνον

135 1467 233 1500 καίειν,
249 1466 277 1497 ὃς
296 1474 360 1493 ποτε
378 1465 411 1493 ἂν
425 1465 478 1493 τῶν
494 1474 554 1492 τινα
567 1465 754 1501 ἐναγςστέρων
768 1465 854 1500 φόνων
869 1465 922 1491 ὑπὸ

136 1511 190 1537 τῶν
205 1511 343 1546 ἀρχόντων
354 1510 549 1546 τετολμηκέναι
559 1511 654 1546 κριθῇ.
668 1512 719 1538 Ἢν
738 1511 766 1537 δὲ
794 1511 923 1546 παρθένῳ

136 1565 190 1590 τις,
204 1557 219 1592 ἢ
233 1557 280 1584 καί
291 1565 344 1584 τινι
356 1557 535 1593 κεκινημένῃ,
553 1557 631 1593 ἀνδρὶ
645 1557 693 1593 μὲν
718 1558 748 1584 οὐ
765 1557 924 1592 καθωμολο-

137 1603 256 1638 γημένῃ,
269 1603 320 1629 Cm‘;
333 1602 459 1638 δὲκυρίῳ
479 1603 518 1638 τῷ
541 1604 610 1634 τέως
631 1604 795 1640 τρεφομένῃ,
825 1604 924 1640 ἑκούσῃ

140 1649 247 1684 μιχθεὶς
263 1648 347 1680 οὕτως
361 1649 428 1684 ἁλῷ,
443 1648 507 1676 ὥστ’
521 1649 554 1676 ἂν
570 1650 616 1677 καὶ
630 1650 746 1677 θάνατον
766 1650 840 1685 αὐτῷ
854 1648 926 1677 εἶναι

140 1697 188 1731 τὴν
212 1696 328 1732 ζημίαν,
353 1697 382 1724 ἐν
407 1697 446 1733 τῷ
473 1696 555 1733 mw}
580 1697 750 1734 πολυανδρίῳ
781 1698 926 1733 καιόμενον

967 917 1151 951 σητουμένων,
1165 917 1223 947 ταῖς
1236 916 1355 943 πλείοσιν
1366 916 1399 943 ἀν
1414 915 1469 942 τῶν
1479 915 1576 950 ψήφοιν
1584 915 1631 941 τὸν
1643 914 1768 948 φεύγον-

967 971 1001 989 τα
1012 963 1181 990 ἁλίσκεσθαι.
1200 962 1378 990 Ἀπολύεσθαι
1392 962 1421 990 δὲ
1434 962 1470 998 μὴ
1494 962 1608 994 ἀδικεῖν,
1625 961 1657 988 οὐ
1677 962 1769 996 μόνον

967 1009 1014 1036 ἀπ’
1026 1009 1175 1036 ἐλαττόνων
1188 1008 1241 1035 τῶν
1251 1007 1529 1043 ιαταψηφιζομένων,
1542 1007 1610 1034 ἀλλά
1627 1007 1679 1033 κᾶν
1706 1014 1766 1032 πο-

968 1055 996 1082 τι
1013 1063 1056 1082 πω
1072 1054 1128 1082 ίσαι
1139 1055 1283 1089 γένωνται.
1303 1055 1363 1081 Ἔτι
1381 1055 1471 1090 μέντοι
1487 1054 1598 1080 κάκεῖνο
1623 1052 1664 1088 τῷ
1693 1053 1769 1086 περὶ

969 1101 1052 1128 δικῶν
1061 1101 1133 1136 λόγῳ
1149 1100 1331 1135 προσκείσθω,
1344 1100 1382 1132 ὡς
1394 1100 1442 1127 ἐὰν
1456 1099 1625 1135 ἀδικήματός
1643 1108 1685 1130 τις
1699 1107 1765 1125 τοι·

969 1146 1048 1172 ούτου
1062 1145 1139 1180 παρά
1152 1148 1190 1181 τῷ
1204 1145 1335 1181 συνεδρίῳ
1349 1145 1516 1180 κρινόμενος,
1530 1144 1579 1179 οῐῳ
1595 1144 1629 1171 ἀν
1642 1144 1765 1170 θάνατον

969 1193 1018 1227 τὴν
1029 1192 1132 1228 ζημίαν
1146 1192 1311 1223 ἐπικεῖσθαι,
1328 1191 1398 1218 καλά
1412 1192 1479 1219 ἄττα
1491 1190 1582 1225 ἐαυτῷ
1594 1191 1665 1225 ἔργα
1690 1198 1749 1225 προ
1758 1203 1767 1209 -

971 1238 1153 1273 πεπραγμένα
1178 1237 1309 1273 ἐπιδείξῃ,
1329 1236 1472 1272 μεγέθειῆ
1498 1236 1595 1271 πλήθει
1624 1235 1772 1271 ὑπερϐάλ-

971 1284 1027 1311 λειν
1039 1285 1070 1311 τὸ
1085 1284 1207 1319 ἀδίκημα
1219 1285 1359 1316 δοκοῦντα,
1373 1284 1477 1317 τοῦτον,
1494 1284 1531 1315 ὡς
1539 1283 1629 1310 οὐκέτ’
1648 1284 1682 1310 ἂν
1696 1284 1768 1310 διισ-
1780 1304 1783 1305 ν

971 1330 1101 1365 όρθωτον,
1124 1330 1185 1356 οὐδέ
1211 1330 1261 1365 τὴν
1287 1329 1370 1364 φύσιν
1397 1329 1491 1361 κακδν,
1516 1329 1650 1364 δυστυχίᾳ
1675 1328 1705 1355 δὲ
1731 1329 1770 1363 δὴ

971 1376 1025 1402 τῶν
1042 1375 1129 1403 ἀλλων
1143 1375 1313 1410 κεχρημένον
1326 1375 1379 1402 τινὶ
1398 1376 1444 1402 καὶ
1457 1375 1582 1406 παιδείας
1609 1374 1710 1409 ἐνδείᾳ,
1727 1374 1769 1408 μὴ

972 1422 1004 1458 δὴ
1016 1422 1123 1457 θανάτῳ
1137 1422 1197 1455 ἔτι,
1213 1422 1281 1449 ἀλλὰ
1312 1422 1421 1457 δεσμοῖς
1446 1431 1516 1448 τισιν
1546 1421 1672 1448 εὐθύνειν
1701 1429 1772 1456 χρο-

973 1469 1051 1501 νίοις.
1073 1469 1155 1496 Ἀλλά
1164 1469 1228 1505 περὶ
1247 1469 1296 1504 μὲν
1310 1469 1366 1496 τῶν
1381 1470 1512 1496 τοιούτων
1527 1468 1601 1500 ἅλις.
1613 1468 1647 1495 Εί
1663 1468 1720 1503 γάρ
1741 1477 1770 1494 τι
1821 1482 1826 1487 -

975 1515 1040 1550 ἡμῖν
1055 1515 1101 1542 καὶ
1119 1515 1347 1550 παραλέλειπται,
1363 1515 1422 1541 ἀλλ’
1439 1514 1486 1542 οὖν
1504 1514 1538 1542 τά
1551 1523 1582 1549 γε
1597 1515 1627 1541 ἐν
1642 1514 1692 1549 ὅλῃ
1710 1515 1767 1549 ἤδη

977 1562 1010 1595 τῇ
1026 1560 1110 1596 βίϐλῳ
1134 1561 1267 1596 εἰρημένα
1296 1560 1388 1593 ἱκανὰ,
1410 1561 1480 1588 θεῶν
1504 1560 1538 1587 ἀν
1563 1559 1775 1594 συλλαμϐανόν-

978 1614 1042 1638 των,
1058 1606 1186 1641 τοιαύτην
1204 1607 1261 1638 τοῖς
1283 1606 1429 1642 ἡμετέροις
1459 1606 1589 1641 ἄρχουσιν
1613 1606 1772 1640 ἐμποιῆσαι

979 1651 1047 1684 ἕξιν,
1060 1652 1129 1686 οίαν,
1143 1652 1192 1678 καὶ
1203 1652 1266 1688 περὶ
1280 1648 1318 1681 ὧν
1330 1653 1380 1688 οὐχ
1390 1652 1457 1687 ἡμῖν
1477 1651 1689 1687 διασεσάφηται,
1718 1651 1772 1678 αὐ-

980 1699 1043 1731 τοὺς
1059 1698 1150 1731 καλῶς
1163 1706 1195 1725 τε
1211 1698 1258 1726 καὶ
1273 1698 1303 1725 εὖ
1318 1698 1518 1734 διαγινώσκειν.

770 1885 1048 1929 ΕΠΙΝΟΜΙΣ
1088 1881 1141 1926 (ί).

181 2057 215 2083 ’Δ
244 2056 294 2091 μέν
321 2053 366 2083 οὖν
393 2055 442 2091 τῆς
473 2054 564 2091 βίϐλου
594 2056 623 2083 ἐν
648 2056 719 2092 ᾁρχῇ
757 2056 821 2092 ὑμῖν
849 2056 931 2092 τῆσδε

144 2104 291 2139 προύτέθη,
304 2102 477 2138 ἐξείργασταί
491 2111 522 2130 τε
550 2095 598 2130 σὺν
623 2102 677 2130 τῶν
707 2102 776 2130 θεῶν
796 2104 851 2135 τοῖς
876 2103 931 2130 τῶν

143 2149 271 2177 τοιούτων
282 2149 400 2185 ἐφόροις,
419 2148 460 2184 ἐφ’
475 2147 521 2180 οὓς
535 2148 567 2184 δὴ
581 2149 660 2184 ἡμεῖς
673 2148 720 2174 καὶ
741 2148 860 2175 Ποσειδῶ
885 2157 933 2176 κο-

147 2196 259 2230 ρυφαῖον
280 2195 360 2230 τήνδε
373 2194 545 2229 ἀναφέρομεν
559 2193 608 2228 τὴν
626 2193 798 2229 συγγραφὴν,
815 2194 863 2220 καὶ
876 2194 933 2220 δια-

145 2241 298 2275 πεπέραταί
312 2249 343 2275 γε
356 2240 467 2272 ικανῶς.
484 2239 681 2278 Ἐπιδὲδεικτοιι
699 2239 753 2273 γὰρ
776 2240 854 2274 ἡμῖν,
870 2239 933 2274 ἥτις

146 2295 175 2313 τε
189 2285 260 2322 ἀρχὴ
277 2286 331 2312 τῶν
349 2286 457 2314 πάντων
477 2285 524 2312 καὶ
538 2286 566 2311 ἐν
583 2276 739 2316 τοίςπᾶσιν
753 2284 787 2312 αὖ
801 2285 872 2317 τίνες
886 2285 935 2320 μὲν

127 2327 132 2372 ί
147 2331 253 2367 πρῶταί
269 2339 298 2357 τε
313 2329 408 2365 φύσεις
422 2331 469 2357 καὶ
491 2331 524 2365 τῇ
539 2330 610 2365 ἀρχῇ
627 2331 782 2365 προσεχεῖς,
812 2331 885 2361 τινες
908 2330 938 2356 δὲ

147 2376 283 2413 δεύτεραι,
297 2376 369 2408 τίνες
387 2376 415 2403 δὲ
431 2375 520 2412 τρίται
546 2375 595 2403 καὶ
616 2376 738 2410 ἔσχαται,
755 2376 768 2402 ὃ
784 2384 814 2402 τε
832 2375 938 2411 ἄνθρω-

149 2431 197 2454 πος
213 2423 241 2449 ἐν
254 2421 348 2453 αὐταῖς
362 2422 422 2448 τίνα
434 2421 498 2448 ποτέ
514 2420 563 2456 τήν
574 2420 665 2456 χώραν
677 2421 781 2456 εἴληχε,
793 2422 841 2447 καὶ
852 2422 883 2447 ἐκ
898 2421 939 2447 τί-

149 2478 202 2495 νων
233 2469 410 2503 συνέστηκεν,
436 2467 485 2502 οῐῳ
510 2475 540 2493 τε
569 2467 625 2493 όντι
642 2467 716 2502 αὐτῷ
730 2465 786 2498 οἷος
807 2467 853 2494 καὶ
883 2467 940 2502 βίος

150 2515 293 2550 προσήκει,
303 2514 372 2541 ὥστε
384 2513 417 2548 δὴ
431 2514 477 2541 καὶ
491 2513 657 2548 εὐδαιμόνως
679 2513 739 2549 ζῇν,
754 2510 791 2541 Οῦ
816 2514 859 2550 δὴ,
888 2523 938 2541 κυ-

151 2562 283 2596 ριωτάτου
299 2568 329 2586 τε
346 2560 421 2591 δντος
437 2560 483 2586 καὶ
500 2559 589 2586 κοινοῦ
604 2559 827 2595 ἐπιθυμήματος,
849 2560 938 2587 ἄπαν-

150 2616 197 2639 τες
215 2606 264 2641 μὲν
280 2605 417 2641 ἄνθρωποι
434 2606 565 2640 ἐφίενται,
582 2605 694 2640 ζητοῦσι
711 2606 734 2633 δ’
755 2606 819 2632 αὐτὸ
834 2606 883 2632 οὐκ
911 2608 940 2633 έν

150 2652 190 2687 τῷ
206 2652 279 2686 αὐτῷ
294 2652 413 2682 ἅπαντες
428 2652 489 2688 βίῳ,
505 2652 563 2679 ἀλλ’
579 2649 600 2687 ᾧ
620 2673 627 2680 .
668 2671 677 2680 .
715 2672 722 2680 .
748 2653 940 2680 ἀποδέδεικται

151 2699 254 2725 ἕκαστα
271 2697 317 2725 ἀπ’
336 2698 445 2726 ἐννοιῶν
461 2707 491 2725 τε
505 2699 552 2726 καὶ
564 2698 728 2734 ἀξιωμάτων
744 2700 795 2726 οὐκ
817 2700 939 2726 ἀσθενῶν

151 2754 231 2771 τινων
245 2745 291 2772 καὶ
306 2744 477 2781 ἀμφιλόγων,
492 2745 580 2774 ἄλλων
594 2755 623 2773 τε
637 2746 679 2782 δὴ,
698 2747 746 2774 καὶ
773 2746 857 2783 τριῶν
886 2754 938 2781 με-

985 2058 1087 2092 γίστων
1099 2056 1220 2090 ἐκείνων,
1237 2057 1296 2089 ένδς
1313 2057 1374 2092 μὲν,
1391 2057 1438 2084 τοῦ
1449 2057 1486 2090 ὡς
1499 2058 1516 2093 ή
1529 2058 1600 2094 ἀρχὴ
1619 2059 1690 2094 αὕτη
1716 2060 1773 2086 τῶν

985 2103 1105 2134 πάντων,
1124 2103 1138 2130 ὁ
1150 2102 1276 2137 μέγιστος
1291 2101 1360 2135 θεὸς,
1374 2103 1404 2130 ὃν
1415 2111 1446 2136 γε
1460 2103 1540 2138 ὴμεϊς
1561 2104 1670 2140 πατρίῳ
1684 2106 1773 2139 φωνῇ.

985 2150 1034 2175 Δία
1048 2148 1193 2183 καλοῦμεν,
1205 2149 1297 2183 ἄκρως
1308 2149 1409 2183 ἀγαθός
1424 2149 1508 2182 ἐστιν,
1533 2149 1661 2184 οὐδεμιᾶς
1695 2150 1770 2184 αὑτῷ

984 2194 1087 2229 ἀγαθοῦ
1101 2193 1252 2229 ὑπερϐολῆς
1266 2194 1302 2230 μὴ
1316 2195 1366 2222 οὐκ
1375 2194 1403 2226 ἐς
1417 2195 1479 2222 ὅσον
1505 2194 1560 2221 οἷόν
1584 2203 1614 2222 τε
1643 2195 1775 2230 βελτίστῳ

987 2238 1055 2267 εἶναι
1071 2240 1234 2275 λειπομένης
1251 2248 1258 2256 ι
1279 2241 1372 2275 ἐτέρου
1391 2240 1431 2272 δὲ,
1443 2240 1490 2267 τοῦ
1502 2240 1550 2271 τάς
1561 2248 1590 2266 τε
1603 2240 1700 2271 οὐσίας
1715 2242 1776 2271 ταῖς

987 2287 1128 2322 γεννήσεσι
1137 2287 1195 2317 ταῖς
1215 2286 1314 2318 αὐτῶν,
1342 2287 1389 2312 καὶ
1410 2285 1460 2317 τὰς
1484 2285 1625 2321 γεννήσεις
1645 2287 1708 2317 ταῖς
1733 2286 1776 2312 οὐ·

989 2333 1061 2364 σίαις
1079 2332 1207 2367 ἀνάλογον
1222 2332 1292 2368 ἔχειν
1307 2333 1363 2359 δεῖν
1381 2341 1388 2348 ·
1407 2333 1453 2359 καὶ
1478 2333 1582 2368 τρίτου,
1609 2332 1655 2359 τοῦ
1673 2333 1720 2359 καὶ
1745 2333 1776 2359 τὰ

989 2378 1058 2413 ἔργα
1073 2379 1133 2411 ταῖς
1148 2378 1261 2412 οὐσίαις,
1279 2379 1325 2405 καὶ
1340 2378 1387 2409 τὰς
1404 2379 1497 2410 οὐσίας
1518 2379 1574 2409 τοῖς
1600 2377 1694 2414 έργοις
1724 2379 1777 2408 τοῖς

992 2423 1131 2459 σφετέροις
1146 2424 1278 2458 ἀνάλογον
1290 2425 1344 2450 δεῖν
1357 2425 1403 2451 καὶ
1424 2424 1494 2451 αὐτὰ
1505 2423 1588 2459 ἔχειν.

1027 2469 1134 2497 Τούτων
1146 2471 1199 2505 γὰρ
1210 2470 1396 2504 ὑποκειμένων
1410 2470 1573 2505 ἀξιωμάτων
1600 2470 1727 2506 βεϐαίων,
1745 2472 1775 2497 ἐκ

993 2514 1041 2549 μὲν
1056 2514 1101 2540 τοῦ
1115 2514 1235 2550 πρώτου,
1251 2514 1319 2542 ἀλλα
1335 2523 1364 2542 τε
1383 2516 1448 2550 ἡμῖν
1469 2515 1522 2541 τῶν
1543 2516 1634 2547 καλῶς
1664 2516 1775 2550 ἐχόντων

992 2561 1134 2596 δογμάτων
1158 2561 1361 2593 ἀποδείκνυται,
1392 2561 1439 2588 καὶ
1469 2562 1507 2594 ὡς
1529 2562 1559 2588 τὸ
1575 2562 1629 2589 πᾶν
1653 2562 1712 2596 ἃμα
1729 2562 1775 2596 μὲν

993 2606 1078 2633 ἀΐδιον
1090 2605 1128 2640 τῷ
1139 2605 1180 2633 Διῒ
1191 2606 1312 2640 γέγονεν,
1330 2606 1388 2641 ἅμα
1402 2606 1431 2634 δὲ
1448 2607 1495 2633 καὶ
1511 2607 1525 2633 ὅ
1541 2616 1567 2633 τι
1590 2607 1622 2641 δὴ
1635 2606 1774 2634 κάλλιστον

994 2653 1026 2678 ἐκ
1037 2652 1090 2678 τῶν
1104 2652 1216 2679 ἐνόντων
1232 2640 1355 2686 γεγονὸς,
1374 2653 1403 2678 ἐν
1420 2653 1453 2688 τῇ
1481 2653 1549 2687 αὐτῇ
1582 2640 1656 2686 μένει
1680 2656 1710 2684 ις
1736 2652 1776 2678 τὸν

995 2697 1083 2724 πάντα
1100 2697 1184 2723 αίῶνα
1203 2698 1379 2728 καταστάσει,
1396 2697 1427 2724 ἐκ
1440 2706 1471 2732 γε
1480 2697 1513 2732 δὴ
1529 2697 1575 2724 τοῦ
1588 2697 1714 2730 καθάπαξ
1729 2698 1771 2724 αὺ-

993 2743 1032 2779 τῷ
1044 2743 1266 2778 ἀποδεδειγμένου
1286 2744 1423 2779 σχήματος
1443 2743 1657 2778 ἀπαρακίνητον.
1674 2743 1710 2769 Οὐ
1726 2743 1775 2777 γὰρ

189 2817 227 2852 (ί)
245 2817 391 2855 Conclusio
405 2818 510 2848 scilicet
526 2819 588 2848 libri
621 2819 658 2847 De
676 2819 789 2855 legibus,
808 2818 888 2854 cujus
910 2825 972 2854 cap.
989 2817 1004 2845 6
1033 2816 1094 2844 libri
1111 2822 1141 2848 II,
1155 2815 1194 2843 De
1219 2815 1287 2850 fato,
1303 2818 1330 2844 el.
1344 2822 1405 2851 cap.
1425 2815 1455 2843 5|
1476 2815 1537 2843 libri
1553 2823 1595 2850 ιιι,
1612 2815 1647 2842 De
1662 2814 1775 2850 iudiciis,

154 2859 235 2887 supra
249 2853 433 2881 exhibuimus.
