1864 3058
181 108 250 140 1067

767 104 948 135 MATTILEI
971 104 1044 135 CAM
1051 106 1070 134 Α
1078 104 1203 135 [ΠΟΤᾸΞ

1756 99 1819 129 1068

182 170 299 200 petoque
314 163 486 191 intolerando
513 162 625 198 quosvis
639 161 781 190 invadunt.
798 162 884 196 llujtts
896 171 918 196 pt

1084 163 1164 197 γρεφῆ
1181 161 1359 197 νεμηθέντας,
1388 159 1474 192 οὕτως
1492 160 1552 187 οὐδὲ
1567 159 1619 194 τὴν
1639 157 1820 194 βιρθαριιὴν

182 211 250 245 cipis
266 209 340 237 urbis
355 209 434 237 rttina
447 209 569 236 omnium
585 208 692 236 anitnos
706 209 804 243 deiecit
821 213 848 237 et
863 208 969 242 amittit,

183 265 214 284 ac
232 252 357 291 'proinde
382 255 434 283 sibi
460 259 586 283 metuunt
610 262 716 282 omnes.
742 253 827 282 Nemo
855 255 970 290 amplius

184 302 299 330 libertati
315 309 372 330 sua:
387 301 512 334 conlidit,
527 301 574 329 sed
590 302 682 328 cttttcti
696 309 711 328 a
725 301 841 329 barbaro
873 309 903 329 se
927 301 970 329 in-

183 355 277 375 vasutn
298 346 333 374 iri
351 351 486 374 metuunt.
503 345 571 373 llinc
588 346 617 373 ﬁt
635 351 662 373 ut
677 346 775 380 partim
801 354 897 373 eorum
923 346 971 373 tri-

184 395 278 421 butum
295 394 320 420 ei
337 392 465 428 pendant,
484 399 537 427 qua
557 399 591 419 ne
607 392 664 427 ipsa
682 392 792 427 quidem
808 399 836 418 re
852 399 882 419 se
896 395 970 421 tutos

183 447 328 466 mansuros
355 438 515 472 conﬁdunt;
546 438 592 466 alii
626 446 690 465 vero
720 439 771 465 ltoc
799 439 883 473 parati
908 442 972 465 suttt

184 485 283 517 facere,
297 484 349 512 nisi
364 488 425 512 ante
443 484 577 518 oppressi,
591 484 624 511 de
651 489 722 511 terra
749 483 828 511 deleti
861 483 971 511 fuerint.

183 531 259 558 Sicut
276 530 349 558 enim
366 530 437 565 ignis
453 530 580 557 violentia
594 530 694 564 passim
708 529 741 556 ad
768 537 876 556 omnem
903 537 970 557 con-

183 582 284 611 gmtarn
300 576 461 609 obviamque
476 575 616 603 materiam
636 579 787 609 grassatur.
803 575 839 602 ita
853 575 974 602 barbari-

183 632 244 651 cunt
277 624 304 650 itt
329 630 425 650 omttes
452 622 584 657 impetum
611 629 692 649 nemo
718 621 847 649 cohibere
871 625 970 656 potest.

184 670 296 704 Semper
315 668 348 696 ad
362 668 465 704 majora
480 668 612 696 barbarus
639 667 818 702 cogitationes
844 667 972 700 intendit,

182 715 357 748 cupiditatem
373 722 451 742 suattt
463 714 496 741 ad
512 718 631 741 extrema
648 721 735 748 usque
746 718 824 741 terra:
838 712 971 746 extendit,

183 765 210 787 et
224 767 278 794 quo
295 761 384 786 minus
402 759 430 786 in
448 766 542 787 omnes
558 766 630 786 croco
645 759 745 794 impetu
764 759 895 789 incurrat.
919 763 973 785 ter-

184 807 257 833 mino
272 809 377 832 velatur
392 804 479 832 nullo.
496 805 536 831 Ab
551 804 634 832 altera
651 809 736 838 parte,
754 810 826 831 metu
841 803 972 839 prostrati

1025 209 1096 235 κατὰ
1118 210 1229 236 πάντων
1253 207 1348 241 ἔφοδον
1374 207 1404 234 οὐ
1428 206 1540 234 δύναται
1562 206 1652 236 οὐδεὶς
1677 205 1821 237 ἐπισχεῖν.

1028 255 1084 281 ’As‘t
1100 254 1209 289 μείζοσι
1227 253 1364 289 βάρϐαρος
1389 252 1520 286 ἐγχειρεῖ,
1534 251 1582 278 καὶ
1597 251 1647 282 τὴν
1661 249 1822 283 ἐπιθυμίη

1024 299 1064 330 εις
1084 300 1118 326 τὰ
1131 299 1182 332 γῆς
1200 299 1307 333 πέρατα
1322 297 1492 332 παρατείνει·
1509 297 1556 324 καὶ
1570 297 1635 331 ὄρος
1653 295 1739 330 αὐτῷ
1765 296 1826 326 tab;

1023 346 1069 372 ἐπὶ
1084 345 1123 380 τῷ
1146 346 1233 372 πάντα
1253 345 1432 379 κατατρέχειν
1453 345 1551 375 οὐδείς.
1573 343 1682 374 Πάντες
1704 342 1739 369 δὲ
1756 350 1824 368 κη-

1022 392 1159 427 επτήχασι
1181 399 1188 407 ·
1211 392 1257 418 καὶ
1271 392 1318 418 τοῦ
1332 391 1393 418 καθ’
1409 391 1505 418 ἑαυτὸν
1520 389 1675 426 φροντίζων
1689 388 1826 420 ἒκαστπ,

1023 436 1162 472 κάθηνται
1192 437 1223 463 τὸ
1245 436 1342 472 μέλλον
1367 434 1602 466 ἀποσκοποῦντες,
1629 435 1693 462 δέον
1720 435 1824 469 ὁρμᾷ-ι,

1026 483 1154 518 σύστημα
1167 483 1331 518 γενομένους
1350 483 1389 514 ἓν,
1411 482 1492 509 αὑτὸν
1516 483 1594 517 κοινῇ
1615 482 1730 513 πάντας
1756 481 1826 514 ἀμύ-

1024 522 1196 562 νασθαιξκαὶ
1220 530 1299 563 δίκην
1321 529 1388 564 παρ’
1406 529 1489 557 αὖτοῦ
1504 529 1609 560 λαϐεῖν,
1627 526 1666 555 ὧν
1695 529 1742 559 εἰς
1756 527 1826 561 Χρι-

1025 576 1152 607 στιανοὺς
1175 576 1224 603 καὶ
1246 576 1277 602 τὸ
1300 575 1422 611 Χριστοῦ
1445 576 1544 610 ὄνομα,
1571 575 1620 602 καὶ
1648 574 1754 609 ὕϐριζε
1781 573 1825 599 καὶ

1025 623 1146 657 ὑϐρίζων
1171 622 1346 657 καθεκάστην
1364 623 1395 649 οὺ
1422 621 1552 649 παύεται.
1579 621 1665 648 Ἀλλὰ
1681 620 1771 646 τοῦτό
1796 629 1826 651 τε

1024 668 1080 695 οὔτ’
1098 668 1215 703 ἐμέλησέ
1229 677 1272 695 πω
1287 668 1388 700 οὐδενὶ,
1403 667 1466 694 οὗτε
1481 667 1605 702 μελήσει.
1628 666 1702 701 πλὴν
1719 667 1747 692 ει
1761 666 1825 696 Θεδς

1025 713 1142 748 Θελήσει,
1159 714 1242 746 ἀξίων
1257 713 1408 748 γινομένων
1427 714 1517 748 ἡμῶν.
1533 714 1589 741 Καὶ
1604 713 1730 743 intacto;
1747 712 1826 738 τοῦτο

1024 760 1252 795 παρακερδαίνει,
1276 760 1307 787 τὺ
1333 761 1390 792 τοῖς
1424 760 1521 791 δεινοῖς
1546 759 1663 795 ὕστερος
1691 758 1824 793 ἡγεῖσθαι

1024 806 1268 842 ταμιευθήσεσθαι,
1293 806 1438 839 ἐξαπατῶν
1460 806 1558 834 ἑαυτὸν
1582 807 1615 842 τῇ
1648 805 1824 840 ἰδιοπραγὲει,

183 856 248 879 sunt
261 859 368 884 ontttes,
384 856 411 878 et
427 858 476 886 pro
496 858 526 879 se
543 851 661 885 quisque
676 850 798 884 solliciti,
827 858 919 885 cxspct

1093 854 1126 888 τῇ
1143 853 1267 888 ἀπωλείᾳ
1281 853 1336 880 τῶν
1351 853 1450 886 ἄλλων,
1475 853 1492 889 ἢ
1514 853 1563 880 καὶ
1578 853 1618 888 τῷ
1635 854 1674 888 μὴ
1695 852 1735 880 ἂν
1749 853 1824 887 ἥξειν

185 899 257 927 tione
273 898 371 931 futuri,
387 905 505 933 quonam
522 906 565 925 res
581 905 704 925 evasura
714 897 779 928 sint,
814 898 972 932 languentes

187 948 306 977 cessant,
320 951 381 973 cum
395 949 490 972 contra
508 948 646 979 oporteret
663 944 689 970 itt
705 951 787 970 unum
813 943 973 979 conspirare

185 990 337 1022 universos,
348 990 596 1026 communibusque
612 990 708 1025 opibus
725 993 754 1016 et
767 989 852 1016 armis
865 989 971 1017 hostem

184 1036 337 1071 populsare,
357 1043 390 1064 ac
403 1043 499 1072 pennas
515 1036 649 1064 scelerum
664 1043 725 1071 qua:
739 1036 765 1063 in
797 1035 971 1064 Christianos

183 1082 340 1117 Christique
367 1089 463 1109 nomen
491 1081 688 1109 contumeliose
704 1087 730 1109 et
755 1080 920 1116 perpetravit
945 1085 973 1107 et.

184 1128 305 1164 quotidie
320 1132 476 1164 perpetrare
489 1128 543 1155 μοι)
556 1128 671 1160 desistit.
687 1128 721 1155 de
732 1128 780 1155 illo
787 1134 905 1155 sumere.
918 1126 972 1155 Sed

185 1177 237 1204 hoc
258 1175 361 1202 nemini
388 1181 461 1202 nunc
480 1181 552 1202 cura:
572 1178 623 1207 est,
640 1181 727 1208 neque
752 1173 866 1209 posthac
889 1172 971 1200 etiam

184 1227 257 1247 ουτοι
269 1220 331 1253 erit,
344 1219 395 1247 ttisi
412 1219 599 1255 tum,qttando
615 1218 687 1247 Deus
702 1218 871 1252 \‘Olel,nobi5
885 1217 973 1252 dignis

185 1265 273 1294 tactis.
291 1266 397 1302 Singuli
411 1273 485 1298 vero,
504 1273 534 1293 se
562 1269 716 1300 postremos
742 1263 776 1291 ad
804 1264 973 1292 calamitates

186 1315 352 1340 reservatum
371 1311 403 1338 iri
419 1314 557 1346 putantes.
569 1310 641 1337 male
651 1309 755 1337 interea
772 1309 823 1337 hoc
849 1317 934 1337 morae
945 1309 972 1336 in

185 1358 261 1384 lucro
276 1361 393 1392 ponunt.
409 1355 462 1388 Ubi
476 1359 549 1383 certe
563 1355 669 1390 scipsos
682 1355 831 1389 decipiunt,
859 1362 972 1391 suarum

186 1409 277 1429 rerum
291 1401 392 1433 studio,
406 1405 435 1428 ut
449 1400 622 1436 negligentia,
639 1400 701 1428 aliis
726 1400 829 1428 interea
859 1408 974 1433 pereun-

187 1450 269 1482 tibus,
283 1448 402 1476 autduttt
418 1455 558 1484 nunquam
572 1447 606 1475 ad
618 1455 648 1476 se
663 1453 776 1475 ventura
790 1447 890 1475 similia
902 1448 972 1475 mala

186 1501 293 1531 putant,
308 1500 355 1523 aut
370 1499 434 1523 tunc
456 1494 566 1522 demum
593 1501 623 1521 se
645 1501 720 1521 arma
739 1498 766 1521 et
785 1493 972 1522 defensionem

1028 899 1094 926 ποτὲ
1109 899 1157 926 καὶ
1174 900 1214 931 είς
1230 900 1312 926 αὑτὸν
1338 899 1444 927 οἴεσθαι
1463 900 1498 927 τὰ
1528 900 1606 927 δεινά
1618 907 1626 916 ·
1652 899 1669 934 ἢ
1685 899 1755 926 τότε
1771 899 1826 925 δια-

1027 946 1174 980 νοούμενος
1190 945 1366 981 διεγερθῆναί
1390 955 1420 973 τε
1444 946 1490 972 καὶ
1516 942 1689 980 ἀμύνασθαι,
1714 947 1763 973 ὅτε
1778 945 1826 973 καὶ

1027 990 1072 1018 ἐπ’
1086 991 1168 1018 αὑτὸν
1183 992 1197 1018 ὀ
1213 991 1348 1027 βάρϐαρος
1370 991 1409 1026 τῃ·
1433 992 1499 1026 πρὶν
1521 991 1549 1018 δὲ
1572 991 1653 1018 τοῦτο
1676 991 1820 1025 γενέσθαν,

1028 1038 1090 1072 μηδ’
1107 1037 1141 1066 ἂν
1164 1038 1192 1065 εἴ
1211 1047 1237 1065 τι
1257 1039 1305 1065 καὶ
1329 1038 1433 1072 γένοιτό
1471 1048 1536 1066 ποτε
1560 1039 1822 1074 διεγερθησόμενκ·

1026 1085 1086 1111 οὐδὲ
1099 1084 1196 1111 τοῦτον
1211 1084 1277 1119 γοῦν
1291 1084 1399 1116 οὐδενὸς
1411 1085 1600 1120 λογιζομένου,
1621 1086 1660 1121 μὴ
1676 1094 1822 1121 προαναρ-

1027 1130 1167 1165 πασοῆναι
1186 1131 1303 1165 φθάσαι,
1316 1131 1382 1166 πρίν
1395 1140 1457 1158 τινα
1473 1131 1566 1166 σχεδὸν
1581 1131 1676 1159 λαϐεῖν
1693 1132 1823 1166 αῐσθησιν

1026 1176 1081 1203 τῶν
1092 1176 1200 1203 δεινῶν.
1218 1177 1304 1204 Τοῦτο
1317 1177 1339 1204 δ’
1354 1178 1480 1210 ἑκάστοις
1492 1179 1564 1205 ποιεῖ
1575 1179 1592 1214 ἥ
1604 1187 1634 1204 τε
1651 1178 1723 1214 ἄλλη
1737 1179 1821 1210 πᾶσα,

1026 1219 1043 1259 ᾖ
1062 1222 1197 1256 συζῶσιν,
1215 1223 1377 1258 ἀϐελτηρία,
1407 1224 1454 1250 καὶ
1475 1223 1505 1250 τδ
1531 1224 1565 1251 δι’
1590 1223 1678 1259 αὐτὴν
1693 1225 1749 1260 τὴν
1771 1224 1822 1250 τῶν

1027 1268 1132 1294 πολλῶν
1151 1268 1263 1303 ἀγάπην
1290 1269 1422 1304 ψυγῆναι,
1448 1269 1496 1296 καὶ
1517 1269 1682 1304 ἐξαφανίσαι
1703 1271 1755 1299 τὸν
1776 1271 1819 1298 ἐπὶ

1026 1313 1076 1348 τῆς
1091 1315 1211 1347 πίστεως
1231 1315 1322 1350 ζῆλον.
1341 1316 1372 1343 El
1387 1316 1408 1342 δ’
1424 1316 1550 1349 ἕκαστος,
1574 1317 1819 1353 ἀποστρεφόμενος

1026 1361 1060 1388 τὰ
1076 1363 1184 1395 πονηρὰ
1199 1361 1277 1396 ἔργα,
1297 1361 1332 1388 τὰ
1355 1361 1411 1389 τῶν
1430 1361 1603 1395 Χριστιανῶν
1618 1362 1744 1389 ἑκάστου
1768 1363 1818 1389 ὑπὸ

1026 1408 1080 1434 τῶν
1093 1407 1200 1434 ἀσεϐῶν
1225 1408 1299 1443 πάθη
1329 1408 1385 1434 [δια
1411 1408 1562 1442 ἐλογίζετο,
1587 1409 1636 1435 καὶ
1651 1409 1738 1443 ζῆλον
1751 1409 1818 1443 ὑπὲρ

1026 1453 1074 1480 τοῦ
1096 1453 1215 1487 Χριστοῦ
1241 1453 1375 1492 ὀνόματος
1402 1454 1574 1489 ἀνελάμϐανε
1602 1455 1762 1490 πρέποντα.
1786 1455 1819 1489 μὴ

1027 1499 1095 1526 ἄλλα
1108 1499 1199 1531 ἄλλοις
1214 1499 1350 1532 ἐγκαλῶν,
1366 1497 1407 1531 οἷς
1420 1500 1450 1526 οὐ
1467 1500 1557 1535 Θέμις·
1573 1501 1604 1527 οὗ
1622 1501 1708 1535 μόνον
1726 1502 1777 1528 οὐκ
1790 1501 1817 1527 ἂν

185 1547 364 1578 scscepturos
395 1541 527 1577 cogitant,
544 1541 653 1575 quando
668 1541 695 1568 in
713 1541 785 1575 ipsos
802 1541 883 1569 etiam
908 1541 921 1568 h

1081 1546 1102 1571 nl
1115 1545 1163 1572 τὸν
1182 1544 1321 1580 βάρϐαρον
1349 1545 1499 1578 ἐδεδίεσαν,
1526 1546 1587 1572 ἀλλ’
1610 1546 1667 1573 οὐδ’
1686 1547 1725 1573 ἂν
1743 1547 1817 1581 ἡμεῖς

185 1590 268 1618 barus
285 1588 416 1616 invaserit
433 1588 613 1622 ,priusquam
630 1594 694 1615 vero
708 1587 759 1614 ltoc
770 1587 827 1619 ﬁat,
855 1594 884 1615 se
902 1595 973 1615 nun-

185 1643 278 1670 quam,
296 1635 428 1671 quidquid
455 1634 536 1663 etiam
551 1633 609 1666 l‘tat,
623 1638 797 1662 surrecturos
811 1634 974 1662 vindictam-

184 1689 237 1717 que
251 1686 407 1717 paraturos.
435 1679 491 1708 Nec
509 1680 618 1708 interim
637 1679 692 1708 hoc
704 1679 801 1708 saltem
827 1681 973 1715 quisquam

184 1727 296 1762 cogitat,
312 1727 363 1755 sibi
374 1729 526 1755 cavendum
557 1734 629 1758 esse,
658 1733 692 1753 ne
718 1729 780 1753 ante
806 1726 975 1761 opprimatur

184 1781 264 1809 quant
282 1773 338 1801 fere
357 1773 442 1800 ullum
461 1780 573 1802 sensum
601 1773 692 1808 capiat
719 1772 857 1800 interitus.
884 1771 973 1800 Causa

185 1822 265 1856 ltujtts
279 1820 341 1847 ntali
358 1825 398 1847 est
414 1827 476 1848 cum
494 1819 599 1854 reliqua
613 1819 716 1852 omnis,
730 1827 792 1847 cum
811 1826 864 1853 qua
879 1827 975 1847 conse-

184 1871 311 1900 nescunt,
327 1866 463 1894 stoliditas
479 1870 506 1893 et
521 1865 660 1897 socordia,
690 1870 748 1892 tuttt
766 1865 838 1900 quod
847 1865 911 1892 hinc
919 1866 974 1900 ple—

185 1918 332 1946 rorutttque
346 1911 428 1939 etiant
444 1911 564 1938 cltaritas
577 1909 694 1942 refrixit,
707 1915 734 1937 et
750 1910 887 1945 religionis
900 1911 975 1938 zelus

183 1957 401 1990 υκοιυνιι,ρυυα
419 1956 443 1984 si
463 1956 665 1990 unusquisque,
695 1956 817 1990 improba
847 1956 916 1983 facta
948 1960 976 1983 et

183 2003 286 2031 scelera
301 2003 464 2035 detestatus,
485 2004 555 2029 mala
580 2003 681 2035 quibus
711 2003 812 2036 singuli
837 2002 976 2030 Christia-

185 2055 281 2074 norum
295 2048 329 2075 ab
344 2047 427 2082 itnpia
441 2051 519 2081 gente
535 2047 702 2079 adiciuntur,
713 2056 762 2076 sua
778 2049 974 2079 existimasset,

183 2092 438 2128 aztttulationentque
451 2093 608 2128 pro_Christi
625 2093 735 2120 nomine
748 2101 778 2122 se
792 2094 901 2129 dignam
916 2100 976 2123 sua-

183 2140 314 2174 cepisset,
339 2147 395 2166 non
407 2143 499 2167 autem
508 2138 622 2166 crimitta
638 2138 692 2166 alia
708 2139 768 2166 aliis
783 2139 892 2173 indigne
901 2139 976 2174 obje-

184 2186 277 2219 cisset,
294 2193 347 2213 ttort
366 2190 472 2214 tantum
488 2186 538 2221 ipsi
566 2185 709 2213 barbarunt
725 2193 796 2212 nunc
811 2193 865 2213 non
890 2186 976 2214 rel‘or-

1025 1598 1057 1623 γε
1068 1590 1222 1626 τηλικαύτῃ
1237 1591 1511 1626 περιεπεπτώκειμεν
1523 1593 1662 1627 συμφορᾷ,
1682 1593 1734 1619 καὶ
1746 1593 1817 1627 δίκην

1025 1637 1075 1670 τὴν
1099 1636 1178 1668 ἀξίαν
1208 1636 1292 1664 πάλαι
1317 1637 1352 1663 ἂν
1366 1637 1379 1663 6
1395 1636 1535 1672 βάρϐαρος
1560 1638 1701 1666 ἐδεδώκει.
1722 1638 1780 1665 Νῦν
1794 1638 1817 1664 δὲ

1024 1682 1070 1709 διὰ
1083 1682 1114 1708 τὸ
1132 1682 1234 1717 μηδένα
1252 1681 1300 1708 τοῦ
1320 1683 1508 1718 προσήκοντος
1530 1681 1658 1718 ἐθελῆσαι
1677 1684 1815 1717 γενέσθαι,

1026 1727 1073 1753 καὶ
1088 1727 1138 1762 τὴν
1153 1727 1229 1755 Θείαν
1246 1728 1443 1764 ἐγκαταλιπεῖν
1459 1729 1535 1764 ἡμᾶς
1546 1729 1690 1763 πρόνοιαν,
1707 1730 1816 1760 ἑκόντας

1025 1774 1286 1808 ἀποσχοινισθέντας
1310 1774 1470 1809 αὖτῆς,-ὲπὶ
1486 1775 1586 1810 πολλῆς
1606 1784 1636 1801 τε
1661 1777 1712 1803 τοῦ
1727 1777 1814 1804 κωλύ-

1026 1827 1119 1851 σοντος
1137 1819 1266 1854 ἐρημίας,
1281 1819 1297 1854 ἦ
1314 1819 1362 1846 καὶ
1373 1819 1442 1852 ὅλως
1455 1819 1501 1847 τοῦ
1518 1821 1704 1856 ἀμυνομένου,
1725 1823 1778 1858 τήν
1791 1829 1814 1848 τι

1027 1865 1104 1892 πόλιν
1120 1865 1198 1900 ἡμῶν
1215 1865 1269 1900 (εἴη
1295 1865 1324 1892 δὲ
1353 1866 1400 1892 καὶ
1422 1866 1516 1902 κοινὴν
1544 1868 1662 1902 πατρίδα
1679 1868 1739 1896 τῶν
1753 1869 1813 1903 Χρι-

1027 1911 1144 1938 στιανῶν
1160 1911 1289 1938 ἁπάντων
1303 1911 1402 1947 εἰπεῖν)
1414 1912 1428 1938 ὁ
1443 1911 1580 1948 βάρϐαρος
1595 1915 1811 1949 κατεστρέψατο,

1026 1958 1101 1992 ἡμᾶς
1122 1965 1152 1983 τε
1181 1956 1437 1991 ἐξηνδραποδίσατο,
1466 1959 1514 1985 καὶ
1540 1959 1628 1985 πάντα
1655 1959 1769 1995 διέθηκε
1786 1961 1812 1986 τὰ

1026 2003 1178 2036 δεινότατα,
1195 2003 1317 2035 καὶτοῖς
1331 2003 1436 2036 λοιποῖς
1463 2006 1532 2039 μετᾶ
1560 2005 1661 2032 πολλοῦ
1685 2007 1735 2033 τοῦ
1758 2007 1811 2041 θρά-

1027 2057 1091 2080 σους
1106 2048 1153 2075 καὶ
1170 2048 1291 2083 μεγάλου
1307 2049 1466 2084 ἐπέρχεται.
1482 2050 1532 2076 Διά
1546 2051 1634 2077 ταῦτα
1656 2053 1706 2079 καὶ
1728 2052 1810 2087 ὀδύροι

1028 2104 1089 2129 μαι,
1107 2095 1155 2121 καὶ
1169 2094 1282 2130 δακρύω
1298 2113 1305 2126 .
1330 2097 1377 2122 καὶ
1394 2095 1441 2122 τοῦ
1464 2096 1594 2131 δακρύειν
1615 2097 1646 2124 οὐ
1667 2098 1810 2133 παύσομαι,

1027 2141 1078 2173 ἕως
1093 2140 1127 2168 ἂν
1138 2140 1188 2176 τὴν
1202 2140 1378 2173 τῶν,ἀσεϐὦν
1391 2141 1461 2168 κατὰ
1476 2141 1651 2177 Χριστιανῶν
1668 2144 1810 2179 εὐημερίαν

1027 2187 1095 2223 ὁρῶ.

185 2233 330 2266 midarent,
349 2234 397 2262 sed
412 2241 446 2261 ne
461 2241 512 2261 nos
526 2233 634 2269 quidem
647 2233 702 2268 jam
719 2233 745 2259 in
762 2237 863 2260 tantam
889 2233 1081 2262 incidissemus
1099 2235 1293 2268 calamitatem,
1309 2241 1404 2270 poenas
1429 2238 1518 2262 autern
1542 2234 1709 2270 jamdudum
1738 2234 1809 2264 hostis

159 2285 163 2288 '
184 2288 213 2309 Se
228 2282 324 2317 dignas
334 2280 464 2308 dedisset.
477 2280 556 2307 Nunc
569 2287 646 2313 vero,
660 2280 790 2315 quoniam
803 2286 882 2307 nemo
896 2280 980 2308 voluit
999 2279 1117 2308 cilicium
1133 2281 1234 2313 facere.
1265 2281 1418 2316 divinaeque
1450 2288 1501 2309 nos
1526 2281 1707 2314 providentiae
1739 2284 1809 2311 destr-

186 2329 234 2356 tuti
251 2328 353 2356 luimus
376 2334 439 2362 ope,
455 2327 518 2354 dum
534 2332 626 2355 nostra
638 2327 716 2362 culpa
734 2327 804 2355 ultro
820 2334 871 2355 nos
887 2327 921 2355 ab
934 2335 966 2356 ea
996 2329 1162 2357 exclusimus
1178 2338 1185 2357 :
1202 2329 1332 2363 quoniam
1342 2329 1405 2356 item
1419 2336 1516 2363 magna
1540 2329 1746 2364 prohibentium
1772 2331 1808 2357 ho-

184 2383 264 2408 stent,
280 2379 328 2403 aut
358 2374 453 2402 saltem
482 2374 680 2406 resistentium,
710 2374 823 2409 penuria
851 2375 966 2408 exstitit,
988 2375 1089 2404 factum
1105 2380 1157 2409 est,
1175 2380 1205 2403 ut
1217 2379 1244 2403 et
1258 2376 1354 2404 urbem
1387 2379 1523 2408 nostram,
1549 2376 1605 2403 into
1644 2385 1808 2406 communem

186 2424 375 2451 universorum
412 2420 633 2448 Christianorum
672 2421 800 2455 patriam,
840 2421 974 2450 barbarus
993 2422 1130 2455 everterit,
1166 2422 1311 2456 omnisque
1343 2421 1451 2457 generis
1474 2423 1607 2449 horrenda
1638 2425 1765 2460 exempla
1787 2425 1807 2450 in

185 2479 235 2499 nos
247 2470 364 2498 ediderit
379 2472 486 2503 captos,
503 2469 695 2495 etittcxteros
720 2475 817 2502 magna
849 2467 963 2494 audacia
983 2468 1114 2497 effrenate
1129 2468 1250 2496 invadat.
1267 2466 1315 2495 l-lis
1348 2467 1381 2494 de
1423 2466 1516 2494 causis
1545 2474 1596 2502 ego
1626 2468 1764 2504 Iacrymor
1787 2472 1807 2496 et

185 2520 272 2556 ploro,
288 2527 337 2547 nec
351 2516 519 2551 lacrymandi
536 2515 616 2542 tinent
638 2514 744 2547 iaciam,
774 2514 895 2549 quandiu
921 2514 1065 2549 impiorum
1077 2513 1170 2542 felices
1184 2518 1279 2542 contra
1290 2513 1464 2542 Christianos
1480 2522 1625 2542 successus
1639 2515 1748 2543 videbo.

220 2569 341 2601 Augetur
357 2564 441 2591 etiam
455 2561 620 2590 meus'dolot-
636 2569 669 2589 ett
685 2569 717 2589 eo
729 2561 802 2596 quod
829 2561 902 2589 circa
928 2561 956 2589 dc

1071 2560 1218 2587 Ἐπιτείνει
1229 2560 1257 2587 δέ
1271 2569 1318 2595 μοι
1331 2560 1362 2587 τὺ
1373 2559 1461 2592 πάθος
1473 2561 1520 2587 καὶ
1533 2560 1563 2587 τὸ
1573 2560 1622 2586 ἐπὶ
1636 2561 1692 2592 τοῖς
1708 2561 1805 2591 οἰκείοις

185 2613 314 2640 mesticos
329 2615 355 2638 et
372 2612 503 2644 cognatos
513 2615 587 2636 meos
602 2608 702 2636 factum
714 2612 767 2636 est.
782 2608 888 2635 Etenim
904 2615 918 2635 a

1069 2607 1233 2642 ισυγγινέσι
1255 2607 1452 2642 γεγενημένον.
1479 2606 1577 2639 ’Ἄλλος
1593 2607 1647 2641 γὰρ
1670 2607 1751 2643 ἄλλῃ,
1768 2608 1805 2633 οὐκ

184 2659 281 2686 horutn
296 2657 360 2689 alio,
380 2655 542 2690 nescioquo
556 2660 693 2682 terrarum
718 2654 830 2690 singuli,
857 2654 920 2689 disp

1069 2652 1075 2663 '
1091 2654 1144 2688 ὅπη
1165 2652 1229 2688 γῆς,
1247 2652 1436 2688 διεσπάρησαν
1455 2651 1582 2684 ἕκαστος.
1602 2653 1633 2678 Oi
1651 2652 1680 2679 δὲ
1705 2652 1751 2679 καὶ
1766 2653 1805 2686 τὴν

184 2709 257 2732 sunt.
272 2703 402 2731 Nonnulli
415 2709 536 2737 quoque,
553 2710 615 2729 vera
629 2702 762 2737 religione
778 2703 920 2735 abnegata.

1068 2698 1179 2734 ώμητον
1198 2698 1290 2725 πίστιν
1302 2698 1436 2734 ἧμειψαν,
1456 2699 1503 2725 ἐπὶ
1518 2697 1568 2733 τὴν
1583 2697 1713 2724 ἀσέϐειαν
1737 2705 1804 2732 μετα-

183 2750 348 2785 iutpietatem
360 2747 525 2776 defecerunt.
533 2747 570 2775 Ac
584 2748 617 2775 de
625 2754 785 2776 caaterorunt
797 2747 906 2782 quidem
917 2753 976 2773 ont-

183 2797 259 2824 ttiutn
275 2795 384 2823 fortuna
413 2793 638 2829 singulorumque
665 2794 754 2821 dicere
771 2800 824 2819 non
837 2800 947 2826 possunt
964 2800 972 2819 :

184 2841 231 2868 sed
246 2841 278 2868 de
285 2844 402 2872 quatuor
413 2838 505 2866 tratris
517 2839 568 2866 ntoi
579 2840 650 2872 liliis,
667 2846 728 2866 cum
742 2843 796 2865 tres
809 2837 863 2870 (hei
876 2836 942 2863 tttilti
954 2836 974 2869 ι)

1029 2744 1132 2777 θέντες.
1147 2744 1201 2771 Καὶ
1215 2744 1278 2775 τοὺς
1296 2743 1346 2778 μὲν
1359 2743 1457 2773 ἄλλους
1475 2744 1600 2774 ἅπαντας
1625 2743 1689 2770 καῦ¹
1704 2744 1804 2770 ἕκαστον

1026 2789 1116 2823 λέγειν
1131 2790 1181 2815 οὐκ
1198 2788 1231 2815 ἂν
1248 2785 1303 2820 οἷός
1325 2796 1355 2813 τε
1374 2786 1419 2824 ἦν’
1438 2788 1496 2814 ἀλλ’
1512 2787 1662 2821 ἀδελφιδῶν
1682 2796 1730 2822 μοι
1753 2794 1804 2814 τεσ-

1027 2836 1130 2869 σάρων,
1148 2834 1202 2863 τῶν
1228 2835 1321 2869 τριῶν,
1348 2834 1415 2869 φεῦε
1441 2834 1632 2869 μεταθεμένων
1647 2833 1759 2864 δεινῶς,
1776 2831 1804 2863 τῷ
