1864 3058
44 93 53 122 1
63 94 136 125 069

581 93 827 124 LAMENTATIO
842 92 892 122 DE
908 91 1016 122 CPOLI
1031 78 1160 123 tarn.

1608 134 1610 136 η
1628 94 1692 126 10‘0

42 153 169 188 σφόδρα
199 152 287 187 νεαρῷ
314 151 364 186 τῆς
385 151 503 187 ἡλικίας,
531 152 579 179 καὶ
603 152 684 179 ἄλλου
704 151 772 187 ἄλλῃ

955 151 1105 178 calamitate
1123 151 1200 178 fidem
1217 151 1406 179 adolescentia:
1418 152 1562 186 lragilltate
1580 151 1691 187 relique-

42 199 219 234 νεχθέντος,
237 194 313 235 μόλις
326 196 367 231 εἷς
384 207 429 233 μοι
445 198 659 233 περισέσωσται,
675 199 755 230 ὤνιος
769 199 855 233 ἀργυ-

45 245 148 279 ρίοις,
177 245 225 272 καὶ
251 244 428 280 ταλαιπωρίᾳ
444 245 540 280 πολλῇ·
561 245 612 272 οὐκ
629 244 662 271 ἂν
687 243 856 280 τσωςΔτοῦτο

47 300 89 317 cru
95 291 178 326 μϐἀν
191 292 291 325 οὕτως,
307 291 332 319 εί
344 292 358 319 ὁ
371 291 463 327 πατὴρ
481 291 531 326 μὶν
545 291 649 324 αὐτοῖς,
662 291 724 326 [μοὶ
738 290 767 318 δὲ
776 290 856 318 ἀδελ-

46 336 113 370 φὸς
132 339 244 373 περιῆν.
257 337 333 372 Ταχὺ
345 337 400 372 γὰρ
415 336 449 364 ἂν
462 337 562 368 αὐτοὺς
577 337 751 371 ἀναζητήσας
764 343 857 370 περιε-

45 382 186 414 orbo-aro,
199 383 247 410 τοῦ
261 383 342 409 πόνου
359 392 405 418 μοι
422 382 622 418 συναράμενος.
634 382 692 409 Νῦν
704 382 732 408 δὲ
744 382 774 408 τὸ
786 382 857 408 ὲκεί-

45 437 129 460 νους
146 429 197 464 μὲν
213 429 242 462 ἐξ
254 429 407 464 ἀνθρώπων
425 428 564 463 γενέσθαι,
581 428 631 463 ἐμὲ
645 428 674 455 δὲ
693 427 773 463 μόνον
786 428 855 463 πρὸς

46 476 156 502 πάντα
176 475 214 512 μὴ
233 475 377 510 ἐξαρκεῖν,
403 475 491 506 ἄλλως
516 483 546 502 τε
575 474 624 502 καὶ
652 475 855 511 ἀπραγμοσύνῃ

47 521 239 557 συνεζηκότα
267 521 351 557 πολλῇ
380 521 425 557 (δι’
445 521 479 556 ἣν
502 521 571 556 πρὸς
590 522 679 548 πάντα
704 520 783 547 πόνον
809 521 857 548 καὶ

47 567 178 602 πρᾶξιν,
197 567 268 603 πλὴν
291 568 338 594 τοῦ
364 568 435 595 κατά
464 567 528 600 τοὺς
559 567 675 601 λόγους,
700 567 856 594 συνέὄαινεν

49 613 140 648 ἔχειν
155 613 288 649 ἀπείρως)
304 613 392 641 αἴτιον
407 613 503 646 αὐτοῖς
525 613 574 649 τῆς
596 613 725 649 τοιαύτης
742 614 856 648 μεταδο-

48 659 126 695 λῆς.
148 659 220 686 Οὔτε
241 659 295 695 γὰρ
321 660 411 694 εὑρεῖν
426 659 534 692 αὐτοὺς,
550 660 604 695 ὅπη
627 659 690 694 γῆς,
705 660 797 695 ῥᾴδιον
812 658 856 694 ἦν,

49 707 127 734 οὐδὲ
145 707 201 734 τῶν
217 706 306 733 ἄλλων
320 706 417 733 οὐδένα
433 706 585 741 συγγενῶν,
606 706 715 733 πάντων
733 706 856 738 ἐλεεινῶς

51 753 119 784 τοῖς
140 752 290 788 βαρϐάροις
310 752 357 778 ἀπ’
373 751 498 787 ἀλλήλων
513 751 724 786 γεγενημένων,
747 751 795 778 καὶ
810 751 857 779 ἄλ-

51 798 111 825 λου
134 798 204 833 ἄλλῃ
215 797 423 833 ἀπενεχθέντος·
439 797 486 823 καὶ
497 797 511 824 ό
522 796 653 823 ἑκάστοτε
665 797 693 824 δὲ
710 797 760 823 σὺν
771 796 855 831 πολλῇ

52 844 247 879 ταλαιπωρίᾳ
265 852 311 880 μοι
336 842 531 878 εὑρισκόμενος
547 839 624 869 εἷλκε
651 842 721 877 πρὸς
748 842 857 870 ἑαυτὸν.

55 890 183 926 Πρῶτον
201 889 248 916 οὖν
262 889 454 923 περιτυγχάνω
465 889 498 923 τῇ
515 887 628 922 ἀδελφῇ,
647 885 707 914 εἶτα
720 888 753 922 τῇ
772 887 858 922 μητρὶ

55 935 200 970 ἀλλαχοῦ,
211 935 251 971 τῷ
263 934 396 970 ἀδελφιδῷ
408 933 531 969 ὕστερον·
545 934 593 961 καὶ
608 932 773 968 τούτοιςιτὴν
783 933 860 959 em-

57 983 166 1018 θερίαν
178 982 231 1009 ὑπὸ
245 981 305 1017 Θεῷ
321 981 400 1017 αἰτίῳ
412 979 621 1016 περιποιοῦμαι,
633 980 710 1013 τάξιν
722 979 860 1014 ὑπηρέτου

59 1029 169 1061 σώζων
185 1028 278 1061 αὐτὸς,
299 1028 348 1056 καὶ
363 1028 394 1055 τὸ
420 1027 520 1062 σφόδρα
537 1027 657 1062 χαλεπὸν
678 1026 730 1061 τῆς
749 1026 803 1053 τῶν
815 1026 860 1052 λύ-

58 1084 144 1110 ⁴ερων
162 1075 309 1110 εὑρέσεωςι
326 1074 359 1109 ἢν
383 1073 451 1108 ὲλέῳ
467 1073 540 1108 μόνῳ
559 1073 628 1099 Θεοῦ
651 1072 806 1108 ὲκτὼμεθα,
825 1072 859 1099 δι’

63 1122 105 1156 ἢν
119 1121 177 1148 τῶν
190 1120 369 1156 παρεχόντων
395 1120 444 1146 καὶ
456 1119 603 1146 ἐλεούντων
619 1120 635 1154 ἡ
651 1119 710 1146 Θεία
727 1118 861 1150 ἀντίδοσις

66 1166 277 1203 μυριοπλασίας
299 1165 506 1201 ἀποδοθήσεται.
525 1165 614 1192 Μόνον
629 1164 677 1192 νῦν
701 1166 771 1200 εἰμι,
796 1173 862 1199 συγ-

63 1213 165 1248 γενέσι
181 1211 288 1244 πολλοῖς
302 1211 426 1246 πολλαχῆ
441 1211 665 1246 διεσπαρμένοις,
683 1211 729 1238 καὶ
742 1210 861 1246 οὐδαμοῦ

64 1258 134 1286 om
152 1258 249 1285 σύνδυο
268 1258 487 1294 εὑρισκομένοις,
516 1258 545 1284 ὲν
568 1258 670 1293 ἀπορίᾳ
700 1257 784 1292 πολλῇ
814 1257 862 1284 καὶ

64 1303 248 1339 ταλαιπωρία
265 1303 383 1339 μεγάλῃ.
410 1303 495 1330 Τοῦτό
524 1311 558 1339 με
585 1303 630 1330 καὶ
655 1302 715 1329 λίαν
739 1302 861 1337 ἀλγύνει,

64 1348 155 1376 τοῦτο
166 1350 240 1375 ποιεῖ
253 1348 283 1375 τὺ
298 1348 348 1383 ζῇν
363 1349 559 1384 ἀπολέγεσθαι.
576 1348 650 1384 Αὕτη
665 1357 710 1383 μοι
726 1348 863 1383 συμφορὰ,

68 1395 256 1431 παραμυθίας
275 1394 403 1422 ὑπόθεσιν
420 1394 551 1430 οὐδεμίαν
578 1395 775 1430 ὑποφαίνουσα.
806 1394 864 1421 Mf:

70 1451 122 1477 μοι
141 1441 224 1477 μόνον
241 1441 415 1476 παραμυθία,
432 1440 462 1468 τὸ
480 1441 544 1472 τοὺς
569 1440 726 1475 ἀδελφιδοῦς
748 1440 865 1475 ἀνακλη-

907 196 971 228 rint,
985 196 1110 231 aliusque
1122 197 1177 225 alio
1191 197 1345 226 abstractus
1362 199 1408 231 sit,
1422 198 1465 226 vix
1482 206 1553 225 unus
1571 198 1637 225 mihi
1653 205 1693 226 re-

907 247 972 276 stat,
988 248 1100 280 argento
1129 245 1245 277 venalis.
1275 253 1374 281 magna
1398 245 1559 274 diﬂicultate
1584 244 1696 272 conﬂicv

904 293 968 320 tans
982 298 988 316 :
1007 289 1078 324 quod
1094 289 1210 317 fortasse
1224 298 1278 318 non
1295 291 1455 324 accidisset,
1472 292 1494 318 si
1527 295 1602 326 pater
1619 291 1694 325 ipsis.

906 340 933 363 et
951 336 1015 363 mihi
1031 336 1124 369 frater.
1137 342 1300 372 superesset.
1318 337 1396 366 Brevi
1406 339 1476 366 enim
1489 345 1536 366 eos
1555 338 1695 373 requirens

907 387 1105 415 conservasset,
1120 383 1222 412 laboris
1243 384 1308 411 mihi
1329 385 1431 413 socius.
1449 385 1527 412 Nunc
1544 392 1616 416 vero,
1643 384 1697 412 illis

907 426 942 454 de
955 427 1009 455 vita
1023 429 1161 456 communi
1175 430 1302 460 sublatis.
1315 438 1431 464 quorum
1448 438 1531 466 opera
1548 431 1613 458 miln
1627 438 1694 465 opus

908 478 976 505 erat.
987 482 1049 502 cum
1065 482 1115 511 ego
1135 476 1210 504 solus
1225 477 1298 504 omni
1318 477 1404 504 labori
1415 477 1525 505 ferendo
1537 485 1588 504 non
1596 485 1695 508 essem.

907 521 1057 555 prsesertim
1073 527 1151 549 aztate
1168 522 1195 549 in
1211 523 1434 556 otiolllterisque
1458 528 1518 551 aeta
1546 523 1631 559 (unde
1663 523 1695 550 ad

908 574 1017 594 omnem
1034 568 1152 596 laborem
1163 574 1185 596 e‘
1200 569 1344 601 actionem,
1356 567 1578 604 prmtcrqnaniad
1596 570 1696 600 Studia.

909 613 985 641 rudis
1000 618 1027 642 et
1042 614 1150 649 ineptus
1163 615 1247 650 sum),
1266 623 1349 643 causa
1370 616 1426 643 haec
1445 615 1497 643 illis
1514 619 1595 642 tantae
1613 619 1696 642 muta-

909 661 991 689 tionis
1006 661 1113 689 accidit.
1129 660 1222 695 Neque
1238 662 1321 694 enim,
1347 663 1458 699 ubinam
1486 662 1536 696 ipsi
1563 666 1698 688 terrarum

908 710 1009 739 essent,
1024 710 1132 740 repertu
1150 706 1242 734 faciles
1249 712 1343 734 erant:
1360 714 1447 741 neque
1459 712 1618 734 cancrorum
1631 713 1698 734 Con-
1748 730 1752 743 ι

910 752 1120 787 sanguineorum
1150 753 1222 780 ullus
1245 762 1251 779 :
1277 753 1350 788 quod
1376 753 1476 788 singuli
1507 752 1698 780 miserabiliter

910 805 924 824 a
949 798 1070 825 barbaris
1087 798 1210 826 distracti
1230 806 1245 826 a
1261 806 1290 826 se
1304 798 1419 826 invicem
1449 802 1550 830 essent,
1574 798 1698 833 aliusque

910 844 964 872 alio
981 845 1111 879 abreptus
1124 854 1130 871 :
1143 845 1180 872 ita
1195 849 1221 872 ut
1237 845 1355 880 quisque
1369 845 1501 879 ipsorum,
1522 845 1566 872 vix
1589 851 1660 879 aegre
1683 851 1697 870 a
1715 836 1718 838 ’

911 889 1110 917 mcdivcrsoin
1125 889 1184 917 loco
1204 893 1336 923 repertus,
1367 896 1409 916 me
1439 889 1467 916 in
1495 897 1524 916 se
1552 889 1700 923 quaerendo

911 939 1074 970 occupatum
1101 939 1213 962 teneret.
1230 935 1321 962 Primo
1337 935 1429 970 itaque
1458 935 1603 962 nanciscor
1626 941 1701 962 soro-

912 988 980 1012 rem,
995 981 1094 1008 deinde
1112 985 1227 1008 matrem
1247 981 1300 1008 alio
1318 981 1345 1008 in
1364 981 1433 1014 loco,
1463 985 1518 1008 tum
1549 981 1640 1009 fratris
1671 982 1702 1007 ii-

911 1027 978 1055 lium
996 1036 1003 1055 ε
1021 1026 1120 1062 quibus
1134 1027 1299 1059 libertatem,
1317 1027 1372 1054 Deo
1382 1026 1504 1061 iuvante,
1523 1027 1630 1062 peperi:
1645 1027 1702 1062 ipse

913 1074 1093 1102 ministerium
1118 1080 1199 1101 omne
1228 1073 1333 1105 obiens,
1358 1072 1569 1108 difﬁcillimeque
1586 1073 1702 1108 pretium

912 1121 1064 1148 redimendi
1084 1127 1232 1155 corrogans
1252 1128 1259 1146 :
1281 1119 1352 1154 quod
1369 1120 1425 1147 sola
1442 1118 1488 1146 Dei
1509 1118 1697 1147 misericordia

913 1165 1052 1193 consecuti
1066 1172 1161 1192 sumus
1171 1173 1187 1194 -:
1199 1172 1248 1200 pro
1257 1173 1310 1199 quo
1321 1164 1375 1193 illis
1385 1165 1443 1199 qui,
1453 1169 1574 1191 noitrum
1587 1164 1702 1198 m'serti,

913 1212 1095 1244 contulerunt,
1103 1211 1192 1238 divina
1202 1211 1351 1246 benignitas
1363 1210 1577 1238 cumulatissime
1588 1210 1704 1246 gratiam

914 1260 1024 1287 referet.
1049 1258 1128 1285 Nunc
1145 1259 1219 1284 solus
1248 1265 1308 1285 sum
1324 1267 1330 1285 :
1350 1257 1570 1292 consanguineis,
1587 1264 1704 1292 quorum

917 1311 1030 1339 magnus
1045 1311 1187 1336 numerus,
1202 1304 1228 1330 in
1241 1302 1314 1330 varia
1327 1303 1384 1330 loca
1399 1303 1541 1337 dispersis,
1555 1310 1589 1330 ne
1599 1302 1704 1330 duobus

915 1351 1023 1387 quidem
1041 1351 1145 1385 uspiam
1163 1358 1216 1377 una
1227 1349 1413 1380 manentibus,
1427 1349 1454 1375 in
1472 1355 1568 1383 magna
1584 1353 1706 1383 egestate

914 1403 942 1425 et
951 1397 1092 1425 aerumnis.
1110 1396 1165 1423 lloc
1178 1396 1266 1431 ipsum
1279 1399 1330 1427 est,
1350 1394 1422 1429 quod
1439 1393 1520 1421 valde
1531 1401 1575 1422 me
1600 1393 1706 1421 discru-

916 1444 978 1475 ciet.
993 1444 1045 1471 hoc
1059 1443 1181 1470 animum
1200 1447 1228 1470 ut
1241 1441 1424 1477 despondeam
1450 1439 1524 1472 facit,
1555 1440 1611 1468 haec
1633 1440 1706 1468 cala-

70 1488 174 1519 Θέντας
195 1487 269 1520 ἰδεῖν,
290 1487 338 1513 καὶ
364 1489 433 1522 πρὸς
459 1486 490 1513 τὺ
508 1487 622 1522 πάτριον
647 1486 731 1518 σέϐας
752 1487 805 1513 ὲπα

969 1498 999 1518 as
1018 1489 1107 1518 solatii
1135 1489 1268 1516 rationem
1295 1489 1400 1516 nullam
1430 1487 1562 1523 qstendit.
1589 1485 1705 1514 Unicum

71 1535 186 1566 θέντας.
203 1534 236 1560 '0
256 1533 372 1568 γένοιτο,
389 1534 436 1560 καὶ
454 1534 548 1569 μεῖξον
561 1534 600 1565 εἰς
619 1533 798 1568 παραμυθίας
822 1540 866 1568 μοι

71 1581 155 1615 λόγον
171 1580 272 1616 οὐδὲνῆ
289 1581 337 1607 καὶ
351 1580 396 1607 τοῦ
415 1580 464 1616 ζῇν
475 1580 528 1614 ἐξω
543 1580 686 1616 γενοίμην,
700 1580 743 1608 ἵνα
758 1579 805 1607 καὶ
818 1579 865 1606 τοῦ

71 1628 180 1662 ἀλγεῖν,
200 1627 284 1655 ’Λλλά
310 1627 427 1659 δέδοικα,
457 1627 494 1662 μὴ
513 1627 560 1654 καὶ
585 1626 680 1654 τούτου
710 1627 866 1662 γινομένου.

74 1674 212 1710 μειζόνως
226 1674 339 1710 ἀλγήσω
354 1674 370 1709 ἢ
386 1674 456 1700 κατὰ
473 1674 521 1710 τὴν
537 1673 584 1700 νῦν
613 1674 768 1709 συμφορὰν.
789 1673 868 1699 κολάσ

74 1728 155 1746 σει-ιν
172 1719 362 1754 ἀτελευτήτοις
378 1719 553 1754 ὑποὸ).ηθιὶς,
569 1719 602 1745 δι’
614 1719 643 1745 ὃν
662 1719 804 1753 ὲπίκειμαι
819 1718 868 1752 τῆς

73 1766 167 1801 ψυχῆς
183 1766 335 1802 μολυσμόν.
355 1765 436 1793 Ἀ).λά
450 1766 496 1793 καὶ
509 1765 564 1793 τῶν
582 1766 629 1793 νῦν
649 1765 809 1800 συμφορῶν,
821 1765 868 1791 καὶ

73 1811 131 1837 τῶν
143 1811 185 1841 εἰς
199 1811 230 1836 τὸ
254 1810 353 1844 μέλλον
367 1810 556 1845 ἀπαλλαγείην
572 1809 719 1843 κολάσεων,
734 1809 782 1836 τοῦ
799 1808 867 1836 Θεοῦ

76 1865 124 1891 μοι
144 1855 209 1883 ῐλεω
238 1855 287 1883 νῦν
308 1855 420 1888 ἰδόντος,
436 1856 482 1883 καὶ
503 1855 542 1890 τῷ
567 1855 652 1890 πατρὶ
682 1855 869 1890 συγγενοίμην

75 1903 126 1930 καὶ
150 1901 270 1937 ἀδελφῷ,
289 1902 314 1929 ει
347 1901 394 1928 καὶ
425 1896 470 1937 μὴ’
486 1902 538 1936 τῆς
564 1901 750 1936 καθαρότητος
776 1901 868 1932 αὐτοῖς

75 1947 214 1975 κοινωνῶ.
232 1947 294 1975 Εἴθε
311 1947 340 1974 δὲ
355 1949 372 1983 ἡ
389 1946 508 1982 Χριστοῦ
523 1946 604 1982 χάρις
618 1948 650 1982 τῇ
665 1948 727 1981 ἐμοὶ
741 1947 869 1982 μετανοθᾳ

77 1994 130 2022 καὶ
147 1995 217 2030 ῥοπῇ
233 1995 266 2030 τῇ
281 1993 350 2028 προς
370 1993 405 2020 τὰ
421 1993 492 2020 καλὰ
515 1993 569 2019 τῶν
596 1993 686 2020 ὲκεῐσε
704 1992 869 2025 ἀπαλλάξειε

76 2040 278 2075 κολαστηρίων,
295 2040 342 2066 τὸν
357 2039 411 2066 τῶν
431 2038 526 2066 παθῶν
541 2039 637 2074 ἑσμὸν,
651 2038 681 2066 δν
695 2039 869 2074 περίκειμαι,

77 2088 244 2123 παριδοῦσα.
263 2088 390 2122 Ζήσομαι
403 2087 504 2118 τοίνυν,
522 2086 576 2117 ἓως
590 2086 623 2112 ἂν
637 2085 684 2121 ἐξῇ
704 2085 766 2121 ζῇν,
781 2085 871 2119 ἀλγῶν

78 2136 127 2162 καὶ
154 2134 282 2170 δακρύων
309 2134 334 2160 εί
361 2133 399 2168 μή
420 2141 445 2160 τι
458 2132 640 2168 χρηστότερον
655 2132 686 2163 ἐξ
702 2132 871 2159 ἀνελπίστων

79 2167 233 2216 ἀναφανείη
247 2180 338 2213 ποθὲν,
353 2167 437 2215 τιμὴν
454 2167 565 2206 ἃπασαν
582 2178 724 2212 τιθέμενος
747 2177 812 2212 παρ’
826 2178 871 2204 οὐ-
888 2167 910 2194 Ῑ)

78 2229 125 2256 δὲν
141 2229 195 2255 τῶν
216 2229 268 2255 οὐκ
293 2228 338 2263 ἐφ’
360 2228 427 2264 ἡμῖν
442 2225 536 2259 οὖσαν,
552 2227 600 2253 καὶ
622 2225 699 2252 οὐδὲν
723 2226 792 2260 πρὸς
810 2226 868 2260 ἐμὲ·

79 2275 132 2303 κᾶν
141 2283 213 2306 τινες
225 2274 356 2301 τάναντία
368 2272 539 2310 ψηφίζοιντο,
550 2270 640 2306 κάμοῦ
656 2271 780 2306 μέλλοιεν
792 2270 872 2304 ὲσιά-

80 2329 132 2356 την
151 2319 369 2355 καταγινώσκειν
386 2317 566 2353 ἀσελτηρίαν,
590 2316 669 2343 τοῦτό
685 2324 718 2351 γε
737 2316 828 2347 αὐτοῖς
841 2315 870 2342 οὐ

82 2367 254 2403 συνᾴδοντας.

919 1538 983 1565 mihi
999 1537 1124 1565 solatium
1142 1541 1237 1569 restat,
1251 1536 1274 1564 si
1288 1541 1401 1570 nepotes
1412 1542 1443 1562 ex
1457 1534 1541 1561 fratre
1560 1541 1706 1567 recupera-

919 1589 962 1612 tos
974 1584 1092 1615 videant,
1123 1589 1150 1611 et
1178 1583 1212 1611 ad
1237 1582 1353 1617 patriam
1381 1581 1540 1616 religionem
1567 1581 1708 1608 reductos.

919 1630 1028 1658 Utinam
1046 1630 1096 1657 hoc
1113 1629 1177 1656 fiat!
1208 1629 1294 1664 major
1322 1627 1388 1655 mihi
1420 1629 1452 1654 ad
1480 1625 1607 1654 solatium
1640 1626 1709 1653 ratio

918 1676 992 1704 nulla
1009 1675 1067 1703 dari
1084 1679 1183 1710 potest.
1200 1674 1255 1701 Aut
1270 1678 1335 1701 sane
1345 1681 1377 1701 ex
1390 1673 1442 1699 vita
1451 1680 1560 1707 quoque
1570 1673 1709 1699 discedere

918 1723 1068 1757 continget,
1088 1721 1172 1749 utsic
1186 1720 1269 1748 etiam
1301 1718 1461 1755 aegritudine
1488 1718 1571 1745 animi
1599 1718 1709 1745 liberer.

919 1769 1010 1796 Metuo
1022 1774 1113 1794 tamen
1126 1775 1170 1800 ne,
1188 1767 1211 1794 si
1227 1767 1277 1793 hoc
1291 1765 1398 1793 factum
1413 1765 1507 1797 fuerit,
1539 1765 1566 1792 in
1593 1765 1709 1798 majores

919 1813 1048 1845 incidam,
1058 1820 1139 1847 quam
1156 1816 1272 1847 qun-tos
1281 1819 1313 1838 ex
1329 1811 1509 1846 praesentibus
1524 1809 1602 1838 malis
1612 1810 1710 1839 sentio.

919 1859 1038 1890 dolores,
1057 1858 1225 1885 cruciatibus
1241 1856 1352 1884 aeternis
1372 1861 1484 1890 prapter
1509 1855 1606 1882 anima:
1644 1863 1711 1883 mea:

920 1902 1125 1938 inquinamenta
1139 1902 1295 1930 mandatus.
1314 1902 1366 1929 Sed
1384 1902 1486 1929 utinam
1513 1907 1540 1929 et
1568 1903 1710 1935 prmsenti-

923 1950 972 1976 bus
984 1949 1114 1981 miseriis,
1126 1953 1153 1976 et
1170 1947 1269 1975 futurae
1286 1948 1346 1975 vitae
1361 1949 1463 1984 pmnis.
1483 1948 1538 1975 Deo
1554 1955 1598 1975 me
1620 1949 1711 1983 propi-

924 1994 967 2021 tiis
983 1993 1071 2021 oculis
1085 1993 1245 2028 aspiciente,
1269 1993 1378 2025 liberer,
1406 1993 1600 2028 consortioque
1629 1993 1712 2027 patris

922 2047 949 2068 et
964 2040 1056 2068 fratris
1071 2041 1156 2073 fruar,
1176 2040 1239 2067 licet
1254 2048 1307 2067 non
1323 2048 1355 2068 ea
1368 2041 1495 2076 puritate,
1511 2048 1563 2076 qua
1577 2041 1638 2075 ipsi,
1649 2041 1712 2068 sim.

922 2085 992 2122 Opto
1006 2094 1071 2114 vero
1085 2086 1186 2114 Christi
1199 2086 1326 2121 gratiam,
1342 2091 1371 2113 ut
1388 2094 1419 2114 ea
1435 2094 1488 2117 me,
1505 2086 1663 2121 poenitentia
1680 2087 1713 2113 ad

924 2133 1010 2160 bonas
1023 2132 1149 2159 actiones
1164 2133 1392 2167 propendeutcm,
1425 2131 1576 2159 inferorum
1610 2133 1714 2159 crucia-

926 2178 1025 2206 mentis
1040 2178 1148 2211 liberet,
1159 2185 1213 2205 non
1233 2178 1326 2204 habito
1339 2185 1482 2212 pravorum
1518 2177 1665 2205 aﬂcctuum
1688 2183 1715 2206 et

927 2228 1110 2259 peccatorum,
1131 2231 1248 2260 quorum
1277 2224 1403 2251 satellitio
1429 2225 1546 2259 stipatus
1573 2232 1646 2256 sum.
1670 2232 1715 2252 re-

925 2273 1030 2305 spectu.
1049 2269 1143 2297 Vivam
1159 2270 1250 2306 igitur,
1266 2270 1356 2305 quom
1385 2269 1474 2298 vivere
1497 2272 1669 2304 concedetur,
1687 2271 1716 2298 in

926 2315 1022 2344 dolore
1047 2321 1074 2344 et
1097 2316 1235 2350 lacrymis,
1269 2317 1320 2344 nisi
1344 2316 1409 2351 quid
1437 2316 1576 2351 insperato
1595 2317 1716 2344 melioris

926 2363 1042 2392 fortuna:
1052 2363 1178 2392 alicunde
1192 2370 1235 2390 me
1252 2364 1401 2397 respexerit
1416 2371 1424 2390 :
1440 2370 1549 2390 omnem
1568 2363 1650 2398 hujus
1665 2371 1718 2390 sae-

82 2413 139 2442 culi
152 2414 281 2442 honorem
299 2421 348 2450 pro
358 2413 444 2441 nihilo
464 2416 574 2449 putans,
589 2411 690 2439 cumis
703 2417 758 2447 non
774 2410 822 2441 .sit
843 2410 870 2437 in
909 2414 1046 2446 potestate
1057 2415 1163 2443 nostra,
1197 2417 1247 2437 nec
1277 2410 1311 2436 ad
1345 2416 1388 2436 me
1411 2410 1525 2437 attineat
1553 2409 1716 2444 quidquam,

81 2461 209 2498 quamvis
222 2460 305 2495 aliqui
325 2461 352 2488 in
367 2459 504 2488 contraria
518 2459 576 2488 sint
587 2458 734 2490 sententia,
764 2457 880 2492 ideoque
898 2465 952 2490 me,
970 2458 1078 2493 quodin
1095 2457 1147 2484 hoc
1163 2457 1229 2492 ipsis
1259 2465 1313 2484 non
1333 2457 1478 2490 assentiar,
1509 2461 1637 2485 extreme
1670 2458 1718 2485 de-

84 2508 192 2538 mentia
209 2507 320 2536 nomine
331 2507 551 2536 condcmnaturi.
