1864 3058
425 229 864 330 MARCUS
896 345 898 348 η
927 238 1546 330 EUGENICUS

753 412 922 441 EPHESIUS
949 399 1207 440 ueinoroura.

364 577 620 624 NOTITIA
679 576 1009 623 HISTORICA
1063 577 1138 621 ET
1201 575 1596 621 LITTERARIA.

672 673 779 703 (Fabric.
790 671 908 698 Bibliolh.
921 672 964 698 Gr.
980 672 1020 697 ed.
1044 671 1144 702 llaries,
1161 672 1221 696 tom.
1239 671 1280 703 Χ.)

200 824 309 852 Marcus
324 823 490 859 Eugenieus,
509 824 608 859 Ephesi
626 824 809 860 metropolita,
823 824 982 852 Latinorum
1000 824 1026 852 in
1042 825 1172 856 concilio,
1198 825 1240 852 cui
1267 832 1320 852 non
1343 823 1519 859 subscripsit,
1533 823 1712 857 Florentino,
1731 832 1803 852 anno

166 868 246 900 1459.
264 874 347 902 atque
364 869 494 904 deinceps
510 869 542 896 ad
565 869 669 896 obitum
688 876 775 903 usque
792 868 969 897 adversarius
985 870 1148 902 acerrimus,
1163 869 1340 904 unionisque,
1357 876 1439 903 quam
1468 876 1531 896 cum
1559 868 1614 895 illis
1631 875 1803 903 componere

165 911 284 939 Joannes
299 912 468 946 Palaeologus
486 913 550 947 imp.
569 912 741 944 instituebat,
762 919 860 946 magna
879 919 1007 945 remora;
1027 920 1114 940 noras
1139 913 1200 940 ideo
1224 912 1339 939 l‘hotius
1355 913 1446 939 dictus
1464 911 1755 938 lioratio‘lustiniano
1775 912 1803 938 in

166 957 241 984 Actis
257 956 366 983 concilii
382 955 474 988 Flor.;
489 955 559 983 idem
576 963 649 983 anno
665 955 742 986 1447.
759 955 838 982 morti
855 955 976 989 vicinus,
990 955 1106 992 Georgio
1123 956 1266 984 Scholario
1282 956 1382 983 tuenda
1403 955 1505 983 Graeca:
1521 955 1655 983 Ecclesia:
1670 956 1800 990 dogmata

166 1006 193 1026 et
206 1000 332 1027 unionem
348 999 502 1035 fugiendam
517 999 685 1034 gravissimis
709 999 799 1026 verbis
815 999 1017 1027 commendavit
1041 1009 1048 1027 :
1069 1000 1203 1036 Georgius
1229 1000 1324 1032 etiamI
1339 1000 1403 1033 Deo.
1421 1000 1524 1034 angelis
1549 1005 1577 1026 et
1593 999 1758 1027 hominibus
1774 1000 1798 1026 in

166 1043 352 1071 testimonium
365 1043 517 1075 advocatis,
534 1043 584 1070 hoc
608 1050 637 1070 se
666 1042 873 1070 observaturum
903 1047 997 1070 sancte
1019 1044 1134 1078 juravit,
1164 1043 1376 1078 observavitque
1401 1043 1499 1071 deinde
1523 1042 1757 1077 diligentissime,
1773 1047 1799 1069 et

166 1088 286 1115 Marcum
317 1088 455 1115 doctorem
475 1095 555 1114 suum
586 1087 746 1114 defunctum
769 1094 817 1120 pro
847 1086 945 1128 funere
970 1086 1102 1114 laudavit.
1128 1087 1235 1122 Scripta
1261 1087 1320 1122 ejus
1348 1092 1546 1122 oppugnarunt
1577 1086 1667 1114 (ιι-,εει
1693 1087 1798 1112 latnt,-

165 1141 262 1167 φρονες
283 1131 418 1167 JOSt‘pbtls
446 1131 641 1163 Methoncnsis.
657 1131 805 1166 Gregorius
823 1131 1053 1159 hicromonachus
1069 1132 1298 1167 protosyncellus,
1316 1130 1440 1158 Bessario
1455 1135 1481 1158 et
1496 1131 1542 1166 qui
1556 1130 1654 1158 Latine
1668 1131 1794 1165 scripsit,

164 1177 286 1204 Andreas
300 1177 483 1204 Coiossensis.
500 1176 566 1208 Ejus
579 1177 678 1210 scriptu
694 1176 753 1204 hirc
770 1175 834 1202 mihi
851 1176 995 1204 innotuere
1013 1184 1021 1203 :

202 1222 225 1247 1.
241 1221 359 1255 Epistula
381 1222 414 1247 al
444 1220 573 1247 Joannem
601 1219 794 1255 Palwologunt,
823 1220 938 1253 incipit‘

1067 1228 1106 1246 τοι
1125 1219 1204 1246 τοῦτο
1231 1219 1339 1254 μικρόν.
1367 1219 1474 1246 Citatur
1499 1219 1534 1246 ab
1555 1218 1657 1246 Allatio
1686 1217 1721 1245 de
1749 1225 1793 1253 sy-

165 1265 236 1291 nodo
251 1273 307 1296 riu,
324 1272 384 1299 pag.
412 1264 472 1291 515.
492 1263 580 1291 ῈΑιιιι.
598 1263 716 1298 Masqure
733 1265 758 1290 in
785 1263 846 1291 cod.
867 1271 901 1299 sy]

1076 1263 1109 1290 ad
1127 1261 1226 1289 Joann.
1251 1262 1444 1297 Paiaaoiogum.
1471 1263 1655 1298 ἀπορήσαντα
1675 1262 1731 1296 «pb
1747 1261 1791 1288 τοῦ

165 1309 326 1342 λατινισμοῦ
337 1317 343 1323 ·
362 1310 416 1336 inc.
439 1309 473 1335 Σὺ
493 1308 553 1342 μὲν,
570 1305 591 1334 ὧ
607 1308 728 1335 θειότατε
741 1308 851 1343 βασιλΞῦ
862 1315 869 1323 ”
888 1323 901 1328 -

1057 1306 1201 1341 'ejusdem
1223 1307 1369 1341 explicatio
1396 1309 1445 1342 τῆς
1467 1307 1707 1342 ἐκκλησιαστικῆς
1730 1307 1793 1332 ἁκο-

165 1352 275 1382 λουθίας
287 1360 293 1367 ·
311 1352 371 1379 init.
386 1352 460 1378 Ἔδει
478 1351 527 1385 μὲν
539 1352 609 1378 κατὰ
623 1352 672 1386 τὴν
685 1351 861 1379 κελεύουσαν.
876 1350 898 1378 ν

1055 1349 1139 1378 Notit.
1163 1350 1242 1378 codd".
1261 1349 1308 1377 Gr.
1326 1349 1416 1385 Mosq.
1443 1358 1469 1385 p.
1486 1350 1550 1382 2l9,
1566 1359 1594 1378 n.
1611 1351 1637 1383 l.
1657 1351 1686 1383 2,
1703 1350 1788 1378 Paris.

165 1397 191 1423 in
205 1396 272 1423 bibl.
290 1396 365 1431 pttbl.
382 1403 477 1423 novem
491 1395 571 1423 codd.
586 1396 790 1423 exslantMarci
803 1396 932 1432 Engenici
953 1394 1090 1429 Epistolas.
1114 1393 1144 1421 V.
1163 1394 1248 1422 lndic.
1266 1395 1299 1422 ad
1332 1395 1386 1422 vol.
1404 1394 1425 1422 il
1440 1395 1499 1422 Cat.
1513 1403 1580 1422 mss.
1596 1394 1687 1422 Paris.
1704 1395 1788 1430 Regg.

166 1439 343 1473 Singulorum
371 1440 443 1466 enim
459 1439 540 1466 codd.
570 1441 797 1467 commemoratio
814 1440 927 1467 molesta
957 1439 1085 1467 foret.—
1101 1438 1205 1465 Addam
1233 1439 1415 1473 quorumdam
1441 1438 1559 1466 aliorum
1589 1439 1699 1474 Ephesii
1725 1439 1790 1468 libr.

165 1484 257 1510 minus
272 1474 389 1510 dilucide
410 1483 590 1510 indicaturum
614 1483 742 1510 Notitiam
761 1492 768 1510 :
784 1483 906 1511 Venetiis
938 1483 964 1510 in
993 1482 1060 1510 bibl.
1083 1481 1230 1509 Justinian.
1246 1482 1329 1509 Marci
1357 1482 1486 1517 Ephesini
1513 1490 1594 1517 opera
1618 1483 1705 1516 varia,
1721 1488 1790 1511 teste

165 1527 312 1554 Monlfauc.
329 1526 400 1554 Bibl.
420 1526 541 1553 bibliatlt.
555 1535 619 1553 mss.
639 1534 665 1558 ι).
682 1526 735 1553 485
753 1526 786 1554 ι).
801 1541 836 1546 -
851 1526 918 1554 ibid.
935 1535 963 1562 p.
992 1527 1045 1554 772
1072 1526 1104 1553 E.
1123 1526 1212 1553 Paris.
1228 1527 1255 1552 in
1273 1525 1335 1553 cod.
1361 1526 1473 1553 cardiu.
1494 1526 1644 1561 Radulpbi.
1662 1527 1787 1561 quadam

164 1571 245 1598 Marci
258 1571 377 1606 Ephesii.
393 1586 428 1592 —-
442 1570 509 1598 Ibid.
528 1579 554 1605 p.
572 1570 640 1598 1526
650 1570 685 1598 D.
701 1570 727 1597 in
744 1570 811 1598 bibl.
825 1571 859 1598 de
872 1571 972 1598 Mesme
984 1570 1094 1606 Ephesii
1108 1570 1222 1598 scholia.
1234 1584 1268 1589 ——
1281 1569 1399 1604 Mosqua:
1413 1570 1439 1596 in
1455 1569 1515 1597 cod.
1529 1569 1626 1605 synod.
1644 1570 1697 1598 355
1713 1579 1741 1597 ιι.
1753 1571 1765 1597 1
1778 1579 1786 1604 ;

164 1616 251 1650 cjusd.
269 1615 392 1647 Διάλεξις
414 1616 482 1649 μετᾶ
498 1614 553 1641 τῶν
568 1615 710 1650 πρέσϐεων
726 1614 773 1640 τοῦ
800 1614 880 1641 πάπα
891 1623 897 1630 ·

1049 1615 1093 1641 itio
1106 1622 1113 1641 :
1126 1619 1153 1641 et
1170 1622 1197 1641 ιι.
1216 1614 1260 1647 13,
1275 1613 1378 1649 sylloge
1403 1613 1530 1649 χρήσεων
1544 1614 1693 1649 γραφικῶν
1708 1623 1785 1648 γεγο.

164 1660 224 1686 vota
242 1660 318 1694 παρὰ
341 1659 389 1685 τοῦ
408 1659 532 1693 Ἐφέσου,
551 1659 584 1685 de
610 1658 786 1693 processione
809 1657 900 1693 Spiritt

1075 1666 1108 1686 ex
1134 1658 1192 1686 solo
1223 1657 1315 1685 Patre.
1350 1657 1409 1686 luc.
1433 1657 1544 1693 Ἐπειδὴ
1578 1658 1649 1692 μετὰ
1674 1658 1723 1694 τῆς
1738 1658 1784 1685 τοῦ

163 1704 281 1737 κόσμου’
303 1703 332 1730 ν.
348 1702 473 1730 Matt/uri
488 1702 507 1729 1.
523 1710 548 1729 c.
566 1710 592 1737 p.
604 1701 658 1729 254
668 1706 693 1729 et
708 1701 771 1729 ’ΞΡ-55.
788 1700 874 1729 ΙΙΔιιι..

196 1747 223 1774 ‘2.
240 1747 378 1775 Oralioues
394 1748 453 1774 dare
468 1746 496 1773 de.
508 1746 672 1781 purgatario,
690 1745 822 1773 Ferraria:
834 1745 943 1779 scriptas
952 1749 979 1773 et
991 1746 1081 1774 adhuc
1094 1746 1212 1774 ineditat.
1222 1745 1289 1774 Vide
1302 1745 1443 1776 Allatium.
1455 1746 1496 1773 De
1506 1747 1672 1782 purgatoria,
1685 1754 1712 1781 p.
1721 1746 1782 1780 2H,

162 1795 188 1817 ct
204 1790 282 1818 Iticb.
299 1790 450 1823 Simonem,
466 1794 532 1818 tom.
549 1789 583 1815 iV
600 1789 672 1816 Bibl.
688 1789 798 1822 criticaz,
828 1797 889 1824 pag.
905 1790 952 1817 2L
968 1789 1054 1822 infra,
1071 1798 1099 1818 n.
1119 1790 1163 1818 16.
1182 1789 1265 1817 Ριιιιι.
1289 1790 1435 1818 Mediolani
1453 1791 1479 1817 in
1496 1790 1566 1818 bibl.
1581 1791 1710 1818 Ambros.
1726 1799 1784 1826 qua
1832 1794 1837 1801 '

162 1840 227 1862 sunt
244 1843 307 1870 opp.
321 1835 410 1870 ejusd.
427 1834 465 1861 ita
482 1841 497 1861 a
521 1833 670 1861 Montt‘anc.
688 1833 714 1860 in
742 1833 813 1861 Bibl.
838 1834 957 1862 biblioth.
983 1843 1047 1862 nm.
1074 1842 1100 1869 p.
1117 1835 1164 1862 501
1184 1834 1218 1867 D,
1248 1839 1436 1862 memorantur
1455 1834 1561 1862 :Marci
1586 1835 1781 1871 archiepiscopi

163 1878 302 1912 lipbcsini,
320 1878 387 1905 alias
401 1877 528 1905 monachi
544 1882 570 1904 et
602 1878 708 1905 abbatis
736 1878 956 1913 congregationis
983 1879 1153 1906 Cassinensis
1170 1878 1198 1906 S.
1213 1877 1327 1906 Justinat
1354 1878 1388 1906 de
1408 1878 1510 1910 Padua.
1541 1886 1634 1913 opera,
1651 1879 1669 1906 i.
1682 1886 1707 1907 e.
1723 1887 1782 1907 ora-

163 1923 200 1947 tio
218 1922 306 1949 habita
320 1922 353 1948 de
373 1922 532 1957 purgatorio
560 1923 585 1948 in
613 1921 735 1956 synodo;
752 1936 786 1940 —
801 1921 953 1955 Responsio
979 1923 1012 1949 ad
1039 1923 1195 1957 propositas
1217 1923 1422 1956 dubitationes;
1437 1922 1630 1950 —Confessio
1655 1923 1726 1951 edita
1755 1924 1779 1950 iu

163 1965 278 1992 concilio
292 1965 473 1999 Florentino;
487 1980 520 1985 ——
535 1964 629 2000 Capita
644 1964 767 1999 quaedam
786 1970 881 1992 contra
901 1965 1034 1997 Latinos;
1050 1979 1083 1985 —
1102 1965 1232 2000 Apologia
1261 1965 1347 1996 dicta,
1365 1965 1392 1992 in
1415 1966 1474 2000 ejus
1496 1970 1598 1998 morte;
1613 1980 1650 1986 --
1666 1965 1777 2001 Episwla

163 2009 194 2036 ad
215 2010 404 2042 Scholarium;
420 2024 454 2028 —
471 2009 624 2044 Responsio
639 2008 672 2035 ad
688 2009 818 2043 quasdam
836 2009 1040 2041 dubitationes;
1059 2023 1090 2029 —
1107 2009 1233 2036 Canones
1250 2009 1448 2041 astronomiei;
1467 2023 1499 2030 ι-
1520 2010 1621 2044 Opusc.
1639 2011 1672 2038 de
1686 2018 1778 2038 conse-

163 2054 282 2080 cratione
302 2052 579 2080 altarium—Marci
608 2053 734 2088 Eugcnici
761 2060 792 2087 sp
805 2054 961 2080 culationes
990 2053 1018 2079 in
1052 2061 1195 2080 nttmerum
1223 2054 1389 2080 talentorum
1417 2058 1443 2080 et
1472 2054 1616 2088 parabolas
1644 2054 1776 2089 Evangelii

163 2096 244 2131 (conf.
258 2097 290 2123 ad
303 2104 330 2123 ιι.
348 2097 385 2132 7).
401 2111 436 2117 —
453 2096 542 2124 Paria.
556 2097 583 2124 in
599 2096 664 2124 bibl.
682 2097 755 2131 pubi.
774 2097 833 2124 eod.
856 2097 933 2130 l‘2l8,
951 2098 1125 2124 continentur
1140 2097 1229 2131 plura,
1247 2105 1308 2132 quat
1337 2097 1391 2124 huc
1409 2097 1558 2132 pertinent,
1579 2105 1673 2132 opera,
1695 2098 1776 2126 brevi-

163 2142 226 2167 tatis
239 2141 330 2168 studio
352 2141 434 2168 simul
458 2142 633 2168 memoranda
653 2148 659 2167 :
676 2141 750 2172 scil.,
778 2149 805 2166 ιι.
823 2141 849 2173 1,
863 2140 995 2177 Anonymi
1023 2141 1111 2168 oratio
1129 2141 1251 2168 funebris
1271 2141 1296 2168 in
1325 2141 1433 2168 laudem
1450 2141 1535 2182 Marci
1550 2141 1691 2176 Eugenici.
1704 2157 1736 2162 —
1750 2142 1774 2176 2)

162 2184 249 2221 llujus
262 2184 379 2212 [lomilia
394 2186 481 2220 prima
494 2185 527 2212 de
544 2185 715 2220 purgatorio,
734 2183 867 2212 Ferrarius
880 2185 970 2212 habita
988 2193 1080 2212 coram
1096 2193 1203 2213 summo
1219 2186 1359 2221 pontiﬁce.
1373 2186 1560 2214 cardinalibus
1579 2191 1607 2214 et
1619 2186 1680 2213 aliis
1690 2187 1774 2215 Eccle-

161 2230 207 2256 sia:
221 2229 282 2256 Lat.
302 2228 474 2257 Doctoribus.
488 2229 544 2256 Inc.
566 2227 676 2263 Ἐπειδὴ
692 2228 762 2260 μετὰ
787 2227 897 2263 ἀγάπης

1033 2229 1113 2263 Zjusd.
1142 2229 1258 2256 liomilia
1286 2230 1406 2257 secunda
1422 2229 1456 2257 de
1481 2231 1577 2258 eodem
1594 2237 1769 2265 argumento:

161 2274 216 2301 Inc.
234 2273 338 2308 Πολλῆς
355 2274 405 2308 μὲν
416 2273 453 2314 iii;
465 2272 583 2308 ἀληθῶς.
601 2272 673 2307 -ι)
689 2271 753 2306 Ejus
777 2272 897 2306 responsi

1034 2274 1163 2306 ectiones,
1179 2274 1279 2309 quibus
1296 2282 1346 2301 sua
1362 2274 1397 2302 de
1413 2274 1476 2310 igne
1498 2275 1658 2310 purgatorio
1672 2281 1770 2304 sentcn-

161 2319 208 2351 tia,
223 2326 284 2345 cum
301 2326 315 2345 a
332 2318 516 2345 carditialibus
533 2322 589 2344 tum
603 2316 636 2343 ab
652 2315 781 2343 Ecclesiae
804 2314 863 2342 Lit.
879 2316 897 2342 tl

1034 2322 1189 2352 oppugnata
1206 2317 1296 2345 fuerat
1311 2327 1318 2345 :
1334 2318 1390 2346 inc.
1416 2319 1528 2353 Ἐπειδὴ
1548 2319 1725 2354 σαφέστερον.
1741 2334 1769 2340 -

161 2362 191 2390 Ν.
209 2363 225 2390 9
237 2368 278 2390 est
293 2363 405 2390 second.
420 2362 542 2389 ordinem
570 2360 678 2388 Fabric.
696 2368 723 2388 ιι.
742 2360 784 2387 15.
798 2376 831 2382 -—-
846 2359 879 2389 N.
894 2360 936 2393 10,
956 2361 1027 2396 apud
1043 2360 1152 2389 Fabric.
1167 2362 1249 2389 etiam
1275 2371 1302 2390 ιι.
1321 2362 1365 2390 10.
1382 2367 1418 2382 —‘-
1431 2361 1463 2389 N.
1487 2362 1529 2395 li.
1549 2361 1704 2391 Soiutiones
1723 2364 1768 2390 du-

160 2407 267 2434 biorum
282 2405 475 2441 quorumdam,
494 2405 542 2439 ipsi
560 2404 761 2439 propositorum
778 2413 785 2431 :
802 2405 863 2432 init.
879 2404 896 2431 '4

1030 2406 1117 2441 ιχῆμοι
1137 2406 1186 2432 οὐκ
1204 2406 1272 2441 ἔχει.
1295 2405 1388 2433 -12,
1407 2406 1444 2433 De
1471 2406 1609 2434 additione
1634 2413 1649 2433 a
1677 2407 1766 2434 Latinis

160 2450 426 2486 Syniboloinscrta:
443 2456 501 2476 acc.
519 2448 552 2475 ad
581 2448 730 2483 marginem
758 2449 862 2476 scholia
890 2457 896 2476 ι

1030 2458 1067 2477 ia.
1085 2451 1142 2478 Inc.
1172 2451 1321 2486 (θαυμάζω,
1345 2450 1404 2482 πῶς
1425 2452 1492 2486 ἡμῖν
1505 2451 1543 2485 (v.
1560 2451 1595 2478 ad
1610 2458 1639 2479 n.
1659 2451 1675 2478 5
1702 2457 1766 2479 nota-

159 2495 239 2529 tum).
253 2509 287 2514 —
302 2494 334 2521 Ν.
349 2493 394 2525 26,
406 2493 440 2519 '27
451 2497 478 2520 et
490 2492 536 2525 ‘28,
553 2492 672 2519 citantur
684 2493 716 2520 ad
735 2491 872 2526 Fabricio,
891 2502 918 2520 ιι.
935 2495 961 2527 7,
976 2495 991 2521 5
1007 2500 1034 2522 et
1052 2495 1093 2522 ii.
1109 2510 1143 2515 -—
1159 2495 1228 2523 ibid.
1248 2495 1274 2522 in
1289 2495 1351 2523 cod.
1369 2495 1434 2522 12ῐί1
1445 2515 1452 2527 ,
1469 2503 1496 2522 n.
1517 2494 1543 2522 1.
1559 2495 1710 2530 Responsio
1721 2496 1765 2523 du-

158 2539 218 2573 plex
236 2539 267 2565 de
283 2538 344 2572 igne
360 2536 529 2572 purgatorio.
543 2551 578 2556 —-
591 2535 620 2563 in
638 2536 698 2564 cod.
716 2536 796 2570 l286,
816 2546 843 2564 ιι.
861 2539 886 2570 1,
899 2544 941 2565 est
965 2538 1037 2573 apud
1053 2537 1162 2566 Fabric.
1178 2531 1205 2566 τί.
1219 2539 1247 2565 7.
1262 2553 1297 2558 -
1315 2538 1344 2566 Ν.
1361 2538 1387 2570 8,
1416 2537 1498 2565 Marci
1516 2538 1764 2574 EphesiniJuliani,

157 2585 272 2611 Androm
283 2583 394 2615 Rhodii,
410 2582 581 2610 Bessarionis
596 2587 624 2610 et
636 2583 752 2611 aliorum
773 2584 906 2619 Disputat.
924 2585 1023 2613 habitae
1048 2586 1077 2612 in
1103 2586 1220 2613 concilio
1242 2584 1413 2613 Florentino.
1427 2600 1461 2604 ——
1476 2585 1508 2613 Ν.
1528 2586 1571 2619 10,
1586 2586 1656 2620 apud
1671 2585 1763 2613 Fabric.

156 2635 196 2656 cst
215 2637 244 2655 ιι.
260 2627 287 2655 6.
300 2626 377 2654 —N.
399 2627 441 2660 12,
460 2626 534 2662 Opus
560 2628 692 2656 adversus
722 2628 845 2657 Latinos.
867 2630 912 2657 ubi
940 2630 973 2657 de
998 2629 1115 2664 Spiritus
1131 2630 1218 2657 salicti
1236 2630 1423 2664 processione,
1439 2629 1472 2656 de
1493 2629 1608 2664 azymis.
1624 2630 1656 2656 de
1668 2630 1762 2657 Sal-itali

154 2673 271 2708 jejunio.
286 2673 319 2700 de
333 2673 393 2706 igne
423 2673 589 2707 pnrgatorio,
614 2674 648 2702 dc
661 2674 802 2706 beatitate.
822 2674 855 2702 de
871 2674 1001 2708 baptismi
1018 2674 1107 2701 verbis
1133 2678 1159 2700 ct
1173 2673 1275 2708 nuptiis
1293 2673 1476 2706 sacerdotum,
1504 2673 1538 2700 de
1563 2679 1666 2708 quarta:
1681 2674 1725 2701 diei
1741 2677 1762 2701 tt

156 2712 452 2751 l’arascevcsjéjuniis,
474 2721 501 2743 et
515 2717 547 2744 de
568 2718 653 2744 tribus
667 2718 892 2753 quadragesiutis.

1022 2718 1146 2752 ,ράκλητε
1162 2718 1258 2752 Κύριε.
1272 2732 1307 2737 --
1320 2717 1350 2744 Ν.
1372 2718 1414 2749 19,
1441 2725 1464 2744 v.
1485 2718 1565 2751 infra,
1582 2725 1611 2744 ιι.
1636 2717 1679 2749 28,
1693 2726 1717 2744 n.
1730 2717 1758 2745 90

154 2762 218 2793 ct2,
235 2767 298 2789 stitit
315 2769 361 2796 ap.
389 2761 497 2788 Fabric.
522 2771 548 2789 n.
568 2762 610 2788 lG.
625 2762 738 2789 —ibi.l.
758 2764 782 2788 in
806 2765 866 2789 rod.
886 2763 964 2793 12-27,
987 2772 1014 2789 ιι.
1030 2763 1074 2792 51.
1093 2762 1176 2796 Epist.
1207 2762 1344 2796 encyciica
1369 2761 1402 2788 de
1423 2761 1528 2797 synodo
1546 2760 1699 2788 Florentino
1717 2770 1759 2788 ιιυιι

153 2808 328 2838 suscipienda
347 2806 450 2836 [forsan
472 2816 498 2836 ιι.
520 2808 545 2839 5,
561 2808 630 2839 apud
644 2807 823 2838 F.lf.‘I'ICiIiil.).
848 2823 880 2827 κ-
898 2807 929 2833 Ν.
948 2807 992 2838 5'2,
1016 2806 1133 2838 Epistula
1148 2806 1180 2832 ad
1199 2805 1346 2837 Georgium
1361 2805 1533 2833 Scholarium
1553 2810 1649 2833 contra
1668 2806 1725 2833 ritus
1738 2810 1759 2832 et
