1864 3058
21 183 102 211 1013
542 181 701 212 MARCUS
717 181 757 211 Ei

941 193 975 198 -—
991 181 1160 212 NOTITIA.
1604 176 1670 211 107-1

21 237 176 264 sacriﬁcia
192 237 322 265 Romanae
336 238 525 266 Ecclesiaa.‘—
543 239 576 266 N.
590 239 635 272 55,
648 240 683 267 ad
700 239 826 267 eumdem
845 239 967 274 Epistola
997 240 1189 275 gratulatoria,
1204 239 1276 276 quod
1302 247 1316 266 a
1341 239 1445 267 Latinis
1461 238 1614 266 desciverit.
1636 254 1673 260 -ε

20 279 55 306 Ν.
75 280 131 311 54.
153 286 195 308 est
206 289 250 316 ap.
270 280 378 310 Fabric.
397 291 425 310 ιι.
445 283 488 310 17.
509 298 544 303 —
563 283 596 310 N.
612 284 658 316 55,
672 283 705 310 ad
721 283 834 310 Latinos
847 282 1000 318 Responsio
1018 284 1051 312 de
1072 284 1133 318 igne
1152 284 1320 319 purgatorio.
1335 298 1367 305 —-
1381 283 1450 309 ibid.
1469 283 1495 309 in
1511 283 1573 309 eod.
1593 282 1671 314 1372,

21 332 52 351 ιι.
73 325 107 356 5,
125 324 214 353 Marci
230 326 374 361 Eugcnici,
391 327 437 362 qui
454 328 572 355 concilio
598 327 759 356 Florentino
786 328 923 358 interfuit,
949 335 1019 362 opus
1050 329 1084 355 de
1112 328 1174 362 igne
1199 327 1369 362 purgatorio.
1387 328 1522 354 adversus
1546 325 1671 357 Latinus.

20 368 196 402 ineditum;
224 378 250 396 ιι.
267 371 296 401 4,
310 369 462 405 Expositio,
479 372 551 406 apud
567 371 677 399 Fabric.
689 381 717 399 ιι.
734 373 777 400 -14,
801 388 831 394 -
847 372 917 400 ibid.
935 372 963 398 in
982 371 1047 399 eod.
1069 371 1148 403 1589,
1173 379 1202 398 ιι.
1216 371 1244 398 ‘2.
1261 370 1339 398 Orat.
1359 370 1419 397 duae
1441 371 1475 397 de
1492 371 1555 405 igne
1571 377 1671 404 purga-

21 413 117 443 torio,
134 413 251 446 eaedem,
265 421 325 447 qum
342 422 369 442 ιι.
387 415 430 449 16,
445 423 489 450 ap.
504 415 585 444 Fabr.
599 425 606 449 ;
622 420 650 443 et
674 424 704 444 ιι.
720 415 747 448 5,
769 415 910 450 Expositio
925 416 957 444 in
983 423 1093 443 sacram
1111 415 1276 449 Liturgiam.
1290 428 1326 434 —-
1344 414 1373 441 in
1399 414 1461 441 cod.
1477 414 1590 441 Coislin.
1607 413 1671 444 289,

23 455 161 483 liomilia
178 457 251 485 dicta
268 457 400 486 Ferraria:
413 459 446 487 ad
463 460 617 488 cardinales
637 465 664 488 et
688 460 759 494 reliq1

936 467 986 487 ’um
1003 460 1130 487 doctores
1148 459 1214 494 περὶ
1234 458 1282 485 τοῦ
1298 458 1481 496 δοξαζομένου
1498 458 1564 492 παρ’
1580 457 1672 488 αὐτοῖς

22 499 193 534 καθαρσίου
215 501 300 536 πυρός
335 504 388 537 (est
398 504 468 538 apud
484 503 564 532 Fabr.
581 512 608 532 ιι.
627 504 670 537 16,
683 504 758 539 prior

937 523 944 531 .
969 502 1002 531 V.
1018 503 1113 532 Menti.
1132 498 1201 530 Bibl.
1219 501 1300 530 Coisl.
1323 510 1349 537 p.
1368 502 1431 530 406.
1448 501 1557 539 -—$ec.
1577 500 1671 529 Menti.

24 544 53 570 in
72 543 157 572 Bibl.
177 545 298 575 biblioth.
324 555 389 575 nm.
405 556 430 582 p.
448 549 528 581 1552,
556 552 666 577 exstant
690 549 717 576 in
748 548 817 577 Cod.
839 548 942 576 Malar.
961 547 1012 574 121
1030 555 1037 574 :
1062 555 1089 574 ιι.
1109 547 1136 579 1,
1164 546 1260 574 Oratio
1279 545 1411 572 Ferrarize
1426 545 1518 572 habita
1543 545 1575 572 ad
1591 545 1672 571 Caril.

24 588 166 624 aliosque
180 589 293 618 Latinos
309 591 342 619 de
355 592 416 626 igne
430 593 599 628 purgatorio.
615 608 652 614 —
669 592 701 621 N.
716 593 744 625 2,
759 593 962 627 Responsiones
978 592 1010 620 ad
1026 592 1197 627 objectioncs
1213 591 1237 619 ei
1254 591 1353 618 factas.
1368 604 1403 610 -
1418 589 1451 618 N.
1465 590 1492 622 6,
1508 590 1579 625 quod
1602 590 1672 617 idem

25 637 85 663 εει.
109 640 148 661 ac
166 633 274 662 Fabric.
303 643 330 664 n.
348 636 381 663 15
406 637 492 671 citat;
508 652 543 658 —
556 637 590 666 Ν.
616 638 644 670 7,
660 637 776 666 Joannis
803 636 934 672 Eugenici
967 636 1100 664 adversus
1117 635 1302 663 deﬁnitionem
1325 633 1435 662 concilii
1453 634 1603 661 Florentini
1617 642 1624 666 ;
1640 648 1676 653 —

26 675 62 702 N.
86 677 142 710 15,
156 679 253 713 synodi
269 681 444 714 praesentium
460 681 540 709 CPoli
557 682 749 716 episcoporum
763 681 898 716 apologia,
917 681 991 715 quod
1012 680 1198 708 Florentinam
1219 679 1356 715 synodum
1381 686 1433 705 non
1450 679 1601 713 receperint
1617 686 1624 711 ;
1638 692 1674 699 -

26 718 63 746 Ν.
90 720 146 753 15,
162 721 244 749 Marci
262 722 372 758 Ephesii
400 724 531 753 adversus
551 725 736 757 scholarium;
754 740 787 745 ~-
801 733 829 751 n.
844 725 887 756 16,
904 725 1044 752 Adversus
1073 725 1197 755 Latinos.
1211 724 1300 758 capita
1323 723 1491 758 syllogistica
1504 722 1579 758 (add.
1597 731 1624 750 ιι,
1645 723 1672 754 7,

27 772 77 799 ap.
95 764 238 802 Fabric.).
252 782 286 788 —
300 769 432 804 Apologia
450 777 498 804 pro
514 770 625 802 unione,
639 770 708 797 citra
727 769 787 804 ejus
821 769 987 796 sententiam
1022 768 1168 796 Florentiae
1192 768 1304 801 habita;
1321 771 1349 794 et
1378 775 1404 794 ιι.
1423 767 1467 799 19,
1485 767 1573 801 ejusd.
1600 767 1673 794 Con-

27 806 142 839 fessio.
157 809 184 836 in
203 810 306 845 synodo
323 810 482 840 Florentiae
498 813 571 840 edita
586 812 711 841 Barlaam
729 813 868 845 monachi,
883 813 1032 848 procedere
1056 812 1188 846 Spiritum
1206 815 1332 840 sanctum
1351 819 1385 838 ex
1411 812 1470 838 solo
1484 811 1574 838 Patre.
1593 810 1674 838 Conf.

29 859 126 886 supra
146 853 172 880 in
186 854 213 882 h.
229 855 284 882 vol.
297 862 325 889 p.
339 855 402 888 468,
419 864 487 890 uti,
507 860 535 884 et
548 856 582 884 de
597 857 658 891 igne
674 857 844 891 purgatorio,
856 862 910 885 etc.
923 872 959 877 —
976 856 1003 884 In
1021 856 1214 892 Baumgarten.
1229 856 1389 883 Nachricht.
1408 864 1457 882 υοιι
1489 855 1674 890 merkwiirdig.

28 894 178 930 Brit/Iern,
197 901 262 926 tom.
280 899 323 932 V1,
336 907 363 934 p.
384 900 448 933 651,
466 900 558 933 ibique
573 905 628 928 not.
647 901 668 928 ἰ.
686 900 772 928 ΗΑιιι..

70 939 102 968 5.
127 939 319 976 Responsiones
337 945 371 970 art
388 946 545 979 quwalioues
558 945 747 978 cardinalium,
764 954 828 974 mss.
842 945 870 972 in
885 946 978 973 codice
991 945 1074 981 Regio
1093 945 1180 972 Paris.
1196 945 1261 972 250.
1279 945 1359 977 1218,
1373 946 1398 972 in
1423 945 1488 973 bibl.
1508 945 1585 980 publ.
1603 954 1629 972 ιι.
1647 946 1674 978 1,

30 990 59 1011 et
78 993 110 1017 ν,
130 986 163 1013 ad
180 994 207 1013 ιι.
225 987 252 1019 2,
266 987 354 1015 Leidm
368 989 441 1016 inter
456 990 518 1017 cod.
542 988 669 1018 Vossian.
687 999 712 1017 ν.
729 990 765 1017 Ca

583 990 669 1018 ssian.
687 999 712 1017 ν.
729 990 815 1017 Catal.
830 989 896 1016 bibl.
913 989 990 1016 Leid.
1008 997 1035 1023 p.
1051 989 1113 1022 597,
1126 998 1154 1016 ιι.
1172 989 1216 1017 57.
1232 989 1317 1016 ΙΙΑιιι..

70 1029 102 1056 4.
128 1029 232 1058 Salutio
245 1031 360 1059 duarum
376 1034 551 1068 quastionum
565 1034 642 1069 παρὰ
657 1035 706 1060 τοῦ
722 1034 806 1069 βασιλι

941 1039 1090 1067 ntperatore
1107 1033 1223 1067 (Joanne
1238 1033 1404 1068 l’almologo)
1421 1033 1627 1066 propositarum.
1645 1033 1673 1060 in

31 1073 141 1102 codice
152 1074 238 1110 Regio
249 1075 331 1109 2016,
351 1080 420 1104 teste
442 1078 550 1105 Labbeo
566 1086 627 1113 pag.
643 1078 677 1106 88
702 1078 769 1106 bibl.
788 1085 864 1106 novae
894 1085 961 1106 mss.
981 1076 1074 1114 [ϐοιιῐ.
1107 1077 1170 1105 cod.
1201 1076 1361 1111 Mosquens.
1387 1077 1450 1110 555,
1462 1078 1507 1110 41,
1524 1082 1550 1105 et
1569 1077 1595 1104 in
1611 1076 1674 1105 cod.

34 1115 184 1146 Euarial.
202 1127 263 1147 mox
279 1121 390 1148 citanda
406 1125 505 1149 exstat.
521 1121 611 1150 Πιιιι..

73 1163 106 1190 5.
124 1163 246 1198 Epistola
263 1167 395 1201 encyclica
410 1167 444 1194 ad
456 1175 544 1195 omnes
558 1167 727 1195 Christianos
744 1167 777 1195 de
798 1165 903 1202 synodo
922 1164 1079 1192 Florentina
1107 1172 1162 1192 non
1185 1164 1375 1199 suscipienda,
1401 1172 1462 1200 quae
1485 1173 1547 1193 cum
1563 1164 1674 1199 Iosephi

38 1206 233 1236 Iiethonensis
246 1211 424 1245 responsione
437 1211 537 1245 legitur
551 1216 613 1246 post
625 1216 683 1238 acta
697 1210 806 1239 c0ncilii
823 1209 899 1237 Flor.
924 1214 991 1237 tom.
1009 1208 1080 1241 Xill.
1098 1209 1211 1242 Labbei,
1227 1216 1289 1243 pag.
1314 1209 1384 1242 677;
1403 1214 1430 1237 et
1456 1215 1522 1237 tom.
1536 1209 1588 1242 lx;
1607 1209 1675 1236 llar-

36 1251 123 1278 dnin.
149 1259 210 1286 pag.
228 1253 288 1280 549.
318 1253 439 1288 incipit:
462 1254 533 1288 Ἐγὼ
562 1255 605 1283 διὰ
616 1254 666 1290 τὴν
682 1256 772 1287 tamen

936 1263 958 1289 ιν
976 1254 1080 1288 χρείαν.
1113 1253 1206 1281 Graece
1232 1258 1258 1280 et
1279 1253 1375 1280 Latine
1400 1261 1462 1281 cum
1489 1254 1617 1281 versione
1630 1253 1672 1281 ιιι.

38 1295 167 1323 Matthrci
185 1297 359 1333 Caryopbyli.
376 1297 460 1326 FABR.
479 1298 580 1326 Matriti
609 1299 635 1326 in
654 1298 715 1326 cod.
736 1297 819 1333 Regio
839 1298 884 1331 77,
916 1298 963 1325 l'ol.
992 1298 1054 1328 509,
1072 1302 1228 1332 sequuntur
1253 1297 1341 1331 ejusd.
1370 1297 1509 1325 i’rol‘essio
1529 1298 1602 1329 fidei.
1628 1306 1674 1332 ap.

37 1339 155 1368 Fabric.
175 1348 203 1368 ιι.
221 1341 265 1368 17.
280 1342 490 1377 —Excerplum
515 1343 597 1370 breve
621 1351 652 1369 ex
681 1343 740 1376 ejus
768 1350 828 1377 cap.
854 1341 1030 1376 syllogisticis
1049 1342 1088 1376 (ιι.
1114 1341 1140 1373 7,
1158 1349 1202 1376 ap.
1218 1340 1468 1375 Fabric.)—~'l‘um
1500 1343 1675 1376 opusculum,

38 1385 117 1418 quod
132 1388 175 1412 est
191 1392 236 1419 ap.
251 1385 357 1413 Fabric.
375 1395 403 1414 ιι.
422 1387 464 1414 15.
482 1402 513 1408 -
538 1387 604 1414 Dein
622 1394 716 1420 opusc.
742 1386 823 1421 cujus
847 1386 987 1413 rarissime
1003 1387 1032 1413 [it
1053 1387 1155 1413 mentio
1174 1386 1208 1413 de
1232 1386 1350 1413 terminis
1366 1387 1427 1413 vitw
1459 1386 1513 1421 (est
1540 1391 1630 1414 tamen
1648 1388 1675 1414 iu

38 1428 105 1455 cod.
125 1429 258 1456 Esrorial.
289 1435 315 1457 et
330 1430 356 1457 in
376 1431 435 1458 cod.
469 1430 626 1466 Mosquensi
646 1431 709 1464 591,
734 1438 762 1458 ιι.

939 1430 1020 1457 ιΗΙιιεῖ
1035 1430 1053 1456 1.
1071 1437 1094 1455 C.
1113 1437 1139 1464 p.
1156 1429 1232 1462 9.32).
1253 1429 1309 1457 inc.
1327 1429 1388 1456 05f
1407 1431 1488 1462 αὐτὸς
1511 1431 1636 1466 ἠπόρεις,
1652 1428 1675 1457 ὦ

40 1473 168 1507 μακάριε
185 1474 314 1507 δέσποτα,
333 1475 381 1501 τοῦ
398 1474 567 1510 ζητουμένου
582 1475 632 1510 τὴν
643 1475 720 1502 λύσιν
736 1475 776 1507 ὲξε

939 1475 971 1500 καὶ
989 1474 1148 1501 ἀποδοῦναι.
1164 1488 1198 1492 ——
1214 1473 1332 1508 Epistula
1349 1475 1381 1501 ad
1401 1474 1549 1509 Georgium
1575 1476 1614 1510 (ιι.
1634 1475 1675 1507 11,

40 1524 86 1549 ap.
106 1516 243 1552 Fabric.).
258 1532 292 1537 —-
307 1518 365 1544 Alia
387 1519 419 1545 ad
437 1519 561 1551 eumdem
578 1523 604 1546 et
621 1519 715 1546 eadem
733 1526 794 1546 esse
813 1518 928 1549 videtur.
948 1525 1007 1552 qua:
1022 1524 1063 1545 est
1091 1525 1133 1552 ap.
1160 1516 1241 1544 Febr.
1261 1525 1289 1544 ιι.
1317 1518 1358 1551 10,
1376 1522 1402 1545 et
1415 1527 1496 1553 quam
1511 1518 1629 1553 Congius
1647 1519 1674 1546 in

41 1559 170 1587 Glossar.
184 1560 231 1588 Gr.
245 1561 298 1589 vol.
314 1561 347 1593 ΙΙ,
363 1563 416 1590 col.
432 1562 514 1594 1281,
535 1563 609 1590 velut
627 1563 757 1590 ineditam
790 1567 935 1594 memorat,
955 1567 1141 1597 provocatque
1157 1562 1190 1589 ad
1211 1562 1272 1590 cad.
1288 1563 1352 1589 bibl.
1373 1562 1462 1590 Paris.
1486 1563 1578 1597 Regize
1591 1564 1673 1596 5118,

42 1605 90 1635 ιιιιί
107 1605 135 1631 in
156 1605 238 1632 catal.
255 1613 319 1633 tnss.
340 1605 405 1633 bibl.
428 1607 502 1641 pubi.
532 1607 618 1635 Paris.
651 1612 811 1635 numeratur
829 1606 909 1639 1218,
931 1606 977 1634 ubi
1005 1606 1094 1634 locum
1110 1611 1227 1640 occupat
1253 1606 1400 1634 decimum.
1424 1606 1461 1634 De
1490 1607 1532 1633 his
1548 1608 1676 1635 omniluts

43 1649 124 1681 plura
147 1648 269 1682 disputat
286 1649 381 1677 iriarte
394 1650 421 1677 in
435 1650 495 1679 Cat.
515 1651 593 1678 codd.
615 1651 662 1678 Gr.
680 1651 780 1678 Matrit.
794 1659 822 1686 p.
839 1650 892 1678 285
908 1659 966 1686 seq.
989 1667 1019 1671 —
1042 1651 1071 1678 in
1087 1651 1168 1678 codd.
1187 1650 1431 1682 Escorialensibus,
1448 1651 1478 1678 in
1491 1652 1594 1685 quibus
1611 1657 1676 1679 sunt

43 1693 171 1722 quaedam
185 1701 200 1720 a
215 1693 340 1721 Fabricio
355 1701 410 1721 non
427 1695 571 1722 observata
585 1694 630 1730 (V.
646 1695 735 1722 Plucri
748 1695 876 1723 ltinerar.
891 1703 938 1730 per
963 1695 1077 1729 llispan.
1095 1703 1121 1729 p.
1148 1694 1222 1728 130),
1241 1700 1418 1722 asservautur
1436 1695 1518 1723 Marci
1547 1695 1676 1729 Eugcnici

45 1737 169 1771 Epistula
188 1738 222 1764 al
238 1737 396 1766 orthodoxa:
411 1737 588 1771 Christianos,
616 1739 717 1774 ubique
747 1739 870 1773 gentium
895 1744 921 1766 et
949 1739 1100 1767 insularum
1131 1738 1282 1773 degentes;
1301 1753 1335 1757 —
1348 1738 1381 1764 de
1398 1739 1601 1766 resurrectione
1613 1760 1622 1773 ,
1641 1753 1678 1759 -

45 1783 81 1808 de
98 1781 226 1809 terminis
243 1782 304 1809 vitze
318 1782 350 1809 ad
365 1781 520 1816 isidorum;
542 1798 576 1817 -τ
586 1783 618 1810 ad
637 1783 704 1818 imp.
719 1782 821 1810 Joann.
838 1781 1036 1818 Palmologum,
1053 1783 1224 1810 dubitantem
1244 1781 1278 1809 de
1304 1782 1465 1809 Latinorum
1487 1783 1553 1814 ritu,
1568 1792 1673 1811 scruto-

46 1833 96 1854 nes
110 1826 183 1856 tluo:
200 1841 235 1847 —
247 1825 363 1854 ilomitia
381 1826 408 1853 in
424 1827 616 1855 dormitionem
644 1826 673 1854 S.
693 1826 800 1854 Macarii
831 1827 944 1854 Corona:
962 1827 1049 1862 (conl’.
1062 1827 1096 1854 ad
1122 1834 1150 1853 ιι.
1167 1827 1214 1861 ης
1229 1841 1263 1846 —-
1277 1825 1509 1860 interrogationes
1526 1828 1558 1854 ad
1579 1835 1676 1862 quem-

45 1871 111 1898 dam
129 1871 318 1905 dubitantem;
332 1871 520 1899 —Conressio
533 1876 614 1899 rectm
631 1871 691 1898 liJci
709 1870 856 1898 Florentia:
875 1871 956 1903 facta,
975 1870 1126 1899 secundum
1145 1869 1280 1905 synodum
1303 1869 1462 1897 Latinorum
1478 1878 1540 1897 cum
1558 1871 1677 1907 Chryso-

45 1921 159 1947 stomo;
177 1928 211 1934 —
232 1915 313 1944 Marci
328 1915 457 1950 Epistola:
472 1915 532 1942 dua:
550 1915 583 1942 ad
613 1915 790 1950 praepositum
811 1916 838 1942 in
858 1915 886 1942 S.
906 1919 997 1942 monte
1018 1913 1215 1947 habitationis.
1235 1912 1414 1948 Batopedinm
1435 1913 1456 1940 i.
1472 1929 1505 1934 —
1519 1915 1559 1941 Ad
1579 1922 1677 1949 quem-

46 1959 111 1985 dam
134 1957 306 1986 Scholarium
326 1959 529 1995 philosophum,
549 1960 644 1986 altera.
660 1974 693 1979 —
711 1959 816 1987 Monac.
835 1960 862 1987 in
880 1959 941 1988 cod.
969 1960 1065 1986 Bavar.
1082 1958 1144 1986 115.
1163 1958 1212 1985 fol.
1231 1957 1294 1990 188,
1311 1957 1356 1985 ubi
1378 1963 1530 1992 sequuntur
1546 1959 1677 1994 Profcaaio

47 2002 135 2037 (apud
150 2002 257 2030 Fabric.
275 2011 302 2030 ιι.
322 2003 363 2037 10)
378 2007 435 2030 ιιιιιι
463 2003 548 2031 altera
570 2004 652 2037 epist.
668 2003 806 2039 encyclica
837 2004 886 2038 (ib.
909 2012 934 2031 ιι.
958 2003 998 2038 6).
1014 2019 1049 2023 —
1067 2002 1195 2039 Dialogus
1211 2001 1299 2029 Grazci
1315 2006 1342 2029 et
1360 2001 1462 2035 Latini,
1480 2011 1528 2030 seu
1547 2004 1578 2030 tle
1598 2005 1677 2030 midi-

47 2053 121 2073 uone
133 2047 159 2072 in
177 2046 296 2081 symbolo
310 2055 320 2074 :
335 2047 420 2082 incip.
433 2046 574 2082 Θαυμάζω
586 2047 643 2078 πῶς
659 2048 725 2082 ἡμῖν
742 2048 783 2081 ἐγι

939 2056 946 2074 ι
962 2048 1013 2074 tlne
1028 2048 1150 2079 notatur,
1166 2045 1300 2080 scriptum
1311 2053 1373 2074 esse
1387 2054 1423 2072 ιιι.
1439 2046 1580 2080 April.an.
1596 2048 1675 2080 6951,

47 2099 99 2119 seu
119 2098 173 2118 sera
188 2095 281 2126 nostra
297 2091 376 2124 1M5,
393 2091 489 2118 indict.
505 2099 542 2118 vt.
559 2089 639 2118 Hunc
651 2091 788 2126 dialogum
812 2091 892 2118 etiam
910 2089 1004 2117 otnisit
1029 2089 1182 2122 Fabricius,
1199 2088 1252 2115 nisi
1277 2088 1323 2122 sit,
1340 2089 1471 2124 opinante
1484 2089 1608 2121 iiar.!tin,
1629 2099 1678 2117 ex-

48 2140 173 2170 cerptum
187 2136 306 2170 capitum
320 2135 455 2171 syllogist.
471 2135 521 2170 (ο).
544 2150 579 2156 -
595 2135 730 2169 Postbaac,
746 2135 828 2163 Marci
839 2135 939 2169 Epltes.
955 2138 1071 2169 metrop.
1089 2134 1120 2161 ad
1131 2141 1227 2161 omnes
1246 2135 1344 2169 ultique
1362 2139 1498 2162 terrarmn
1529 2139 1556 2162 et
1574 2135 1678 2162 insula-

51 2187 115 2207 rum
143 2180 312 2207 orthodcxos
340 2179 513 2207 Christianos
531 2189 537 2207 2
558 2179 637 2213 cujus
664 2180 775 2214 quidem

949 2178 1056 2205 initium
1083 2182 1125 2205 est
1142 2186 1149 2204 :
1168 2178 1232 2209 Τοῖς
1263 2178 1420 2213 ἁπανταχοῦ
1441 2178 1492 2213 τῆς
1509 2179 1560 2213 γῆς
1573 2186 1581 2194 ”
1604 2179 1676 2206 illaut

52 2224 203 2258 Epistulam
222 2224 322 2258 exeipit
333 2224 463 2259 Apologia
478 2223 602 2258 Gregorii
618 2223 822 2252 hieromonaclti
837 2227 863 2250 et
878 2223 1084 2259 protosynCelli,
1101 2229 1195 2258 postea
1215 2223 1389 2257 patriarehm,
1407 2223 1501 2250 Romae
1516 2224 1625 2258 sepulti,
1648 2225 1674 2250 in

52 2268 180 2303 Ephesini
194 2268 334 2301 epistolam
347 2276 362 2294 e
385 2267 467 2296 variis
483 2269 585 2294 sanctis
601 2275 609 2293 :
626 2268 688 2295 init.
705 2267 741 2293 Τὸ
759 2268 788 2302 μὲ

941 2276 970 2293 ον
985 2268 1032 2294 τοῦ
1047 2267 1200 2302 αἰδεσίμου.
1216 2282 1251 2287 -
1263 2267 1332 2295 ibid.
1348 2267 1373 2293 in
1401 2267 1462 2294 cod.
1478 2266 1524 2297 51.
1537 2267 1598 2294 call.
1615 2267 1677 2302 Epi-

50 2312 123 2340 stola
140 2319 200 2338 eun)
219 2311 349 2345 Apologia
363 2315 416 2338 etc.
440 2312 518 2347 Coni.
534 2311 568 2338 cl.
586 2311 681 2339 llardt.
700 2312 726 2338 in
751 2311 853 2338 Aretini
867 2310 1032 2345 Beytrwgen,
1050 2316 1103 2338 etc.
1129 2318 1175 2337 an.
1199 2310 1278 2341 1804,
1299 2315 1369 2345 [γει-ι.
1385 2310 1428 2342 10,
1447 2317 1508 2345 pag.
1525 2311 1557 2337 19
1570 2318 1631 2345 sqq.
1652 2316 1679 2338 ct

51 2360 122 2390 part.
141 2364 160 2386 ι,
178 2364 203 2388 ιι.
223 2355 258 2382 25
272 2362 330 2390 seq.
349 2370 382 2375 —-
395 2354 494 2382 Eadem
522 2355 635 2389 cpistola
659 2363 722 2382 cum
740 2355 864 2389 Gregorii
884 2355 1008 2389 apolngia
1038 2355 1065 2381 in
1084 2355 1146 2382 eod.
1162 2354 1321 2390 Mosquensi
1346 2355 1444 2390 synod.
1471 2354 1536 2386 532,
1555 2363 1581 2381 ιι.
1600 2354 1627 2381 5.
1646 2354 1678 2383 ν.

52 2399 175 2426 Matt/Hei
191 2403 247 2426 not.
263 2399 308 2426 cit.
325 2406 351 2432 p.
368 2399 421 2426 2‘28
440 2406 512 2433 seq..
530 2404 611 2433 atque
626 2406 652 2433 p.
668 2399 731 2430 9.52,
749 2406 776 2426 n.
795 2398 840 2431 ‘22,
858 2399 919 2425 cod.
941 2399 1004 2431 594i,
1023 2398 1136 2439 epistola
1164 2398 1315 2432 encyclica.
1335 2413 1365 2418 --
1389 2397 1533 2425 Florentiae
1564 2398 1590 2424 in
1611 2398 1677 2426 hill.

53 2443 212 2470 monasterii
231 2442 467 2469 Benediclinorum
484 2441 514 2470 Β.
532 2442 632 2474 Maria,
646 2442 769 2476 .inseplti,
785 2442 907 2477 episcopi
935 2443 1084 2475 Methones,
1102 2442 1224 2477 apologia
1250 2442 1284 2470 ad
1301 2442 1422 2469 libellum
1437 2441 1520 2469 Marci
1535 2441 1677 2476 Ephesini.

54 2487 86 2513 ν.
103 2486 249 2514 Montl'auc.
264 2486 334 2513 Bibl.
353 2486 476 2513 hiblioth.
492 2494 559 2514 mss.
577 2494 603 2520 p.
623 2486 675 2513 415
690 2485 719 2517 C,
741 2492 766 2513 et
784 2486 817 2512 ad
835 2494 862 2512 ιι.
878 2486 904 2513 7.
925 2485 1012 2513 lianc.

88 2530 115 2557 6.
137 2529 258 2564 Epistola
274 2528 407 2562 encycliva
419 2530 453 2556 ad
466 2538 554 2557 omnes
566 2530 660 2564 ubique
674 2535 805 2556 terrarum
820 2533 951 2564 degentes,
968 2530 1002 2556 de
1022 2529 1118 2557 eodem
1133 2536 1304 2564 argumento,
1323 2537 1383 2565 qua:
1403 2538 1464 2558 cum
1496 2531 1676 2565 respexisione

55 2574 176 2609 GregOrii
192 2572 389 2609 Protosyncelli
406 2578 494 2602 exstat
512 2579 578 2601 tom.
595 2573 654 2601 Xlll
669 2574 771 2602 Coucit.
785 2573 896 2605 Labbei,
910 2581 970 2609 pag.
989 2573 1051 2603 710.
1072 2577 1100 2602 et
1113 2578 1180 2600 tom.
1201 2573 1237 2600 ιι(
1268 2573 1413 2606 iiarduin.,
1431 2582 1457 2608 p.
1476 2573 1538 2602 601.
1555 2574 1652 2608 Incipit
1670 2583 1676 2600 :

56 2618 87 2645 0i
103 2618 154 2653 τὴν
174 2618 262 2653 κακὴν
277 2619 350 2653 ἡμᾶς
363 2617 557 2652 αἰχμαλωσίαν
573 2618 792 2653 αἰχμαλιιιτεὺκταν

941 2626 972 2646 ce
992 2623 1020 2646 et
1039 2617 1135 2645 Latine
1156 2626 1218 2645 cum
1242 2619 1367 2646 versione
1383 2619 1558 2654 Caryopbyli,
1573 2627 1597 2653 p.
1614 2620 1675 2646 610.

57 2661 136 2690 FABI.
165 2661 231 2689 Mss.
246 2661 365 2697 Mosquw
380 2661 406 2689 in
418 2661 498 2689 ccdd.
514 2662 615 2702 synotl.
627 2662 660 2689 15
675 2665 702 2688 et
718 2661 781 2694 554,
802 2669 829 2688 ιι.
846 2662 873 2689 5.
889 2660 921 2689 V.
938 2661 1056 2690 Matthtei
1092 2661 1177 2689 Notit.
1195 2663 1244 2689 cit.
1261 2670 1287 2696 p.
1305 2662 1341 2689 50
1357 2668 1384 2690 et
1400 2663 1464 2691 252.
1483 2678 1516 2682 —
1533 2663 1679 2690 Mediolani

57 2714 82 2732 ιιι
94 2705 159 2734 bibl.
178 2705 305 2734 Ambros.
322 2710 364 2734 est
374 2705 443 2734 iiber
455 2705 584 2741 anonymi
602 2706 740 2734 Adversus
755 2710 957 2741 argumentum,
972 2713 1027 2741 quo
1047 2706 1074 2733 in
1092 2706 1189 2740 primis
1206 2706 1244 2733 uti
1261 2707 1368 2734 solebat
1381 2707 1513 2735 adversus
1526 2707 1678 2735 catholicos

58 2749 173 2782 Marcus,
188 2749 368 2785 Ephesiorum
384 2750 509 2778 antistes.
523 2749 555 2777 V.
573 2749 722 2778 Montiauc.
738 2750 807 2778 Bibl.
822 2749 944 2778 bihlioth.
965 2758 1031 2778 mss.
1047 2757 1074 2785 p.
1096 2750 1158 2778 519.
1176 2750 1206 2788 C.
1225 2765 1259 2770 —
1278 2751 1346 2779 Add.
1362 2759 1445 2786 supra
1473 2752 1506 2778 ad
1525 2760 1552 2779 ιι.
1569 2753 1586 2778 2’.
1605 2756 1630 2778 et
1652 2752 1678 2782 ὅ,

91 2862 129 2895 ta)
145 2861 216 2889 Idem
227 2867 316 2900 tamen
326 2871 420 2897 opusc.
430 2871 491 2891 cum
511 2863 605 2900 eodem
626 2864 758 2900 principio
782 2869 888 2893 exstare
908 2864 1029 2893 etiamin
1060 2863 1120 2892 cod.
1142 2863 1206 2891 bibl.
1256 2864 1329 2898 pubi.
1357 2863 1443 2891 Paris.
1473 2863 1539 2892 1218
1563 2872 1590 2890 n.
1635 2863 1681 2896 1‘2,

59 2895 107 2932 iam
117 2905 197 2933 supra
212 2895 462 2932 animadvertimus,
474 2899 506 2926 ad
523 2908 549 2926 ιι.
566 2898 593 2926 2.
626 2895 632 2900 ⁷
717 2895 723 2900 ’
1257 2895 1274 2922 '-
