1864 3058
190 181 257 210 1015
656 168 811 213 MARCUS
822 181 1016 213 EPHESIUS
1026 180 1312 213 METROPOLITA.
1752 177 1816 210 iOtG

187 239 213 261 et
225 233 382 261 Sclnocrkb
402 233 473 261 Ηίδι.
489 233 592 263 Eccles.
606 235 753 264 Christian.
769 242 840 272 part.
854 244 946 269 xxxtv,
966 244 994 271 p.
1017 236 1149 266 591-417.
1163 252 1199 258 -
1214 237 1326 272 Joseplti
1348 235 1536 264 Mothonensis
1552 241 1580 263 et
1605 235 1738 270 Gregorii
1758 235 1818 261 Ilie-

188 285 259 305 rom.
273 277 477 313 Responsiones
490 279 522 308 ad
540 287 583 314 ep.
609 280 692 308 Marci
709 280 832 316 Ephesii,
849 281 910 308 Lat.
925 281 952 308 in
969 284 1070 308 sanctae
1098 282 1235 317 generalis
1264 280 1430 308 Florentium
1461 279 1559 316 synodi
1585 283 1652 307 tom.
1668 278 1708 311 11,
1724 286 1753 314 p.
1768 279 1817 306 271

190 328 268 356 seqq.
288 320 319 349 V.
339 321 534 358 Baumgarten.
550 325 598 351 cit.
624 323 814 358 Nachrichten,
834 329 901 352 tom.
920 324 963 358 Vi,
984 331 1011 359 p.
1030 324 1093 352 152.
1117 326 1204 353 ﬂaua.

222 367 250 394 7.
266 368 360 401 Capita
372 368 533 403 syllogistica
543 373 633 397 contra
644 370 751 397 Latinos
758 369 790 396 da
801 369 958 404 proauiam

1084 378 1089 396 ι
1100 368 1143 402 S.,
1154 369 1291 402 κεφάλαια.
1300 367 1505 402 συλλογιστικά,
1514 375 1575 402 qua
1586 375 1675 402 usque
1690 367 1728 394 ad
1741 373 1820 400 caput

188 411 222 439 17
237 411 385 447 Gregorius
418 412 647 449 Protosynccllus,
663 419 761 442 caetera
776 414 901 442 Bessario

1082 420 1096 440 ι.
1124 413 1222 449 incipit
1237 421 1245 440 :
1266 411 1413 448 Ἐρώμεϐα
1429 412 1496 442 τοὺς
1513 411 1659 442 Λατίνους.
1674 409 1818 447 [Florum

188 457 216 483 in
232 457 293 484 cod.
310 456 440 488 Laurent.
453 457 524 491 XIV,
539 466 566 486 n.
582 459 625 491 H,
643 457 775 494 plut..l0.
789 457 821 486 V.
838 457 953 486 Bandin.
971 457 1032 486 Cat.
1051 457 1130 485 codd.
1150 457 1199 485 Gr.
1212 456 1295 484 Laur.
1309 456 1330 488 Ι,
1349 463 1376 490 p,
1393 455 1470 491 ‘84.]
1488 455 1524 483 De
1537 455 1635 483 eodem
1653 461 1820 490 argumento

189 500 241 527 alia
261 501 344 528 Marci
363 501 494 537 .Ephesini
509 502 598 537 capita
618 502 783 538 syllogistiea
797 507 925 530 memorat

1082 502 1119 529 ius
1139 501 1204 533 VH,
1227 509 1254 536 p.
1270 501 1287 528 5
1301 500 1350 536 (ὃ).
1367 500 1405 526 Τὸ
1423 499 1534 535 Πνεῦμα
1562 499 1593 526 τὸ
1611 500 1693 532 ἅγιον
1718 500 1753 525 ὲκ
1769 501 1818 526 Πα-

187 544 264 577 τρός.
285 544 364 572 Aliud
392 546 456 573 ilem
471 546 604 580 scriptum
623 545 653 573 V.
670 554 696 581 p.
719 545 782 575 22⁵1.
810 546 897 581 lncip.
915 548 923 572 i

1087 547 1163 572 ἐστιν
1178 545 1216 576 ὡς
1243 544 1362 580 ἀληθῶς.
1391 544 1469 571 Adde
1503 543 1633 572 eumdem
1654 542 1689 576 ν,
1710 550 1739 578 p.
1758 543 1817 570 256.

188 583 269 615 Ρλιιιι.
287 588 315 616 S.
331 596 358 624 p.
370 588 434 616 167.
450 589 556 617 Kollar.
581 589 644 617 eod.
671 590 735 618 280.
752 605 788 610 —
804 590 844 617 ib.
865 598 892 625 p.
909 590 972 622 540.
989 598 1018 617 ιι.
1039 589 1066 623 6,
1093 589 1157 617 cod.
1173 589 1238 616 291.
1267 588 1349 615 Marci
1376 587 1570 623 Fragmentum
1603 586 1818 615 scltismaticum

188 636 285 660 contra
302 633 412 661 Latinos
429 633 463 661 de
477 634 650 668 processione
663 633 736 669 Spir.
754 635 859 667 sancti;
876 634 924 662 init

1081 634 1147 660 ὶτδν
1169 632 1257 669 μέγαν
1273 633 1412 668 Κύριλλον
1428 633 1592 667 συνηγορεῖν
1609 632 1708 663 αὐτοῖς
1722 632 1817 665 λέγου-

190 684 232 703 σιν
250 676 357 704 Ἰταλοί.
376 691 411 698 —
424 676 555 713 Mosqute,
574 678 600 705 in
616 678 679 706 cod.
698 678 795 714 synod.
813 678 876 710 594.
893 686 920 705 ιι.

1101 684 1181 713 capp.
1196 685 1258 704 eum
1278 676 1459 711 responsione
1478 676 1602 711 (ἔνθεοι-11
1618 675 1773 703 Scitolarii.
1788 691 1819 695 —

189 719 221 746 N.
233 719 260 751 3,
282 719 366 747 Marci
385 719 516 756 Eugenici
531 721 565 748 tn
578 729 716 749 numerum
732 721 893 748 talentorum
907 722 925 748 it

1095 721 1224 756 parabola
1242 720 1370 755 Oewpla;
1392 721 1447 748 ine.
1486 720 1518 746 '0
1535 719 1570 746 τὰ
1585 719 1668 746 πέντε
1682 719 1817 746 τάλαντα.

190 762 279 799 (Cani.
293 764 326 791 ad
347 771 375 792 n.
388 764 428 799 2.)
444 779 479 786 -
493 764 526 793 Ν.
542 764 569 798 ι,
590 765 680 800 ejtlsd.
697 765 799 800 ἀπορία
814 766 884 800 μετὰ
899 765 926 792 λιέ

1082 769 1100 793 ι.
1118 766 1150 792 Εἰ
1165 765 1212 792 καὶ
1227 766 1244 800 ὴ
1262 765 1433 800 σμικροτάτη
1463 764 1567 795 πίστις.
1595 778 1630 784 -
1655 763 1690 791 Ν.
1706 764 1737 795 9,
1753 763 1818 790 Gre-

189 807 269 841 gorii,
290 808 452 842 patriarchae
465 809 548 837 CPol.
565 809 690 844 apologia
707 814 802 836 contra
836 809 965 843 Ephesini
995 809 1189 845 homologiam.
1205 824 1241 830 —
1258 807 1291 836 N.
1311 808 1354 841 l5,
1381 808 1462 836 Marci
1492 808 1623 844 Eugenici
1652 806 1778 834 Romilio
1797 808 1821 833 in

188 851 372 880 dormitioncm
391 853 419 881 S.
437 853 551 880 Macarii
563 853 609 880 τοῦ
624 854 756 888 Κορωνᾶ·
772 854 826 880 inc.
850 853 919 888 ’0δῷ

1084 862 1104 879 :v
1126 852 1210 887 (conf.
1228 852 1302 879 adn.
1328 852 1369 887 5).
1387 851 1469 879 -Ν,
1496 851 1539 883 16,
1566 851 1660 887 ejusd.
1679 850 1754 886 Περὶ
1770 850 1820 875 τῶν

192 896 391 931 ἐμφερομένων
406 899 439 933 τῇ
455 897 514 933 θείᾳ
532 898 600 933 εὐχῇ
617 898 761 934 ῥημάτων,
783 898 867 933 ἤγουν
882 897 941 930 τοῦ,
958 897 1044 933 Κύριε
1063 897 1153 932 Ἰησοῦ
1169 896 1284 932 Χριστὲ,
1297 897 1346 923 Υἱὲ
1359 896 1406 923 τοῦ
1427 896 1508 928 Θεοῦ,
1523 895 1656 931 Dina-ev;
1677 895 1736 922 inc.
1753 894 1821 929 ὀση

191 944 241 978 μὲν
261 945 276 978 ἡ
295 943 346 978 τῆς
357 944 455 979 εὐχῆς.
481 959 516 966 —
533 944 567 973 N.
582 945 628 978 20.
659 946 745 981 ejusd.
763 946 944 973 ὲπιτελεύτιοι
969 945 1074 981 ὁμιλίαι
1106 944 1250 980 παρούσης
1275 944 1326 980 τῆς
1343 944 1398 972 τῶν
1415 943 1565 979 ὁροοδόξων
1589 944 1746 976 συνάξεως.
1769 948 1818 970 ele.

191 988 250 1015 init.
270 987 406 1022 Βούλομαι
424 988 594 1025 πλατύτερον
608 989 658 1024 τὴν
681 990 765 1024 ἐμήν,
784 990 875 1025 (Conf.
894 990 925 1017 ad

1082 993 1088 1016 l
1104 997 1132 1016 ιι.
1158 989 1191 1016 21
1208 998 1215 1015 :
1247 988 1383 1016 Scholarii
1410 987 1568 1023 ἐπικήδειος
1587 987 1711 1022 μονῳδία
1729 987 1777 1014 ἐπὶ
1792 988 1818 1021 τῇ

190 1032 317 1066 χοιμήσει
328 1031 357 1059 S.
377 1031 475 1065 Marri,
491 1034 611 1069 archiep.
630 1035 740 1070 Ephesi.
753 1033 913 1069 ἀνεγνώσθη

1083 1033 1118 1068 τῷ
1133 1033 1254 1068 λειψάνῳ
1267 1033 1335 1066 ναῷ,
1349 1032 1402 1059 inc.
1425 1031 1481 1058 Φεῦ
1503 1031 1563 1063 νῦν,
1581 1028 1603 1058 ὦ
1617 1032 1773 1066 παρόντες.
1790 1030 1819 1057 V.

189 1075 284 1103 Matth.
302 1075 380 1103 notit.
399 1077 446 1104 cit.
464 1084 489 1112 p.
503 1078 566 1110 250,
582 1086 643 1113 sqq.
659 1094 693 1099 —
709 1078 773 1105 Par.
791 1078 818 1105 in
831 1078 897 1106 bibl.
915 1078 989 1112 pubi.
1007 1078 1087 1105 codd.
1108 1077 1188 1110 1218,
1204 1077 1284 1105 1261.
1299 1076 1389 1104 Oxon.
1412 1077 1439 1104 in
1457 1076 1523 1104 bibl.
1542 1076 1647 1104 Bodlei.
1661 1076 1731 1103 cod.
1746 1076 1790 1109 78,
1807 1077 1820 1103 δ

189 1128 249 1155 sqq.
265 1119 338 1148 Guil.
351 1121 449 1152 Laudi.
468 1129 491 1149 s.
511 1130 540 1149 n.
557 1122 618 1153 720,
635 1123 695 1150 Cat.
712 1130 779 1150 mss.
793 1122 896 1158 Anglize
910 1122 1038 1153 elc.,voi.
1053 1122 1074 1155 i,
1090 1121 1173 1149 Marci
1188 1121 1290 1157 Eugen.
1307 1121 1414 1148 lieiatio
1429 1121 1463 1147 de
1475 1121 1579 1155 synodo
1592 1119 1758 1147 Florentino
1771 1129 1778 1152 ;
1790 1134 1820 1139 —

190 1164 276 1199 Epist.
292 1166 325 1192 ad
341 1165 487 1201 Georgium
508 1166 653 1201 quemdam
671 1167 859 1202 presbyterum
876 1167 903 1193 in
921 1165 1075 1194 Methonem
1103 1166 1203 1198 missa;
1220 1180 1255 1186 --
1268 1164 1390 1200 Epistula
1407 1164 1440 1192 ad
1465 1164 1659 1197 Schularium;
1676 1163 1819 1191 Confessio

190 1209 402 1244 extemporaria,
418 1210 468 1237 sub
485 1215 599 1238 mortem
618 1211 687 1238 facta
699 1219 706 1243 ;
720 1211 753 1238 ad
778 1210 950 1238 Schoiarium
969 1211 1138 1242 areltontem,
1165 1208 1299 1244 huiusque
1331 1208 1505 1242 Responsio;
1533 1208 1695 1244 Syllogistni
1729 1214 1818 1234 contra

190 1251 304 1280 Latinus
319 1254 352 1280 de
365 1254 541 1288 processione
552 1255 672 1289 Spiritus
689 1255 776 1282 sancti
791 1249 860 1282 cum.
873 1255 1064 1288 Rcsponsione
1076 1253 1208 1281 Gennadii
1227 1253 1372 1280 Schoiarii.
1386 1268 1421 1273 —
1435 1252 1556 1280 Venetiis
1573 1253 1599 1279 in
1615 1253 1678 1279 eod.
1698 1252 1818 1279 Naniano

194 1297 257 1329 127,
271 1305 298 1324 ιι.
312 1297 339 1328 4,
353 1298 520 1332 syllogistica
536 1306 596 1333 cap.
613 1299 665 1326 inc.
681 1299 719 1325 Τὸ
733 1299 845 1334 Πνεῦμα
860 1299 890 1325 τὸ
906 1298 930 1325 δι⁴

1083 1317 1088 1322 .
1107 1297 1133 1329 5,
1147 1296 1265 1324 Theoria
1289 1295 1315 1323 in
1340 1297 1478 1331 parabolae
1493 1296 1657 1330 evangelica?
1672 1303 1816 1322 numerum

192 1342 368 1368 talentorum.
383 1356 416 1362 ν
431 1341 462 1368 Ν.
477 1342 505 1374 6,
524 1343 560 1370 De
589 1343 680 1370 anima
699 1344 841 1371 brutorum
865 1344 980 1378 quaestio
1001 1347 1029 1370 et
1048 1341 1202 1376 responsio.
1229 1340 1309 1367 Conf.
1334 1345 1390 1367 eat.
1420 1340 1499 1367 codd.
1517 1339 1566 1368 Gr.
1579 1339 1650 1368 Nan.
1664 1348 1693 1373 β.
1709 1339 1773 1367 280.
1790 1354 1819 1359 —-

193 1384 299 1411 Monac.
317 1385 343 1411 in
362 1385 423 1412 cod.
444 1385 540 1414 Bavar.
555 1386 600 1419 27,
618 1387 701 1414 Marci
721 1387 786 1422 Eug.
806 1387 890 1422 Capp.
910 1386 1074 1423 syllogistica
1086 1393 1147 1413 euut
1163 1385 1271 1419 Georgii
1286 1384 1420 1411 Sebolarii
1441 1384 1678 1411 conitttationibus
1702 1386 1818 1419 priurum

194 1435 274 1462 capp.
286 1427 366 1460 XVII,
380 1433 408 1456 ct
423 1428 591 1456 Bcssarionis
611 1430 744 1458 coniutat.
759 1439 774 1457 a
801 1439 861 1465 eap.
879 1430 920 1458 18.
936 1429 969 1458 ν.
991 1430 1075 1457 iiardt
1098 1430 1124 1456 in
1147 1429 1253 1457 Aretini
1268 1428 1432 1464 Beytrwgen,
1448 1432 1501 1456 etc.
1515 1435 1580 1455 ann.
1597 1429 1678 1458 1805.
1696 1433 1770 1463 part.
1787 1436 1818 1459 tv.

193 1480 219 1507 p.
240 1472 274 1499 12
291 1480 350 1506 seq.
371 1477 397 1500 et
414 1481 496 1507 supra
515 1473 540 1500 in
560 1474 610 1501 hoc
626 1474 680 1501 vol.
700 1482 725 1509 p.
742 1475 805 1507 ⁵572,
829 1480 898 1503 sect.
913 1476 941 1507 3,
962 1479 988 1502 et
1004 1483 1030 1508 p.
1045 1473 1107 1502 591.
1127 1477 1195 1501 sect.
1213 1473 1239 1500 4.
1252 1487 1287 1492 -
1302 1471 1459 1499 Secundum
1485 1477 1538 1500 eat.
1565 1473 1646 1500 codd.
1660 1471 1756 1499 Graec.
1774 1472 1820 1498 Ba-

192 1523 252 1542 var.
267 1524 294 1551 p.
311 1517 345 1544 50
359 1525 399 1551 sq.
414 1517 440 1543 in
459 1517 520 1545 cod.
534 1517 594 1550 118,
610 1519 654 1549 (ab
676 1519 786 1546 Hardtio
815 1524 975 1546 numeratur
990 1518 1054 1551 256,
1074 1517 1122 1546 sed
1137 1517 1210 1544 illam
1226 1515 1288 1543 libri
1302 1524 1309 1542 :
1323 1515 1426 1543 Aretini
1443 1516 1588 1552 Beytraage,
1615 1521 1682 1548 etc.,
1707 1521 1817 1551 partem,

194 1561 222 1587 in
242 1569 294 1594 qua
315 1561 359 1588 ille
375 1561 436 1588 eod.
455 1567 624 1593 recensetnr,
640 1563 760 1590 nondum
781 1563 869 1590 habeo
889 1563 915 1590 iu
932 1561 1071 1596 manibus)
1085 1566 1149 1589 sunt
1176 1560 1259 1588 Marci
1274 1559 1386 1595 Ephesii
1406 1560 1439 1587 ad
1454 1560 1599 1595 Georgium
1617 1561 1817 1596 presbyterum,

194 1605 304 1638 quando
320 1604 407 1632 Latini
421 1605 571 1633 defecerint
592 1614 607 1633 a
622 1612 696 1634 ret-ta
712 1607 782 1640 ﬁde;
796 1608 883 1643 ejusd.
907 1607 1074 1643 syllogistica
1089 1614 1170 1642 capp.
1183 1609 1279 1633 contra
1296 1604 1409 1632 Latinos
1432 1609 1460 1633 et
1485 1605 1559 1632 varia
1573 1605 1713 1640 opuscula
1730 1609 1817 1633 contra

194 1648 317 1682 Latinos,
332 1649 396 1676 add.
428 1649 462 1677 ad
475 1657 501 1676 ιι.
517 1650 544 1677 2.
561 1649 646 1678 ΙΙΑιιι.

229 1694 258 1721 8.
278 1693 408 1729 Apologia
426 1694 456 1721 de
470 1694 534 1729 fuga
551 1702 612 1721 sua.
632 1694 741 1722 Citatur
755 1701 768 1721 a
785 1693 846 1722 Nic.
861 1694 1001 1722 Cotnneno
1017 1702 1079 1730 pag.
1098 1693 1162 1728 525,
1179 1694 1379 1730 praenotionum
1397 1698 1548 1729 tuystagog.

228 1738 257 1766 9.
274 1737 375 1766 Contra
392 1738 553 1773 encyclicam
570 1739 749 1772 Bessarionis,
767 1739 804 1766 id.
823 1747 849 1774 p.
866 1739 927 1767 172.

229 1782 274 1810 10.
292 1782 413 1817 Epistula
434 1783 470 1809 ad
494 1782 633 1818 Georgium
650 1781 831 1816 Scholarium,
843 1790 896 1818 qua
923 1791 985 1810 eum
1002 1782 1187 1818 reprehendit,
1207 1782 1280 1819 quod
1296 1783 1330 1811 ad
1350 1781 1464 1810 Latinos
1491 1781 1644 1811 deﬂexerit.
1656 1781 1692 1810 ν.
1709 1783 1743 1810 ad
1755 1791 1781 1810 ιι.
1793 1782 1817 1813 2,

194 1827 212 1855 5
228 1831 256 1855 et
272 1827 300 1860 7,
315 1835 397 1862 supra
414 1826 441 1854 in
459 1827 509 1855 hoc
521 1828 576 1855 vol.
595 1835 622 1860 p.
650 1826 714 1859 572,
733 1831 801 1854 sect.
819 1827 846 1854 5.
859 1841 895 1847 -
909 1826 999 1855 Paris.
1014 1828 1040 1855 in
1062 1828 1131 1856 bibl.
1164 1829 1241 1863 pubi.
1261 1829 1326 1856 cod.
1359 1827 1428 1855 1218
1451 1828 1490 1862 (in
1511 1835 1565 1863 quo
1591 1828 1653 1855 cod.
1668 1829 1750 1864 plura
1764 1835 1817 1856 esse
1838 1827 1844 1832 ““

194 1870 277 1898 Marci
294 1870 396 1906 Eugen.
414 1870 554 1905 opuscula.
569 1870 625 1905 jam
644 1876 722 1898 antea
739 1871 969 1906 observavimus),
987 1879 1015 1898 n.
1033 1872 1078 1901 10.
1092 1887 1128 1892 -—
1140 1871 1285 1901 Florentiae
1308 1872 1334 1899 in
1360 1871 1422 1899 cod.
1450 1871 1579 1899 Laurent.
1605 1872 1676 1904 XIII,
1693 1881 1724 1900 ιι.
1739 1873 1780 1905 13,
1794 1877 1815 1899 et

194 1923 223 1942 n.
243 1915 289 1947 12,
305 1919 346 1942 est
377 1915 465 1949 elusi.
492 1915 568 1950 εὐχὴ,
600 1914 694 1942 Oratio
723 1915 930 1950 ἱιιο.ἙΘαυμα‹

1083 1916 1184 1950 γνῶσις
1201 1925 1249 1943 σου
1263 1916 1292 1949 ἐξ
1311 1915 1389 1950 ἐμοῦ.
1410 1914 1443 1942 ν.
1462 1915 1578 1943 Bandin.
1595 1915 1657 1943 Cat.
1673 1916 1763 1944 Codd.
1781 1924 1813 1951 ετ·

195 1958 279 1986 Laur.
299 1958 342 1989 lli.
356 1966 382 1993 p.
400 1959 461 1986 110.
476 1973 510 1978 —-
524 1959 636 1986 Tauris.
653 1959 680 1986 in
697 1960 758 1987 cod.
771 1959 838 1995 Reg.
856 1959 917 1993 161,
931 1960 1017 1995 Epist.
1034 1960 1065 1987 ad
1080 1959 1179 1995 Georg.
1201 1959 1327 1988 Schoiar.
1345 1959 1378 1987 V.
1397 1960 1456 1987 Cat.
1472 1960 1551 1987 codd.
1572 1968 1613 1995 gr.
1627 1959 1716 1988 Taur.
1730 1969 1756 1996 p.
1770 1960 1814 1988 215

196 2010 255 2037 seq.
269 2002 324 2029 Inc.
345 2003 436 2037 ’Ὅσης
454 2003 527 2038 ἡμᾶς
544 2002 696 2037 ἐνέπλησας
709 2002 816 2040 ἡδονῆςέ
835 2003 932 2030 Eadem

1079 2004 1105 2030 ιι.
1118 2002 1274 2038 Mosquensi
1291 2008 1394 2039 typogr.
1411 2002 1511 2039 synod.
1538 2003 1584 2038 24,
1605 2012 1635 2032 n.
1654 2004 1702 2037 11,
1717 2007 1750 2033 ad
1761 2004 1813 2040 piti-

197 2048 305 2082 losopb.
319 2047 463 2082 quemdam
482 2047 670 2080 Scholariutn;
697 2056 725 2075 ν,
737 2047 866 2079 Matfittei,
881 2048 901 2075 i.
920 2055 933 2075 e

440 2055 463 2073 ιιι
482 2047 670 2080 Scholariutn;
697 2047 866 2079 v..\latibtei.
881 2048 901 2075 i.
920 2055 945 2075 c.
964 2055 990 2083 p.
1008 2047 1070 2075 3H.
1092 2047 1176 2074 "ARL.

234 2091 277 2118 11.
297 2091 418 2125 Epistola
430 2094 463 2118 m1
475 2090 615 2126 Georgium
632 2092 812 2128 presbyterum
826 2092 1022 2128 (Scltolarinm)
1035 2096 1128 2118 contra
1143 2092 1209 2118 ritus
1226 2095 1250 2117 et
1266 2091 1400 2125 sacriﬁcia
1412 2090 1539 2119 Romam:
1548 2090 1687 2126 Εσειεδίω,
1708 2093 1793 2127 incipit
1807 2101 1812 2119 :

197 2137 253 2171 Τὴν
269 2137 378 2172 γραφήν
393 2145 440 2163 σου
455 2136 613 2170 δεξάμενος.
633 2136 708 2163 [iane
725 2136 889 2172 oppugnavit
903 2136 933 2164 At

1075 2132 1211 2162 .losscnsis
1231 2134 1258 2161 in
1275 2135 1383 2170 dialogo
1399 2134 1432 2162 ad
1449 2136 1522 2162 cives
1537 2135 1740 2169 Metitonenses,
1755 2141 1811 2164 teste

196 2181 307 2211 Allatio,
321 2188 347 2214 p.
371 2179 430 2208 162.
446 2185 542 2208 contra
555 2179 757 2216 Creyghtonum
785 2184 812 2207 ct.
831 2180 865 2207 de
886 2187 1032 2211 consensu.
1050 2187 1077 2215 p.
1093 2179 1158 2207 955.
1178 2177 1262 2206 ιιίιιςι.
1281 2177 1342 2205 Vid.
1361 2179 1395 2206 ad
1422 2186 1451 2206 n.
1474 2178 1499 2212 7,
1521 2185 1548 2206 et
1569 2179 1682 2208 Gerium
1694 2182 1728 2209 ad
1742 2179 1811 2209 επεὶ

196 2225 266 2252 Hist.
284 2226 336 2251 litt.
354 2223 405 2252 SS.
424 2223 480 2251 EE.
500 2225 517 2251 Ι.
531 2232 555 2252 c.
577 2232 604 2260 p.
623 2225 685 2252 158.
709 2224 794 2251 ΗΑιιι.

232 2269 276 2296 12.
295 2269 500 2295 Antirrhetirttm
513 2273 607 2295 contra
622 2268 755 2295 Andream
770 2266 960 2294 Colossensem.

875 2274 960 2293 'nsem.
977 2265 1084 2294 Citatur
1098 2275 1112 2293 a
1125 2265 1188 2293 Nic.
1204 2265 1348 2298 Contttcno.
1363 2273 1390 2301 p.
1407 2266 1453 2298 42,
1469 2267 1532 2299 556,
1549 2267 1611 2295 120.

233 2313 276 2339 15.
293 2313 354 2338 Ὀτι
372 2313 401 2338 οὗ
419 2313 499 2346 μόνον
514 2312 568 2338 ἀπὸ
584 2312 675 2346 φωνῆς
687 2311 741 2337 τῶν
753 2309 922 2337 δεσποτικῶν
937 2311 969 2344 ρη

1084 2311 1245 2345 ἀγιάζονται
1259 2313 1293 2337 τὰ
1308 2311 1369 2337 θεῖα
1384 2311 1470 2346 δῶρα.
1487 2311 1564 2344 Quod
1578 2312 1731 2340 diuinorum
1741 2314 1810 2340 dono-

197 2365 258 2383 rum
271 2356 433 2383 consecratio
454 2364 505 2382 non
519 2355 603 2382 solum
624 2355 654 2389 ﬁt
672 2354 755 2381 verbis
772 2353 928 2386 Dominicis,
954 2357 999 2381 sed
1016 2355 1097 2381 etiam
1119 2363 1135 2381 a
1151 2354 1254 2389 Spiritu
1276 2360 1369 2382 saneto
1401 2363 1446 2389 per
1463 2363 1551 2390 preces
1565 2360 1590 2383 et
1617 2356 1810 2384 benedictionem

196 2401 351 2427 sacerdotis.
370 2399 490 2433 Incipit:
511 2399 608 2432 Ἡμεῖς
625 2399 657 2424 ὲκ
675 2398 730 2424 τῶν
761 2397 842 2430 ιερῶν
874 2397 932 2423 om.

1073 2399 1160 2427 Graece
1190 2400 1222 2427 ad
1237 2401 1341 2427 calcem
1373 2400 1546 2434 lilnrgiarum
1564 2400 1592 2427 S.
1609 2400 1717 2434 Jacobi,
1735 2402 1809 2429 Basilii

197 2449 224 2471 et
236 2443 436 2479 Cbrysostomi,
459 2450 487 2477 p.
506 2442 642 2475 158-1“;
658 2441 744 2469 Paris.
763 2441 832 2468 1560
851 2440 898 2467 iul.
916 2447 942 2468 et
955 2441 1052 2469 Latine
1064 2443 1089 2469 in
1104 2443 1252 2478 Liturgicis
1269 2443 1376 2471 Claudii
1391 2443 1424 2470 de
1437 2443 1573 2476 Sainctes,
1586 2443 1729 2480 Antwerp.
1744 2444 1809 2476 1562,

197 2490 226 2521 8,
241 2497 300 2524 pag.
316 2489 362 2516 82.
380 2488 463 2514 Ριιιιιι.
478 2487 510 2515 ιι.
532 2487 564 2513 ad
582 2494 609 2514 ιι.
625 2486 652 2512 2.
668 2501 702 2506 —-
720 2485 807 2513 Paris.
823 2486 848 2512 itt
862 2485 928 2513 b.bl.
946 2487 1020 2521 pubi.
1035 2487 1115 2514 codd.
1131 2487 1214 2520 1261,
1230 2496 1258 2515 n.
1275 2488 1304 2519 2,
1322 2492 1349 2514 et
1363 2487 1444 2520 1218,
1459 2495 1486 2515 n.
1498 2487 1526 2515 9.
1542 2487 1618 2515 —in
1631 2489 1694 2517 cod.
1712 2489 1810 2517 Coislin.

197 2534 261 2561 290.
279 2533 311 2561 ν.
325 2532 476 2559 Montiauc.
491 2530 560 2557 Bibl.
578 2529 660 2557 Coisl.
673 2537 700 2564 p.
712 2530 775 2557 406.
791 2529 876 2557 ΙΙΑΙιι.
1264 2542 1274 2550 .
1394 2556 1396 2558 ι

233 2578 278 2605 11.
296 2576 435 2610 Expositio
451 2575 501 2610 τῆς
515 2573 747 2609 ὲκκλησιαστικῆς
774 2572 937 2604 ἀιωλοιιοίας
966 2583 969 2598 ι

1073 2573 1156 2602 irazee
1174 2575 1206 2602 ad
1224 2572 1336 2604 calcem'
1355 2584 1468 2612 operum
1486 2576 1623 2605 Simeonis
1648 2575 1809 2608 Thessaloni-

199 2623 299 2654 consis,
311 2619 394 2648 Jassii
411 2621 436 2645 in
451 2618 583 2645 MoldaVia
597 2617 675 2650 1683,
692 2617 738 2645 fol.
756 2616 840 2644 Faan.
854 2615 886 2644 V.
905 2617 938 2644 ad
955 2625 984 2644 n.
1004 2617 1030 2651 1,
1045 2617 1074 2649 2,
1091 2618 1211 2653 Musque:
1240 2619 1267 2646 in
1284 2620 1344 2652 cod,
1360 2620 1457 2656 synod.
1473 2620 1536 2653 395,
1554 2629 1582 2649 ιι.
1596 2621 1625 2649 2.
1644 2620 1676 2649 V.
1695 2620 1808 2653 Matthxi,

199 2666 219 2693 1.
237 2673 262 2693 c.
278 2674 304 2700 p.
325 2663 389 2695 219,
409 2663 497 2690 Paris.
514 2662 540 2689 in
559 2662 623 2689 bibi.
642 2662 715 2696 pubi.
734 2661 896 2689 cetld.i2|8
907 2666 934 2688 et
950 2661 1028 2688 1261.
1044 2677 1078 2682 -
1090 2662 1170 2690 (Ioni.
1201 2671 1284 2698 supra
1306 2664 1332 2691 itt
1359 2664 1387 2691 Ιι.
1417 2664 1470 2692 vol.
1486 2672 1513 2700 p.
1530 2665 1577 2693 80.
1594 2680 1628 2686 —
1646 2665 1744 2695 Gerius
1759 2665 1774 2694 Ι.
1789 2672 1807 2691 c.

201 2712 368 2746 suspicatur,
388 2710 457 2737 hanc
469 2709 663 2744 expositionem
684 2717 737 2736 non
751 2707 860 2736 diﬂ‘erre
877 2715 892 2734 ιι
909 2707 989 2735 Marci
1003 2708 1071 2742 Eug.
1091 2708 1254 2744 Parapltrasi
1280 2710 1305 2737 in
1323 2709 1570 2740 Pentecostariutn.
1583 2711 1670 2741 Hanc.

237 2756 281 2784 15.
304 2755 469 2790 Purapharis
480 2755 507 2780 in
524 2753 759 2781 Pentecoatarium.
777 2753 858 2780 Attat.
873 2752 940 2779 diss.
954 2760 984 2783 ιι,
997 2759 1060 2787 pag.
1075 2752 1139 2784 280,
1160 2753 1194 2781 de
1209 2754 1287 2782 libris
1304 2754 1407 2783 Eccles.
1425 2755 1593 2784 Grmeorum.

237 2801 280 2828 16.
298 2800 440 2834 Responsio
455 2798 551 2834 duplex
568 2798 601 2825 ad
617 2790 726 2825 Latinos
736 2799 767 2824 de
786 2797 950 2832 purgatorio.

1089 2796 1152 2824 bibi.
1164 2797 1298 2826 Ca-sarca.
1309 2798 1406 2834 ltteipit
1422 2800 1548 2836 εἙπιιδὴ
1565 2801 1638 2835 μετὰ
1655 2801 1771 2839 ἀγάπης.
1784 2799 1806 2828 Et

239 2904 275 2936 (tr)
292 2903 320 2931 S.
339 2909 398 2937 pag.
411 2902 472 2930 250.
490 2902 588 2931 Kullar.
606 2910 633 2930 n.
649 2902 675 2934 6,
693 2902 752 2929 cod.
769 2901 812 2929 63.
829 2901 914 2928 iiattL.
