1864 3058
62 159 141 187 1οη
657 171 660 175 τ
782 155 798 185 Β

1633 151 1701 182 1078

60 211 166 240 Erudit
176 219 343 246 σαφεστερον
351 212 424 247 ἡμᾶς
432 212 582 240 ἀπαιτεῖτε.
592 211 719 240 Lambec.
732 211 786 244 VII.

965 219 983 244 1.
998 209 1037 246 [p.
1046 209 1110 242 237,
1119 216 1176 244 seq.
1189 208 1257 247 Kell.
1269 217 1296 237 ιι.
1307 208 1356 236 3el
1367 208 1383 236 «ι
1397 207 1456 236 cod.
1475 207 1531 243 68.]
1541 207 1627 242 Supra
1637 215 1663 234 n.
1673 207 1701 243 2,

100 255 193 283 Etiam
225 256 336 284 libellus
361 256 395 284 de
420 257 588 292 purgatorio,
608 256 697 284 editus
729 256 781 284 sub
808 255 861 282 Nili
888 254 1016 287 nomine,
1044 253 1135 281 Marco
1168 257 1262 280 nostro
1299 261 1314 280 a
1340 252 1502 288 quibusdam
1533 252 1699 279 vindicatur.

62 299 154 327 l-‘aan.
186 299 216 327 ln
246 299 308 328 cod.
328 300 484 336 Mosquensi
515 301 614 336 synod.
639 300 690 328 591
721 306 787 329 sunt
809 305 865 327 tres
894 298 1097 333 Responsiones
1122 297 1156 325 ad
1184 296 1274 325 Latin.
1306 306 1334 325 n.
1363 297 1389 325 6.
1413 297 1470 324 Ine.
1493 296 1603 330 Ἐπειδὴ
1633 296 1706 330 μετὰ

61 344 201 380 diram-lc;
217 353 244 372 ιι.
265 346 281 372 7
307 346 364 372 inc.
379 346 483 381 Πολλῆς
506 346 556 381 μὲν
574 346 612 378 ὡς
629 345 758 381 ἀληθῶς·
773 354 797 373 n.

969 343 1045 378 πειδὴ
1068 343 1247 378 σαφέστερον.
1275 343 1306 370 ν.
1323 343 1452 375 Matthaai,
1467 342 1485 370 1.
1501 349 1525 369 c.
1546 349 1573 376 p.
1589 341 1651 368 251.
1667 354 1705 361 —-

62 387 93 414 ln
108 388 170 416 Cat.
185 396 252 417 mss.
274 389 387 425 Angliaa,
402 394 455 417 etc.
472 389 527 417 vol.
545 389 579 421 11,
606 397 632 425 p.
648 390 692 422 61,
713 397 740 417 n.
755 389 798 416 225

962 387 1208 420 LVosslano112,
1242 388 1298 415 haec
1324 392 1387 415 nota
1410 386 1498 415 Vossii
1526 385 1698 413 adducitur:

67 441 76 457 ι
98 432 186 460 Marci
200 433 363 468 archiepisc.
385 433 514 468 Ephesini
531 437 614 461 orau.
630 433 665 461 de
678 433 800 461 Latinor.
814 433 986 469 purgatorio,
1002 440 1035 460 ac
1061 432 1095 460 de
1111 432 1145 463 iis
1160 440 1221 467 quae
1239 436 1354 460 tractata
1375 432 1450 459 fuere
1468 432 1495 459 in
1521 431 1624 467 synodo
1636 429 1701 457 Flo-

28 472 33 478 ’
65 476 247 504 rentina.Ex
271 477 313 505 his
341 476 451 512 colligo,
475 477 604 512 anonymi
620 476 778 504 Orationem
803 477 836 504 de
866 476 1033 513 purgatorio,
1051 483 1066 503 a
1085 476 1222 504 Salmasio
1251 475 1327 511 operi
1351 475 1382 502 de
1398 475 1518 503 Primalu
1536 475 1701 506 subnexam,

66 517 157 547 Marci
171 519 301 555 Ephesini
321 528 375 548 non
393 528 462 554 esse,
479 525 509 548 ut
537 527 624 555 nuper
653 519 750 554 scripsi
781 520 808 547 in
843 519 979 548 Observat.
1001 521 1083 547 sacris
1107 524 1136 547 et
1151 519 1179 547 in
1203 519 1367 546 Bibliotheca
1385 519 1493 546 selecto.
1518 517 1701 551 Quaerendum

66 564 178 597 itaque,
200 563 279 597 cujus
293 563 350 592 haec
368 564 456 591 oratio
483 564 519 592 sit
542 563 674 592 auctoris.
690 563 744 591 Alii
769 571 836 591 sane
863 561 978 592 Nicolao
1004 563 1149 597 Cabasilaz,
1168 563 1214 591 alii
1229 563 1291 590 Nilo
1315 562 1558 590 Thessalonicensi
1573 569 1633 589 eam
1650 560 1701 588 tri-

68 606 173 634 buunt.
193 616 202 632 ι
221 606 304 634 Hann.

108 650 146 677 17
175 649 312 686 Professio
328 651 391 686 ﬁdei
408 651 434 678 in
451 647 570 678 co'ncilio
584 650 746 678 Florentino
758 651 863 686 pridem
877 652 993 687 scripta,
1015 651 1062 679 sed
1093 651 1203 678 demum
1223 650 1305 685 paulo
1322 655 1385 678 ante
1409 650 1514 678 obitum
1528 649 1621 682 redita,
1635 648 1702 676 inei-

70 694 114 728 pit
129 702 138 721 :
160 694 233 728 Ἐγὼ
249 695 282 730 τῇ
295 695 342 721 τοῦ
356 694 424 721 Θεοῦ
443 695 535 730 χάριτι
549 695 684 729 δόγμασιν
698 695 806 730 ἐντραφς

967 703 1012 722 τιν.
1027 694 1205 730 Oppugnavit
1222 692 1372 729 Gregorius
1387 693 1619 728 Protosyncellus.
1636 691 1703 720 Vide

69 738 215 771 Allatium,
232 738 270 766 De
284 746 422 771 consensu,
441 746 503 774 pag.
522 737 584 770 931,
600 738 653 766 935
667 743 695 766 et
707 739 772 772 280,
786 738 848 771 285,
863 738 1025 767 309.1%“.
1037 738 1159 774 Mosqure
1187 739 1216 766 in
1234 739 1314 767 codd.
1330 738 1429 774 synod.
1448 738 1481 765 13
1501 743 1528 765 et
1548 738 1612 771 351,
1630 745 1658 765 ιι.
1674 737 1703 764 2.

72 783 106 810 ν.
123 782 244 810 ΗΜ.ιὶιωί
263 783 282 810 l.
296 790 322 810 c.
339 791 366 818 ρ.
386 783 421 811 29
435 787 462 810 et
474 783 540 817 232,
554 783 600 811 ubi
623 783 666 811 bis
690 790 808 811 memora

965 791 992 818 pe
1019 791 1048 810 n.
1073 783 1102 816 2,
1119 782 1204 810 Marci
1217 798 1253 803 —
1265 782 1395 817 Eugenici
1423 782 1472 808 καὶ
1486 782 1547 808 νέου
1563 781 1701 816 θεολόγου,

63 821 122 853 ’τοῦ
142 826 347 862 ἀνατρέψαντος
372 827 422 862 τὴν
436 827 556 862 ἄθεσμον
582 827 611 854 ὲν
635 827 791 863 Φλωρεντίᾳ
806 827 924 865 σύνοδον,
942 827 1073 863 ὁμολογία
1101 828 1222 859 πίστεως
1233 835 1240 842 '
1264 826 1337 861 Ἐγὼ
1354 827 1388 862 τῇ
1400 825 1447 852 τοῦ
1466 825 1533 852 Θεοῦ
1549 826 1657 862 χάριτι·
1672 833 1705 852 ac

72 879 103 897 ιι.
118 871 151 898 ’4.
169 870 224 897 Τοῦ
238 870 323 898 αὑτοῦ
335 871 418 906 ἑτέρα,
434 871 566 906 ὁμολογία
579 871 698 902 πίστεως
709 878 719 888 ο
743 871 808 905 Ἐγὰ

967 871 1007 898 εοῦ
1023 871 1127 907 χάριτι.
1141 870 1169 898 In
1185 870 1337 906 posteriore
1351 870 1412 898 cod.
1428 874 1470 898 est
1487 867 1596 905 queque
1611 878 1639 897 n.
1660 869 1703 902 14,

72 913 165 941 Marci
183 914 285 950 Eugen.
296 914 429 950 διαθήκη·
450 915 505 943 inc.
523 915 661 950 Βούλομαι
675 914 808 950 πλατύτεε

968 924 990 951 ιν
1000 916 1124 950 γνώμην.
1144 914 1236 950 (Conf.
1253 914 1286 942 ad
1312 923 1338 941 η.
1355 914 1395 950 7.)
1409 929 1445 935 —-
1472 913 1572 941 Oxonii
1592 914 1620 941 in
1636 913 1704 941 bibl.

71 958 182 986 Bodlei.
195 958 254 986 cod.
274 958 386 986 Barocc.
404 957 466 987 1M.
480 973 516 979 —-
527 959 596 987 ibid.
614 959 639 986 in
651 958 714 986 eod.
729 958 773 987 ιο.
791 959 807 986 S

995 958 1022 991 5,
1048 959 1106 987 sive
1120 967 1149 987 τι.
1164 959 1246 992 3377,
1271 957 1333 987 Cat.
1359 965 1427 985 mss.
1452 956 1556 992 Anglia:
1575 957 1630 984 vol.
1644 956 1665 990 l,
1680 961 1705 983 et

72 1011 102 1038 p.
122 1002 188 1035 268,
203 1010 230 1030 n.
249 1004 281 1030 14
294 1008 322 1031 et
339 1003 382 1036 15,
402 1004 429 1030 in
443 1003 615 1031 Adversariis
629 1003 694 1031 Ger.
716 1003 871 1038 Langbatni.
889 1003 961 1031 Add.
987 1004 1019 1030 ad
1042 1012 1069 1031 n.
1082 1004 1108 1037 5,
1131 1008 1159 1031 et
1173 1011 1270 1038 supra,
1298 1003 1325 1030 in
1343 1003 1370 1030 h.
1398 1003 1453 1031 vol.
1466 1010 1496 1037 p.
1511 1002 1574 1034 391,
1587 1006 1657 1030 sect.
1678 1003 1705 1029 1.

74 1048 169 1074 l’aris.
201 1047 230 1075 in
256 1047 323 1076 bibl.
355 1047 430 1084 publ.
460 1048 488 1075 in
518 1048 642 1083 quinque
670 1047 751 1075 codd.
781 1048 879 1082 partim
908 1048 1079 1080 memoratis,
1105 1046 1232 1080 n.1218,
1266 1046 1348 1080 1259,
1377 1045 1546 1080 1327,2075
1568 1049 1596 1074 et
1624 1045 1706 1073 3101.

75 1090 167 1119 11Αιιι..

115 1135 161 1163 18.
174 1135 317 1170 Ecphrasix
333 1135 454 1162 animum
466 1135 578 1170 agentis.
593 1132 665 1162 Citat
690 1133 807 1161 Allalius
824 1134 851 1161 de

969 1143 977 1162 )
1001 1140 1108 1166 octava.
1128 1142 1189 1170 pag.
1217 1135 1280 1163 511.
1307 1133 1354 1170 [Υ.
1370 1134 1490 1163 Bandin.
1518 1134 1581 1162 Cat.
1598 1133 1646 1161 cit.
1661 1132 1705 1165 lll,

76 1186 107 1212 ῃ.
122 1179 190 1216 105.
204 1183 233 1207 et
246 1188 273 1207 n.
288 1180 324 1206 27
337 1179 397 1214 cit.|

115 1224 160 1252 19.
178 1223 278 1252 Ultima
294 1225 371 1252 verba
386 1225 421 1252 ad
450 1225 615 1252 (.‘eunadium
636 1226 818 1254 Scholarium.
835 1223 902 1252 Vide
924 1230 1006 1257 Supra
1030 1231 1091 1258 pag.
1115 1222 1167 1250 336
1203 1223 1242 1259 [et
1259 1227 1319 1251 not.
1338 1230 1422 1258 supra
1447 1223 1481 1250 ad
1496 1222 1618 1256 initium,
1634 1225 1661 1250 et
1674 1221 1707 1248 ad

77 1273 110 1293 ιι.
129 1265 172 1301 7].
191 1266 313 1293 Meminit
330 1267 489 1294 Gennadius
501 1268 560 1302 ipse
574 1275 669 1302 supra,
683 1275 709 1302 p.
723 1267 786 1294 567.
1410 1299 1418 1301 ν

116 1309 162 1337 20.
180 1309 343 1343 Qumtiones
366 1311 518 1346 theologica.-
542 1318 594 1339 ms.
612 1311 640 1338 in
666 1311 729 1339 bibl.
747 1311 850 1339 Czesar.

976 1311 1009 1337 Ἡ
1027 1311 1074 1338 τοῦ
1102 1311 1168 1338 Υἱοῦ
1195 1311 1370 1346 προσηγορία
1393 1310 1441 1338 δύο
1456 1310 1545 1342 ταῦτα
1564 1309 1705 1345 σημαίνει.

77 1353 210 1382 Lambec.
226 1354 280 1387 Vll,
301 1363 328 1390 p.
347 1355 364 1383 3
390 1354 427 1391 [p.
443 1355 506 1383 239.
523 1356 594 1383 Kell.
625 1364 651 1383 u.
679 1355 707 1388 5,
722 1356 782 1383 cod.
801 1356 813 1383 0

971 1355 1042 1382 idin.
1072 1355 1133 1382 Cat.
1164 1355 1243 1385 citat.
1257 1354 1301 1388 111,
1320 1362 1347 1390 p.
1369 1354 1432 1388 106,
1448 1362 1477 1381 n.
1494 1354 1541 1387 21,
1563 1353 1627 1381 cod.
1663 1353 1707 1386 13,

79 1399 152 1433 plut.
170 1398 227 1434 74].

118 1442 163 1470 21.
180 1441 274 1476 Capita
289 1442 418 1474 LXVIII,
433 1448 526 1470 contra
538 1442 650 1470 luvresiu
667 1443 854 1478 Acindynislar

982 1442 1008 1469 in
1022 1442 1087 1470 bibl.
1103 1442 1239 1474 CanSarca,
1255 1442 1340 1477 incip.
1356 1442 1429 1477 Κεφ,
1444 1445 1479 1475 α’,
1495 1442 1527 1469 El
1541 1442 1641 1469 ταυτόν
1650 1441 1708 1468 ἐστι

76 1486 151 1513 Θεοῦ
168 1487 248 1513 οὐσία
265 1487 313 1514 καὶ
327 1480 463 1522 ὲνέρῇεια.
484 1486 611 1513 Lambec.
635 1485 667 1519 V,
684 1494 746 1521 pag.
759 1486 812 1513 226

972 1487 1078 1514 Kollar.
1092 1494 1119 1514 n.
1139 1487 1163 1519 1,
1183 1486 1246 1516 cod.
1263 1486 1343 1523 278].
1372 1487 1455 1514 Marci
1472 1487 1594 1521 archiep.
1609 1485 1708 1520 Ephesi

77 1535 181 1557 contra
198 1531 355 1562 hereticos.
385 1530 479 1558 Venet.
510 1530 537 1557 in
570 1529 638 1558 bibl.
662 1530 746 1558 Marc.
775 1537 834 1558 sec.
866 1529 1017 1559 Muntlauc.
1034 1531 1106 1559 Bibl.
1127 1531 1248 1558 biblioth.
1275 1540 1340 1560 mss.
1364 1540 1392 1567 p.
1412 1531 1476 1564 169,
1505 1531 1589 1559 E.——
1604 1531 1633 1559 ln
1646 1531 1709 1559 cod.

83 1573 199 1602 Coislin.
216 1573 279 1605 288,
293 1573 379 1601 Marci
397 1574 520 1601 monachi
536 1573 670 1601 adversus
685 1573 810 1601 Barlaam
827 1578 854 1601 et
873 1573 1046 1610 Acindynum
1074 1582 1171 1610 opusc.
1190 1575 1264 1611 quod
1284 1583 1327 1611 gr.
1351 1581 1379 1604 et
1394 1576 1442 1604 lat.
1456 1576 1542 1604 edidit
1559 1574 1710 1603 Montiauc.

78 1617 112 1645 in
126 1618 194 1645 bibl.
215 1617 330 1646 Coislin.
346 1626 373 1653 p.
387 1618 449 1651 101,
466 1626 528 1652 sqq.
544 1617 624 1645 Cunl.
642 1626 737 1651 supra,
757 1619 782 1645 iu
799 1618 828 1645 b.
845 1618 897 1646 vel.
917 1626 943 1653 p.
962 1619 1024 1646 507.
1043 1618 1127 1646 Ilua.

116 1661 164 1689 22.
184 1661 305 1690 Conone:
321 1667 379 1690 octo
395 1663 423 1690 in
439 1661 469 1690 S.
491 1661 626 1697 Virginem
652 1661 796 1696 Deipuram
819 1666 847 1689 ct
874 1662 927 1690 duo
940 1663 1045 1690 cantica
1069 1663 1097 1690 in
1118 1661 1149 1691 S.
1172 1658 1342 1697 Trinitatem,
1373 1671 1425 1691 ms.
1441 1663 1469 1691 in
1491 1663 1559 1691 bibl.
1574 1663 1711 1695 Caesarea,

84 1705 169 1740 incip.
182 1705 347 1741 Ἀρχόμενος
360 1707 481 1741 σήμερον
499 1705 546 1732 τοῦ
562 1706 731 1733 τελευταίου.
750 1705 817 1733 Lam

974 1719 987 1733 ν.
1005 1706 1059 1734 281
1082 1706 1122 1742 [p.
1143 1706 1205 1739 599.
1219 1714 1266 1742 seq
1291 1706 1360 1734 Koll.
1379 1708 1440 1734 cod.
1471 1707 1549 1743 32.1].
1574 1707 1663 1735 Paris.
1684 1707 1710 1734 in

82 1749 153 1777 bibl.
169 1749 243 1784 publ.
257 1749 340 1782 2075,
361 1749 438 1784 plura
468 1754 546 1781 sunt.
562 1758 623 1785 quas
639 1750 796 1778 summatim
809 1749 948 1783 indicabo,
961 1758 990 1777 n.
1008 1749 1054 1781 25.
1074 1749 1156 1777 Marci
1172 1750 1271 1785 Ephesi
1289 1750 1408 1783 Epistula
1425 1751 1457 1777 ad
1479 1758 1616 1778 summum
1646 1758 1713 1785 pon-
1734 1744 1742 1748 ’

83 1793 197 1820 tilicem.
212 1809 246 1815 —
262 1793 298 1821 N.
319 1794 364 1825 26.
389 1793 528 1821 Prolessio
554 1793 616 1821 lidei
628 1803 636 1826 ;
650 1808 684 1814 —
698 1793 729 1820 Ν.
746 1793 792 1825 27,
826 1793 953 1821 Carmina
971 1793 1046 1820 varia
1072 1793 1105 1820 ad
1138 1792 1318 1828 Euthymium
1338 1792 1521 1827 patriarcham
1536 1802 1543 1823 ;
1558 1807 1592 1812 —
1608 1791 1641 1819 N.
1665 1792 1712 1824 28,

83 1836 228 1872 Expositio
241 1837 378 1873 symboli;
397 1845 425 1864 ιι.
445 1837 492 1869 29,
507 1836 602 1873 hymni
622 1837 650 1864 in
670 1836 812 1870 Deiparam
825 1845 832 1869 ;
847 1851 882 1857 -
899 1836 932 1864 Ν.
948 1837 993 1870 50,
1018 1835 1135 1864 Homilia
1165 1837 1192 1863 in
1212 1837 1364 1864 orationem
1388 1836 1572 1864 Dominicam.
1600 1836 1631 1863 in
1649 1835 1711 1864 eod.

84 1880 150 1908 cod.
167 1880 253 1908 multa
270 1880 384 1908 Joannis
398 1880 528 1916 Eugenici
544 1887 644 1916 opuse.
666 1880 919 1915 deprehenduntur.

127 1920 226 1953 νὲνιιω
255 1926 295 1957 sl;
322 1926 407 1959 τάφον
432 1925 480 1952 τοῦ
504 1925 667 1952 διδασκάλου
694 1925 779 1960 κυροῦ
801 1925 861 1952 ἰωσ

987 1924 1152 1960 Bpuewlou;
1171 1924 1226 1954 inc.
1244 1925 1329 1952 Οὐδέν
1349 1934 1374 1951 τι
1393 1925 1486 1952 καινόν
1500 1933 1508 1958 ;
1525 1925 1551 1953 in
1564 1925 1626 1953 cod.
1640 1924 1712 1953 Mos-

84 1970 185 2004 qnensi
202 1970 300 2005 synod.
315 1969 379 2001 297.
395 1978 423 1997 n.
436 1969 464 1996 2.
477 1969 509 1997 ν.
525 1968 654 2002 Matthaei,
671 1969 688 1996 l.
706 1977 730 1998 c.
747 1977 774 2004 p.
792 1970 852 1997 192.
870 1968 957 1997 Hann.

121 2012 168 2039 23.
187 2012 278 2039 Sermo
295 2013 322 2040 in
345 2012 373 2039 S.
391 2012 460 2041 Elite
476 2013 544 2047 [esto
565 2012 592 2040 in
620 2013 703 2048 ofﬁcio
719 2014 855 2048 legendus,

976 2013 1048 2039 Ἔδει
1067 2013 1116 2048 μὲν
1129 2012 1239 2048 ἀληθῶς
1261 2013 1324 2048 ἡμῖν
1351 2012 1554 2048 οὐρανοδρόμου
1569 2013 1615 2040 τοῦ
1632 2013 1712 2048 λόγου

89 2056 303 2091 συνεπαρθῆναι.
320 2055 393 2084 Citat
408 2056 557 2092 Gregorius
574 2057 793 2092 protosyncellus
809 2056 938 2092 Apologia
953 2061 1048 2084 contra
1062 2056 1184 2084 Marcum
1198 2057 1297 2091 Ephes.
1313 2061 1380 2085 tom.
1395 2056 1465 2090 Xlll,
1483 2057 1583 2085 Concil.
1602 2057 1714 2091 Labbt-i,

86 2107 116 2136 p.
136 2099 198 2132 802,
213 2105 240 2128 et
254 2101 414 2136 rogantibus
427 2100 513 2128 Creta;
529 2101 625 2129 incolis
641 2101 773 2136 scriptum
792 2101 826 2128 ab
838 2108 870 2128 eo
888 2105 1002 2128 testatur
1019 2101 1069 2136 (ά).

125 2144 171 2172 21.
188 2144 226 2172 De
241 2145 357 2173 hominis
373 2145 556 2173 imbecillitate
571 2149 704 2174 tractatus
719 2145 767 2180 (ε).
787 2144 837 2173 Ms.
855 2145 883 2172 in
896 2144 964 2172 bibl.
979 2145 1150 2180 Augustam.
1167 2145 1218 2182 iv.
1234 2145 1341 2174 lleiseri
1357 2145 1416 2173 Ind.
1432 2153 1498 2173 mss.
1517 2145 1582 2173 bibl.
1598 2145 1712 2181 August.
1743 2178 1746 2181 Α

89 2196 118 2223 p.
133 2188 178 2216 89.
197 2188 293 2225 [lauru]

123 2233 170 2260 25.
186 2233 216 2260 In
232 2235 377 2261 orationem
401 2234 568 2261 Dominicam
602 2242 654 2263 ms.
673 2234 701 2262 ln
718 2234 785 2262 bibl.
818 2234 955 2267 Caesarea,
973 2238 1042 2262 teste
1071 2233 1207 2262 Nesselio.
1239 2233 1322 2262 FABR.
1345 2234 1418 2262 Part.
1444 2243 1479 2268 iv,
1496 2243 1524 2270 p.
1540 2235 1603 2268 110,
1621 2243 1648 2263 n.
1670 2235 1714 2269 13,

89 2277 152 2304 cod.
169 2276 230 2304 195.
245 2277 315 2304 Add.
332 2277 383 2304 ad;
397 2286 425 2304 n.
440 2277 486 2305 22.
508 2277 593 2305 Hanc.

124 2319 170 2348 26.
191 2319 284 2356 Imago
298 2321 466 2348 dormitionis
484 2321 514 2349 S.
531 2321 660 2355 Ephraim
674 2321 747 2357 Syri.
762 2321 819 2349 Inc.
842 2321 860 2348 κ

705 2321 747 2353 tri.
762 2321 819 2349 Inc.
842 2321 897 2348 Kal
912 2321 1009 2357 νεκρὸν
1025 2321 1097 2349 ἐστιν
1111 2322 1231 2349 ενταῦθα
1255 2322 1336 2349 ἰδεῖν·
1355 2323 1418 2350 item
1435 2331 1441 2349 :

123 2364 169 2391 27.
187 2363 278 2400 Imago
293 2367 418 2401 martyris
432 2367 551 2393 coronati
565 2375 575 2394 :
604 2365 666 2394 lnit.
681 2366 785 2401 Χαριεν
807 2367 857 2402 μὲν

977 2367 1002 2392 ιὶ
1011 2365 1232 2401 ἀγωνιζομένους
1243 2374 1250 2382 -
1269 2366 1434 2394 Florentintn
1450 2367 1476 2394 in
1494 2367 1555 2395 eod.
1570 2367 1653 2395 Laur.
1668 2368 1713 2402 21,

89 2415 119 2436 ιι.
136 2408 148 2435 1
163 2413 190 2435 et
205 2408 232 2438 2.
245 2409 314 2443 plut.
330 2409 356 2436 ι.
375 2409 405 2436 ν.
423 2408 550 2443 Bandini,
567 2408 628 2436 Cat.
645 2408 692 2437 cit.
713 2409 767 2437 vol.
789 2409 811 2440 l,
828 2417 854 2443 ι).
874 2409 926 2436 515
941 2417 1002 2444 seq.
1016 2425 1051 2430 —
1068 2408 1147 2437 Prior
1162 2410 1249 2445 imago
1275 2415 1317 2438 est
1331 2418 1439 2446 quoque
1455 2411 1521 2438 ibid.
1543 2411 1570 2438 in
1586 2411 1649 2439 cod.
1667 2413 1712 2445 13,

91 2460 120 2479 n.
140 2452 185 2485 1.1,
199 2453 266 2487 plut.
284 2453 328 2480 75.
347 2453 379 2480 V.
397 2452 510 2480 Bandin.
526 2453 543 2480 l.
563 2460 589 2480 c.
606 2453 652 2485 111,
667 2461 694 2488 p.
711 2453 773 2485 105,
787 2453 834 2480 ubi
846 2453 984 2488 opinatur.
1003 2453 1076 2480 illam
1092 2461 1154 2482 csse
1172 2453 1252 2486 forte,
1267 2462 1327 2489 qua:
1349 2462 1364 2481 τι
1384 2454 1511 2483 Fabricio
1525 2460 1621 2483 nostro
1641 2456 1713 2490 loco,

89 2503 120 2524 n.
136 2496 180 2529 18,
201 2497 252 2524 sub
269 2497 359 2528 titulo.
374 2497 522 2532 Ecphrasis
541 2498 659 2524 animant
676 2498 778 2533 agentis
796 2503 964 2525 recensetur.
984 2497 1069 2525 ΗΑιιι.

124 2541 172 2568 28.
187 2541 315 2577 Epilogus
334 2542 459 2569 adversus
483 2541 605 2569 Latinos.
631 2542 688 2569 Inc.
705 2542 792 2568 Τοῦτο
813 2541 844 2568 τὸ
868 2541 1021 2576 σύμϐολον;
1036 2541 1127 2570 Paris.
1148 2543 1175 2570 in
1197 2543 1265 2570 bibl.
1286 2542 1360 2577 publ.
1382 2542 1462 2571 codd.
1480 2542 1560 2575 1286,
1577 2551 1604 2570 n.
1626 2543 1670 2576 19,
1690 2548 1716 2571 ct

91 2584 171 2615 1295,
187 2593 215 2612 n.
226 2585 252 2612 9.
275 2585 303 2612 In
318 2592 435 2620 utroque
453 2586 548 2613 codice
567 2585 620 2613 alia
631 2585 713 2612 Marci
730 2585 796 2620 Eug.
816 2586 948 2620 opuscula
966 2586 1151 2621 reperiuntur,
1166 2591 1194 2614 et
1214 2588 1351 2622 quaedam,
1368 2595 1383 2615 a
1402 2586 1529 2615 Fabricio
1549 2587 1663 2622 omissa,
1682 2588 1716 2616 ad

90 2636 120 2656 n.
135 2627 163 2662 '1,
178 2632 205 2656 et
216 2630 316 2664 passim
332 2629 460 2657 iudicavi.
473 2644 508 2650 —
524 2629 562 2657 De
577 2629 696 2656 terminis
711 2630 780 2662 vitta.
798 2639 824 2658 ν.
840 2629 873 2656 ad
892 2637 918 2656 n.
932 2630 959 2656 5.
975 2629 1060 2657 ιιΑιιι..

121 2718 157 2774 (ρ)
173 2719 208 2757 Ειι
220 2720 275 2745 eod.
291 2719 435 2755 Monacensl
448 2720 582 2757 novissime
594 2720 674 2745 edidit
685 2721 743 2746 Alb.
754 2721 857 2745 lahnius

123 2751 132 2774 l
154 2751 161 2774 l
179 2751 244 2774 (itat
261 2755 336 2774 etiam
356 2750 609 2774 Pseudo-Geunadms
624 2753 649 2774 ln
667 2751 785 2774 Anoloaia
804 2757 847 2774 nro

567 2727 582 2745 θ
594 2720 674 2745 edidit
685 2721 743 2746 Alb.
754 2721 865 2745 lahnius.
1300 2731 1303 2734 -

567 2752 609 2774 lius
624 2753 649 2774 ln
667 2751 785 2774 Anoloaia
804 2757 847 2774 nro
865 2757 934 2774 conc.
955 2751 1076 2774 I-‘lorenl..
1092 2751 1182 2774 canitis
1199 2752 1213 2774 ι
1230 2755 1292 2774 sect.

123 2750 161 2782 (ιι)
179 2750 244 2776 (‘itat
261 2751 336 2776 etiam
356 2750 609 2777 Pseudo-Geuuadius
624 2753 649 2776 in
666 2751 785 2784 Apologia
804 2757 847 2782 pro
865 2757 934 2776 conc.
955 2751 1076 2783 Florenl.,
1092 2751 1182 2783 capitis
1199 2752 1213 2776 1
1230 2755 1293 2778 oeci.
1307 2754 1331 2778 3.

878 2836 916 2844 ..-
