1864 3058
83 158 101 186 Ῑ
108 158 166 188 (‘85

536 159 587 192 DE
603 160 781 191 CORPOHE
794 162 842 194 ΕΤ
853 162 1056 195 ὃΑΝϐυίΝΕ
1071 164 1240 197 CHRISTI.

1659 170 1727 200 1086

82 210 140 237 καὶ
152 210 200 245 τὴν
208 209 342 256 τσῦνάγίου
351 211 506 247 Πνεύματος
517 213 708 242 ἐπικαλοῦνται
717 216 807 250 χάριν,
817 234 818 237 η

990 225 1102 252 rantur:
1120 224 1214 256 postea
1228 229 1293 250 vero
1308 223 1460 251 orationem
1472 223 1610 256 adhibent,
1621 229 1648 251 et
1662 232 1726 252 san-

83 256 180 290 αὐτὴν
191 255 328 288 ἐλθοῦσαν,
339 257 374 284 τὰ
381 258 513 292 εἰρημένα
522 259 582 286 τότε
593 261 649 291 τοῖς
661 260 709 286 νῦν
722 261 889 296 ἐφαρμόσαι,

83 301 143 327 καὶ
158 301 193 327 τὰ
207 302 372 337 προκείμενα
382 303 534 337 τελειῶσαι,
551 304 598 331 καὶ
612 305 679 340 πρὶς
693 306 722 332 τὺ
732 306 891 333 δεσποτικὸν

84 347 177 382 σῶμα
188 348 234 375 καὶ
245 345 314 382 αἷμα
329 349 527 384 μεταποιῆσαι·
542 350 611 386 αὕτη
625 351 679 386 γὰρ
690 351 737 378 καὶ
751 352 779 378 ὲν
793 353 827 387 τῇ
838 353 890 387 μή-

84 401 149 428 τρᾳ
163 393 212 429 τῆς
225 394 363 430 Παρθένου
373 395 422 430 τὴν
433 395 564 431 θεοφόρον
575 397 682 432 ἐκείνην
705 399 890 433 συνεστήσατο

87 439 199 474 σάρκα,
215 441 286 467 κατὰ
309 441 340 468 τὸ
354 441 500 476 είρημινον
514 443 582 477 πρὸς
597 443 683 479 αὐτὴν
703 444 756 470 ὑπὸ
774 444 822 471 τοῦ
840 446 890 478 ἀγ-

86 485 179 519 γιλου
192 494 200 502 ο
234 487 356 522 Πνεῦμα
381 487 467 523 ἅγιον
483 488 680 518 ἐπελεύσεται
700 489 749 517 ἐπὶ
773 490 821 522 σὲ,
839 490 890 517 καί

87 531 226 566 δύναμις
245 534 394 567 ’Υψίστου
411 534 583 561 ἐπισκιάσει
601 544 662 563 σοι.
679 536 728 562 Διὰ
743 535 825 563 τοῦτο
841 535 889 562 καὶ

87 577 109 603 ὁ
133 577 220 611 μέγας
247 578 395 613 Βασίλειος,
416 579 485 612 μετὰ
512 579 542 605 τὺ
568 580 655 607 εἰπεῖν
678 580 714 607 τὰ
740 580 889 607 δεσποτικὰ

94 622 439 659 ῥήματαδιηγηματικῶς
454 626 492 658 ὡς
507 626 575 661 παρ’
592 626 675 653 αὐτοῦ
693 627 826 662 εἰρημένα
841 627 889 653 ἐπὶ

89 669 145 695 ’τοῦ
161 669 241 703 ἁγίου
262 669 388 704 σώματος
401 671 448 698 καὶ
464 671 588 707 αἵματος,
606 671 740 699 ἀντίτυπα
759 673 837 699 καλεῖ
853 673 888 699 τὰ

92 715 280 750 προκείμενα,
305 715 384 752 δῆλον
407 717 445 749 ὡς
466 718 550 754 μήπω
573 718 754 753 τετελεσμένα
769 718 813 746 διὰ
834 719 889 746 τῶν

96 760 234 795 ῥημάτων
260 761 385 795 ἑκείνων,
402 763 461 789 ἀλλ’
479 763 519 790 ἔτι
540 763 626 790 τύπον
646 764 707 791 τινὰ
731 765 778 792 καὶ
795 765 889 792 εἰκόνα

94 807 229 841 φέροντα.
251 808 306 834 Καὶ
334 808 420 841 οὕτως
442 810 523 841 εὐθὺς
540 811 637 844 ἐφεξῆς
663 810 694 837 τὸ
716 811 828 845 Πνεῦμα
857 811 888 837 τὸ

94 852 178 886 ἅγιον
192 853 280 881 ἐλθεῖν
292 854 449 890 ἐπεύχεται,
470 855 516 882 καὶ
527 856 664 888 ἀναδεῖξαι
681 856 727 882 τὸν
741 857 791 891 μὶν
806 856 888 891 ἄρτον

94 899 167 925 αὐτὸ
183 899 215 927 τὺ
236 900 328 935 τίμιον
348 901 439 935 σῶμα,
460 901 489 932 τὸ
506 901 534 928 δὲ
559 902 690 936 ποτήριον
706 902 773 929 αὐτὸ
799 901 829 928 τὺ
846 902 888 928 τί·
905 899 926 927 Β

97 953 164 979 μιον
179 942 260 981 αἷμα.
283 947 338 974 Καὶ
360 947 440 974 τοῦτό
464 956 496 981 γε
517 948 578 975 λίαν
602 949 714 980 εἰκότως
728 956 734 964 ·
761 948 888 983 καθάπερ

96 992 161 1026 γὰρ
173 992 220 1018 ἐπὶ
234 993 283 1027 τῆς
302 992 413 1028 πρώτης
424 994 531 1030 ἐκείνης
545 994 728 1030 δημιουργίας
742 994 823 1021 ἔλασε
839 994 889 1029 μὲν

96 1038 117 1073 ἡ
132 1037 169 1073 γῆ
185 1038 234 1074 τὴν
249 1041 297 1066 τοῦ
321 1039 481 1075 βλαστάνειν
503 1041 538 1068 τὰ
552 1041 581 1073 EE
603 1041 689 1077 αὐτῆς
713 1041 830 1076 δύναμιν
846 1040 890 1068 διὰ

97 1085 150 1112 τοῦ
166 1086 238 1112 θείου
256 1088 481 1121 προστάγματος,
497 1088 546 1114 καὶ
560 1088 590 1114 το
605 1089 774 1124 πρόσταγμα
789 1089 889 1121 ἐκεῖνο,

98 1131 174 1159 καθά
198 1141 281 1168 φησιν
300 1133 314 1160 ὁ
339 1134 421 1165 αὐτος
447 1134 620 1167 διδάσκαλος,
649 1135 832 1170 ἐναπομείναν
855 1136 889 1171 τῇ

98 1181 150 1214 γῇ.
167 1179 216 1214 τὴν
232 1179 279 1206 τοῦ
305 1179 466 1214 βλαστάνειν
488 1181 556 1215 αὐτῇ
583 1181 717 1215 διηνεκῶς
740 1181 891 1216 παρέχεται

98 1226 219 1261 δύναμιν
231 1234 238 1243 ο
255 1226 335 1261 χρεία
349 1226 377 1253 δὲ
396 1227 471 1261 ὅμως
495 1227 541 1253 καὶ
557 1227 697 1262 ἡμετέρας
717 1227 888 1262 ἐπιμελείας,

100 1272 150 1300 καὶ
161 1271 324 1308 γεωργικῶν
341 1273 442 1308 χειρῶν
458 1273 497 1304 είς
511 1275 539 1299 τὸ
560 1272 761 1308 τελεσιουργεῖν
775 1274 810 1300 τὰ
823 1273 890 1307 φυό-

103 1327 174 1352 μενα
186 1327 193 1334 ·
210 1318 256 1345 τὸν
277 1318 360 1345 αὑτὸν
383 1318 485 1353 τρόπον
500 1319 547 1345 καὶ
572 1319 587 1345 ὁ
604 1319 684 1353 λόγος
708 1319 799 1351 οὗτος,
817 1319 891 1352 ﬁxae

101 1364 198 1400 ῥηθεὶς
211 1364 264 1391 ὑπὸ
279 1364 326 1390 τοῦ
341 1364 479 1399 Σωτῆρος,
495 1364 533 1396 ὡς
547 1365 594 1391 καὶ
610 1366 624 1391 ὁ
643 1365 714 1396 Θείός
736 1373 803 1400 φησι
818 1365 892 1399 Χρυ-

102 1410 250 1445 σόστομος,
269 1410 313 1438 διὰ
339 1412 440 1442 παντὸς
463 1411 588 1445 ἐνεργεῖ·
614 1412 743 1446 συνεργεῖ
767 1411 796 1438 δι
817 1412 892 1446 ὅμως

102 1458 151 1484 καὶ
166 1458 182 1492 ἠ
195 1457 244 1492 τῆς
263 1456 337 1487 θείας
362 1456 515 1492 ἱερωσύνης
534 1457 650 1492 δύναμις
674 1457 718 1484 διὰ
737 1457 787 1492 τῆς
806 1457 891 1492 εὐχῆς

102 1504 152 1529 καὶ
163 1503 213 1537 τῆς
228 1503 354 1537 εὐλογίας
370 1504 410 1535 είς
426 1503 477 1538 τὴν
497 1503 551 1530 τῶν
566 1504 758 1538 προκειμένων
780 1503 891 1530 τελείω-

103 1559 147 1578 σιν
156 1558 163 1566 ·
174 1550 244 1586 αὕτη
254 1550 309 1585 γὰρ
319 1550 366 1577 καὶ
378 1550 408 1577 τδ
419 1549 467 1577 τοῦ
479 1549 667 1586 βαπτίσματος
677 1549 748 1585 ὕδωρ
761 1550 791 1576 ὃν
798 1549 892 1581 ἁπλῶς
906 1571 928 1601 c

102 1599 136 1626 be
161 1598 210 1626 τοῦ
241 1599 405 1634 φαινομένου
434 1598 526 1634 πάσης
555 1598 694 1633 ἁμαρτίας
726 1597 892 1633 καθαρτικὸν
907 1589 928 1601 “⁴

102 1644 302 1681 ἀπεργάζεται,
316 1645 365 1672 τοῦ
382 1643 455 1672 θείου
474 1643 633 1679 Πνεύματος
650 1644 817 1679 ἀθεωρήτως
830 1652 893 1670 συν·

101 1693 247 1728 τρέχοντος
259 1700 267 1708 ο
283 1692 354 1727 αὕτη
367 1692 414 1719 καὶ
425 1692 457 1718 τὸ
473 1692 579 1726 χρίσμα
599 1691 646 1718 τοῦ
665 1691 753 1727 μύρου
767 1690 815 1717 καὶ
828 1690 893 1720 τοὺς

103 1739 190 1773 ἱερεῖς
205 1737 305 1769 αὐτοὺς
320 1737 367 1764 καὶ
381 1737 467 1764 τᾶλλα
488 1737 579 1764 πάντα
593 1737 643 1771 τῆς
662 1735 825 1770 Ἐκκλησίας
841 1743 894 1769 μυ-

104 1785 206 1820 στήρια
229 1783 414 1819 τελεσιουργεῖ
439 1782 483 1809 διὰ
503 1783 553 1816 τῆς
579 1782 629 1809 τοῦ
648 1782 787 1817 παναγίου
807 1781 892 1808 Ilvati-

106 1840 193 1867 ματος
216 1830 340 1866 χάριτος.
365 1829 402 1857 οὒ
418 1828 508 1855 τοίνυν
534 1829 567 1863 τῇ
584 1827 708 1864 ἡμετέρᾳ
735 1828 802 1863 εὐχῇ
827 1827 895 1863 θαρ-

106 1878 237 1914 ροῦντες,
267 1876 328 1903 οὐδὲ
354 1875 409 1903 τῶν
436 1874 569 1911 ῥημάτων
597 1873 710 1901 ἐκείνων
741 1871 894 1907 ἀδυναμίαν

105 1922 381 1958 καταγινώσκοντες,
403 1920 579 1960 ἐπευχόμεθα
606 1919 662 1951 τοῖς
688 1918 893 1954 προκειμένοις,

105 1971 154 1998 καὶ
169 1970 254 2001 οὕτως
279 1969 351 1996 αὐτὰ
367 1967 540 1995 τελειοῦσθαι
565 1964 743 2000 πιστεύομεν,
757 1964 826 1992 ἀλλὰ
848 1964 894 1991 καὶ

106 2018 141 2045 τὰ
155 2017 270 2053 ῥήματα
289 2014 338 2050 τὴν
354 2014 460 2045 οἰκείαν
476 2013 576 2046 σώζειν
594 2010 785 2046 ὁμολογοῦμεν
802 2010 893 2045 ἰσχὺν,

107 2065 153 2092 καὶ
174 2065 224 2098 τὴν
238 2063 289 2098 τῆς
302 2062 379 2093 θείας
397 2060 548 2096 ίερωύνης
559 2059 752 2094 ἐπιδείκνυμεν
765 2058 892 2093 δύναμιν,

106 2110 285 2146 τελειωτικὴν
305 2109 389 2137 οὖσαν
407 2108 509 2140 παντὸς
535 2107 688 2143 μυστηρίου
701 2107 734 2141 τῇ
749 2105 895 2140 ἐπικλήσει

106 2158 155 2185 τοῦ
167 2158 202 2185 δι’
222 2157 309 2192 αὐτῆς
326 2148 503 2190 ἐνεργοῦντος
522 2155 601 2188 ἁγίου
628 2153 787 2188 Πνεύμστος
799 2160 806 2168 ·
823 2151 895 2179 οὓτω

107 2203 161 2238 γὰρ
177 2203 224 2229 καὶ
248 2203 262 2228 ὁ
275 2203 347 2233 θεῖος
363 2200 557 2237 Χρυσόστομιις
572 2198 650 2230 αὖθις
673 2200 702 2226 ὲν
718 2198 756 2233 τῷ
772 2197 840 2232 Περὶ
855 2197 895 2225 ιε-

106 2249 247 2284 ρωσύνης
266 2248 352 2284 τρίτῳ
372 2247 438 2283 περὶ
455 2246 540 2274 αὑτοῦ
563 2245 658 2272 τούτου
676 2245 767 2272 τοιάδε
789 2245 873 2280 φησίν
885 2253 892 2261 ·
911 2245 933 2272 D

112 2305 121 2322 ι
143 2296 279 2329 Ἕστηκεν
303 2295 318 2321 ό
338 2293 439 2329 ἱερεὺς,
458 2293 488 2320 οὺ
504 2292 560 2328 πῦρ
580 2292 755 2327 καταφέρων,
774 2290 844 2318 ἀλλὰ
867 2291 897 2317 τὸ

110 2341 220 2377 Πνεῦμα
234 2341 263 2367 τὸ
279 2341 366 2375 ἅγιον,
382 2340 429 2367 καὶ
443 2339 495 2375 τὴν
510 2339 652 2374 ἱκετηρίαν
669 2339 784 2365 ἐπιπολὺ
811 2338 898 2364 ποιεῖ-

108 2396 164 2420 ται,
189 2386 238 2421 οὐχ
257 2387 300 2412 ἵνα
310 2394 350 2416 τις
363 2385 489 2419 λαμπὰς,
514 2383 618 2410 ἄνωθεν
636 2383 762 2416 ἁφθείσα,
782 2390 900 2408 κατανα-

110 2434 186 2470 λώσῃ
211 2433 244 2459 τὰ
262 2431 441 2467 προκείμενα,
464 2430 522 2457 ἀλλ’
537 2429 570 2456 ἶν’
586 2430 602 2464 ἡ
626 2426 899 2463 χάρις,ὲπιτιεσοῦσα

109 2481 142 2515 τῇ
155 2478 246 2514 θυσίᾳ,
259 2477 292 2504 δι’
307 2477 414 2512 ἐκείνης
425 2476 474 2508 τὰς
487 2476 615 2503 ἁπάντων
631 2474 721 2510 ἁνάψῃ
734 2474 835 2509 ψυχὰς.
851 2473 900 2500 καὶ

110 2527 244 2563 ἀργυρίου
255 2525 451 2561 λαμπροτέρας
462 2523 590 2558 ἀποδείξῃ
603 2522 817 2556 πεπυρωμένου.
827 2519 899 2546 Ἀλλ’

110 2574 166 2601 οὐδ’
178 2572 346 2609 ἀμφιϐολίαν
362 2571 422 2599 τινὰ
440 2571 486 2599 καὶ
499 2569 611 2605 ἀδηλίαν
634 2568 800 2604 εὐχομένους
825 2568 899 2602 ἡμᾶς

112 2619 276 2647 ὑποπτεύειν
291 2618 392 2653 χρεὼν,
405 2617 489 2644 αὐτοῦ
506 2615 552 2643 τοῦ
566 2615 726 2650 θειουμένου
745 2614 793 2640 καὶ
813 2621 898 2649 μετα-

111 2665 317 2702 λαμϐανοςιένου
337 2665 474 2691 Δεσπότου
499 2662 678 2692 κελεύσαντος
703 2661 784 2688 τοῦτο
809 2659 898 2686 ποιεῖν

112 2712 195 2748 ἡμᾶς’
223 2710 318 2739 Τοῦτο
344 2710 410 2745 γὰρ,
436 2709 513 2744 φησὶ,
536 2707 649 2735 ποιεῖτε
674 2708 718 2740 εις
741 2706 799 2741 τὴν
822 2705 900 2741 ἐμὴν

113 2758 307 2793 ἀνάμνησιν-ο
329 2757 378 2784 καὶ
401 2755 638 2790 ἐπαγγειλαμένου
662 2754 761 2782 δώσειν
786 2752 900 2786 Πνεῦμα

115 2807 192 2840 ἅγιον
213 2806 270 2836 τοϊς
293 2803 414 2831 αίτοῦσιν
438 2803 504 2831 αὐτὸ
531 2803 627 2833 ἅπασι,
652 2801 717 2836 μήτι
732 2808 764 2834 γε
784 2798 898 2834 ἱερεῦσι,

117 2853 162 2880 καὶ
179 2852 283 2888 σφόδρα
296 2859 329 2884 γε
351 2850 514 2886 βουλομένου
529 2848 608 2875 τοῦτο
622 2847 684 2874 καθ’
705 2846 824 2880 ἑκάστην
842 2846 900 2871 επι-

117 2899 249 2927 τελεῖσθαι
267 2898 331 2931 παρ’
347 2897 436 2934 ἡμῶν,
463 2896 499 2927 ὡς
516 2896 559 2923 διὰ
575 2894 684 2922 πάντων
705 2893 768 2928 ἑξῆς
783 2891 898 2927 ἀναμί-

942 265 978 293 cti
994 266 1113 301 Spiritus
1123 268 1239 302 gratiam
1253 268 1390 302 invocant.
1422 276 1452 298 ut
1478 278 1510 296 ea
1541 271 1728 304 acccdcos,ea

940 316 1070 345 quaetqu
1082 312 1154 340 dicta
1164 319 1237 346 sunt.
1255 315 1339 343 rebus
1366 317 1548 350 praesentibus
1574 324 1729 345 accommo-

941 354 996 387 det,
1007 359 1035 383 et
1047 357 1186 392 proposita
1199 358 1272 387 dona
1299 360 1432 394 perﬁciat,
1455 361 1538 396 inque
1556 362 1728 390 Dominicum

941 409 1038 436 corpus
1053 407 1081 430 et
1105 405 1266 438 sanguinem
1299 412 1451 434 convertat.
1467 408 1528 443 Ipsa
1553 408 1625 436 enim
1647 412 1673 435 et
1701 408 1728 435 in

939 451 1019 476 utero
1063 449 1183 485 Virginis
1217 451 1347 480 deiter-am
1380 453 1454 481 illam
1491 454 1644 488 procreavit
1670 461 1730 481 car-

941 496 1102 530 nem,jttxta
1118 498 1196 531 illud,
1210 499 1282 534 quod
1295 500 1320 527 ei
1351 501 1385 527 ab
1417 501 1514 536 angelo
1540 501 1642 528 dictum
1661 505 1703 528 est
1717 510 1725 528 :

943 552 953 569 ο
967 544 1088 578 Spiritus
1114 551 1225 574 sanctus
1241 547 1414 580 superveniet
1441 549 1466 575 in
1483 553 1521 581 te,
1544 552 1570 576 et
1583 549 1670 576 virtus
1683 547 1730 574 Al-

941 590 1039 618 lissimi
1054 591 1228 619 obumbrabit
1241 593 1302 620 libi.
1317 603 1326 619 ι
1346 594 1448 621 Idcirco
1477 598 1504 621 et
1522 601 1637 628 magnus
1649 594 1729 621 Basi-

940 637 1002 668 lius,
1031 641 1092 672 post
1119 639 1230 666 recitata
1250 639 1355 666 Domini
1395 641 1487 673 verba,
1513 645 1543 668 ut
1573 649 1587 668 a
1612 648 1642 668 se
1657 640 1729 668 dicta

940 690 1021 718 super
1035 687 1131 711 sancto
1152 691 1269 719 corpore
1284 689 1312 712 et
1334 686 1477 720 sanguine,
1494 687 1616 721 antitypa
1651 691 1731 714 vocat

939 730 1079 764 proposita
1094 730 1176 762 dona,
1202 730 1332 758 nimirum
1355 732 1434 766 quasi
1461 732 1582 759 nondum
1608 731 1730 767 perfecta

939 782 988 811 per
1020 782 1051 802 ea
1091 775 1187 808 verba,
1233 783 1326 803 verum
1370 777 1459 804 adhuc
1505 781 1600 812 typum
1634 784 1732 811 quem-

940 821 1002 849 dam
1019 826 1046 849 et
1061 821 1207 857 imaginem
1224 821 1350 850 ferentia.
1365 822 1459 857 itaque
1475 823 1605 857 deinceps
1636 823 1729 850 statim

941 867 1060 901 Spiritus
1082 872 1193 895 sanctus
1209 868 1336 895 adveniat
1351 875 1489 903 precatur,
1520 868 1659 903 iaciatque
1681 876 1730 903 pa-

941 921 1002 941 nem
1023 913 1135 948 quidem
1167 914 1257 949 ipsum
1291 914 1442 949 pretiosum
1474 922 1583 950 corpus,
1614 914 1728 943 calicem

940 965 1030 987 autem
1062 960 1154 994 ipsum
1185 960 1340 995 pretiosam
1368 960 1538 994 sanguinem.
1551 960 1635 994 idque
1657 964 1731 988 certe

938 1006 999 1040 jure
1015 1007 1118 1040 optimo
1133 1014 1141 1032 ι
1155 1013 1216 1033 nam
1233 1005 1526 1039 quemadmadmodum
1543 1006 1570 1033 in
1583 1006 1626 1033 ilia
1643 1006 1729 1040 prima

939 1052 1034 1079 mundi
1050 1051 1238 1085 fabricatione,
1261 1056 1331 1079 terra
1349 1052 1531 1087 germinandi,
1556 1059 1617 1086 quae
1642 1051 1677 1078 ab
1697 1059 1730 1079 ea

940 1102 1093 1126 nascuntur
1115 1098 1168 1124 vim
1187 1101 1213 1124 et
1226 1097 1379 1132 potentia-ri
1395 1104 1444 1132 per
1458 1096 1580 1124 divinum
1609 1096 1732 1123 manda-

942 1148 999 1172 tum
1015 1144 1130 1179 accepit.
1160 1144 1244 1178 idque
1254 1145 1424 1174 mandatum.
1450 1142 1679 1178 quemadmodum
1693 1142 1731 1169 ait

942 1192 1012 1218 idem
1034 1191 1141 1222 doctor,
1167 1189 1194 1216 in
1211 1190 1269 1225 ipsa
1285 1194 1357 1217 terra
1374 1195 1536 1224 permanens
1553 1188 1678 1220 insitum,
1705 1187 1731 1215 ei

942 1237 996 1264 vim
1011 1236 1185 1272 gertninandi
1209 1240 1340 1270 perpetuo
1359 1234 1460 1269 praebet
1477 1243 1484 1261 :
1499 1241 1567 1269 opus
1581 1238 1622 1261 est
1640 1238 1729 1260 tamen

941 1287 969 1311 et
979 1286 1073 1310 nostra
1089 1289 1168 1313 cura,
1194 1281 1377 1316 agricolarum
1395 1279 1520 1307 manibus
1541 1278 1574 1306 ad
1591 1285 1622 1306 ea
1649 1278 1731 1313 perﬂ-

942 1329 1036 1357 cieuda
1050 1336 1110 1363 quae
1125 1328 1274 1364 producit:
1298 1326 1393 1354 eodem
1417 1325 1498 1353 modo
1513 1330 1540 1352 et
1565 1332 1656 1352 sermo
1680 1325 1731 1352 iste

942 1375 1026 1403 semel
1047 1375 1136 1403 editus
1156 1382 1171 1402 a
1189 1373 1345 1405 Servatore,
1363 1377 1392 1399 ut
1415 1371 1452 1398 ait
1472 1371 1552 1398 divus
1567 1370 1726 1405 Chrysosto-

943 1429 1015 1453 mus,
1031 1428 1139 1455 semper
1160 1424 1292 1454 operatur
1308 1418 1441 1452 :adiuvat
1475 1421 1566 1444 tamen
1591 1421 1619 1443 et
1644 1416 1729 1443 divini

943 1467 1090 1496 sacerdotii
1111 1466 1229 1494 facultas
1253 1464 1442 1493 intercedente
1456 1463 1581 1491 oratione
1594 1470 1627 1490 ac
1640 1462 1729 1490 bene-

943 1514 1072 1546 dictione,
1083 1513 1117 1541 ad
1135 1512 1335 1548 propositorum
1353 1510 1561 1545 perfectionem.
1579 1509 1641 1544 ipsa
1656 1508 1729 1536 enim

945 1564 972 1588 et
985 1559 1157 1595 baptismatis
1170 1565 1280 1593 aquam,
1312 1565 1372 1592 qua:
1387 1565 1456 1592 aqua
1485 1555 1647 1590 simpliciter
1659 1557 1731 1585 erat,

944 1614 992 1641 pro
1018 1613 1051 1632 co
1088 1605 1159 1640 quod
1194 1604 1352 1640 apparebat,
1390 1602 1512 1630 omnium
1556 1604 1731 1636 peccatorum

943 1651 1120 1687 expiatricem
1138 1650 1212 1683 facit,
1239 1651 1334 1677 divino
1349 1649 1454 1683 Spiritu
1476 1646 1650 1675 invisibiliter
1664 1653 1733 1673 con-

943 1702 1082 1726 currente.
1098 1697 1160 1724 lizec
1172 1701 1199 1724 et
1219 1696 1340 1723 chrisma
1358 1703 1412 1730 quo
1430 1695 1569 1728 ungimur,
1595 1697 1621 1720 et
1642 1699 1733 1720 sacer-

943 1744 1019 1771 dotes
1034 1743 1119 1778 ipsos.
1132 1747 1158 1770 et
1169 1742 1221 1769 alia
1239 1742 1330 1769 omnia
1343 1740 1470 1768 Ecclesiae
1500 1738 1629 1774 mysteria
1647 1745 1729 1772 pera-

944 1790 993 1825 git,
1017 1797 1065 1824 per
1082 1788 1254 1816 sacrosancti
1271 1787 1391 1822 Spiritus
1422 1785 1549 1821 gratiam.
1579 1783 1662 1818 Atqui
1677 1783 1732 1810 no‘n

944 1835 1060 1863 orationi
1073 1841 1155 1868 quam
1175 1833 1315 1861 fundimus
1333 1832 1512 1862 conﬁdentes,
1533 1837 1622 1865 neque
1643 1829 1734 1856 verbis

945 1882 999 1909 illis
1014 1886 1044 1908 ut
1066 1880 1265 1915 impotentibus
1285 1879 1470 1908 detrahentes.
1487 1876 1635 1911 propositis
1651 1875 1734 1903 donis

945 1926 1137 1961 adprecamur,
1154 1925 1248 1959 itaque
1258 1924 1317 1959 ipsa
1344 1922 1443 1951 conﬁci
1463 1921 1612 1952 credimus.
1644 1921 1690 1948 sed
1707 1925 1735 1947 ct

945 1971 1026 1999 verba
1043 1971 1101 2005 ipsa
1121 1970 1264 2005 proprium
1293 1968 1413 1996 retinere
1433 1967 1518 1994 robur
1532 1966 1680 1998 credimus,
1708 1970 1736 1992 et

944 2017 1030 2046 divini
1045 2015 1191 2044 sacerdotii
1208 2014 1365 2042 facultatem
1377 2013 1490 2049 insuper
1500 2012 1734 2044 demonstramus.

943 2060 1174 2098 qttazconliciendi
1197 2060 1282 2087 totius
1311 2059 1434 2094 mysterii
1461 2065 1508 2093 per
1535 2056 1735 2085 invocationem

946 2108 1063 2142 Spiritus
1100 2105 1187 2133 sancti
1217 2112 1264 2139 per
1288 2112 1348 2132 eam
1379 2105 1518 2139 operantis
1544 2104 1599 2131 vim
1626 2102 1736 2130 habeat.

947 2153 992 2181 Sic
1011 2153 1086 2180 enim
1116 2155 1143 2178 et
1170 2151 1251 2178 divus
1275 2150 1490 2185 Chrysostomus
1526 2149 1638 2184 pariter.
1667 2148 1737 2176 libro

948 2200 985 2227 De
1000 2199 1164 2230 Sacerdotio,
1186 2197 1238 2226 hac
1251 2197 1311 2232 ipsa
1327 2198 1360 2223 de
1383 2204 1412 2224 re
1426 2197 1488 2223 talia
1508 2196 1616 2231 inquit:
1635 2204 1645 2222 t
1658 2196 1737 2222 Astat

948 2246 1087 2279 sacerdos,
1103 2252 1158 2272 non
1169 2243 1258 2278 ignem
1274 2243 1432 2274 dcmilteus,
1446 2241 1494 2269 sed
1516 2241 1647 2276 Spiritum
1675 2248 1737 2268 san-

948 2297 1043 2321 ctum:
1070 2299 1102 2319 ac
1128 2289 1242 2325 supplex
1256 2289 1301 2316 diu
1317 2292 1455 2323 precatur.
1476 2295 1529 2314 non
1545 2292 1575 2314 ut
1591 2287 1681 2321 aliqua
1694 2286 1737 2313 fax

949 2338 1066 2372 desuper
1093 2342 1208 2363 accensa
1221 2338 1367 2362 consumat
1388 2332 1526 2368 proposita
1539 2332 1625 2364 dona,
1641 2331 1688 2359 sed
1709 2335 1737 2358 ut

949 2385 1034 2420 gratia
1055 2384 1081 2411 in
1096 2382 1213 2410 hostiam
1241 2381 1363 2415 delapsa.
1390 2387 1440 2413 per
1459 2386 1519 2405 eam
1548 2376 1738 2405 univcrsoru'ut

949 2430 1056 2457 animas
1078 2428 1219 2460 accendat.
1245 2431 1272 2454 et
1299 2429 1412 2460 argento
1429 2424 1514 2459 ἱειιὶιο
1538 2422 1738 2458 splendidiores

947 2475 1056 2503 etiiciat.
1066 2474 1119 2502 Sed
1131 2481 1220 2509 neque
1232 2472 1366 2500 limitatio
1377 2471 1430 2499 ulla
1440 2478 1472 2498 ac
1481 2469 1646 2497 iucertitudo
1659 2468 1738 2495 nobis

949 2521 1125 2556 precantibus
1141 2518 1312 2553 suspicanda
1327 2522 1450 2552 est,cum
1462 2516 1486 2543 is
1497 2515 1544 2550 qui
1559 2514 1702 2542 deiticttur
1712 2518 1738 2540 et

949 2565 1125 2602 participatur
1137 2564 1270 2592 Dominus
1285 2564 1336 2592 hoc
1355 2571 1403 2591 nos
1423 2562 1513 2590 iacere
1525 2560 1637 2597 iusserit
1654 2567 1662 2593 ;
1682 2559 1738 2586 Hoc

949 2610 1232 2645 snim,_ioquit,facits
1247 2611 1276 2637 in
1299 2617 1385 2636 meum
1408 2606 1739 2637 contmmorationem;et

951 2658 1106 2694 promiserit
1120 2665 1149 2685 ss
1162 2657 1292 2685 daturum
1319 2655 1452 2692 Spiritum
1466 2659 1592 2683 sanctum
1606 2652 1738 2682 munibus

952 2705 998 2740 qui
1011 2704 1140 2740 petierint
1155 2711 1229 2737 eum,
1250 2703 1349 2731 nedum
1376 2702 1565 2730 sacerdotibus
1589 2709 1596 2729 :
1619 2700 1739 2733 velitque

951 2752 1005 2780 hoc
1018 2750 1133 2785 singulis
1152 2750 1247 2778 diebus
1259 2749 1356 2777 conﬁci
1387 2755 1404 2776 a
1437 2748 1528 2780 nobis,
1553 2752 1583 2775 ut
1607 2746 1738 2779 deinceps

951 2805 999 2834 per
1011 2797 1102 2825 omnia
1112 2800 1291 2824 monstratur.
1307 2794 1385 2824 Tune
1405 2794 1485 2823 etiam
1501 2792 1627 2822 fortassis
1641 2799 1674 2819 ex
1688 2791 1739 2818 hoc

951 2844 1085 2880 baptisma
1098 2851 1206 2879 quoque
1227 2846 1386 2878 suspectum
1400 2841 1514 2873 habeas.
1525 2838 1597 2874 quod
1608 2836 1737 2872 precibus

952 2891 1052 2923 paritur
1066 2885 1149 2925 ﬁtque
1166 2888 1386 2917 invocationibus
1400 2885 1556 2919 coniicitur,
1573 2887 1600 2913 et
1610 2886 1736 2919 peccato-

1751 2929 1780 2944 ,οΓ
