1864 3058
131 167 200 198 1081

625 164 748 195 MARCI
767 163 926 195 EPHESH
945 144 1234 195 METROPOLlTiE‘

1688 156 1696 187 1
1701 158 1751 188 083

133 228 193 248 rum
207 220 406 252 remissionem,
435 228 469 247 an
482 227 546 247 vere
561 219 701 254 acceperis
717 219 869 246 dubitation

1015 229 1053 248 αι.
1068 221 1103 247 Ἤ
1120 220 1151 247 σύ
1168 229 1199 255 γε
1216 219 1296 254 τυχθιν
1319 219 1351 245 ὲκ
1374 218 1480 249 τούτου,
1506 216 1553 242 καὶ
1567 215 1596 241 ea
1614 215 1750 248 βὲπττςμτ

134 266 255 300 aliquam
272 266 383 296 habeas.
398 273 459 300 qum
475 265 522 292 tibi
536 264 698 292 sacerdotali
711 265 796 298 gratia
816 270 915 290 conce-

132 313 206 339 ditur
217 311 228 338 ἲ
239 311 358 345 itemque
373 312 425 338 alia
438 311 528 338 omnia
550 310 735 338 ecclesiastica
754 309 915 344 praescribas

132 357 262 392 mysteria
275 357 286 384 2
301 356 360 384 Non
375 357 410 384 ita
433 362 474 385 est
488 357 619 392 profecto,
635 363 687 383 non
704 357 739 382 ita
754 360 815 388 est;
831 355 915 382 lldelis

131 405 203 430 enim
224 404 269 437 qui
294 404 418 438 promisit
446 411 475 431 se
504 403 646 430 nobiscum
671 402 799 430 onmibus
821 401 915 428 diebus

132 449 264 481 futurum,
280 455 366 483 usque
381 449 414 475 ad
427 449 689 476 consummationem
711 446 815 474 saeculi-
827 447 916 481 Atque

131 502 182 522 nos
193 495 303 528 quidem
317 495 374 522 haec
392 502 406 521 a
419 495 523 521 sanctis
549 494 679 528 apostolis
694 497 720 520 et
741 500 836 520 eorum
851 500 916 520 sne-

131 541 287 568 cessoribus
300 541 464 576 accepimus,
484 545 511 567 et
523 541 559 567 ita
572 540 731 572 retinemus,
747 543 775 566 nt
785 547 798 566 a
808 543 916 566 senten-

132 587 167 612 tia
184 587 235 613 hac
248 586 383 614 dimoveri
409 593 589 619 nequeamus,
622 589 647 612 et
671 586 803 612 rationem
819 591 915 611 eorum

132 632 282 660 reddimus.
301 641 310 658 ›
327 632 405 665 Quod
430 636 520 659 autem
532 631 640 659 Domini
660 632 693 659 de
707 631 843 667 mysteriis
858 638 917 658 ser-

132 685 188 710 mo,
202 685 249 712 per
267 677 378 705 modum
397 677 564 705 recitationis
591 676 723 712 prolatus,
734 675 767 703 ad
779 677 916 703 donorum

131 723 374 752 sanctiﬁcationem
390 723 516 756 sulﬁciat,
529 731 611 750 nemo
625 721 824 757 apostolorum;
837 729 917 749 nemo

132 769 275 797 doctorum
292 770 393 797 dixisse
401 770 532 797 cernitur.
547 769 645 796 Verum
664 769 736 804 quod
754 769 797 796 ille
807 769 916 803 quidem

132 814 216 841 semel
229 814 320 842 abillo
332 814 467 849 prolatus,
481 815 530 841 hoc
539 814 598 848 ipso
610 814 682 849 quod
692 814 726 841 ab
742 813 786 840 illo
797 821 918 848 pronun-

134 860 218 887 tiatus
240 864 293 892 est,
308 861 420 895 perinde
436 865 517 895 atque
541 860 567 887 in
580 867 668 887 rerum
680 859 857 887 fabricatione
872 860 918 886 lia-

967 267 1180 300 ὑποπτεύσειας,
1207 267 1242 293 δι’
1265 265 1354 301 εὐχῶν
1386 264 1488 300 ὀμοῖως
1509 262 1558 288 καὶ
1584 261 1751 294 ὲπικλὴσεωυ

966 311 1165 346 τελειούμενον,
1192 312 1239 338 καὶ
1264 312 1314 347 τὴν
1339 309 1394 337 τῶν
1423 309 1565 344 ἁμαρτιῶν
1594 307 1703 341 ἄφεσιν.
1729 307 1752 330 εἳ

966 358 1074 392 ἀληθῶς
1095 357 1187 393 ἐδέξω,
1204 355 1352 390 δισταγμόν
1369 364 1430 382 τινα
1447 354 1541 390 σχοίης
1555 353 1600 379 διὰ
1618 352 1668 385 τῆς
1684 353 1751 385 ἱερτ-

966 404 1046 438 τικῆς
1056 404 1166 439 χάριτος
1179 403 1384 437 ἐπιδιδομένην,
1397 402 1445 428 καὶ
1462 401 1546 428 τᾶλλα
1562 398 1645 426 πάνθ’
1657 398 1752 431 ducito;

967 449 1183 483 ὲκκλησιαστικὰ
1211 448 1351 483 μυστήρια
1382 446 1575 481 διαγράψειας.
1611 443 1683 470 Ἀλλ’
1707 443 1752 468 οὖν

966 495 1024 521 ἐστι
1040 494 1138 527 ταῦτα,
1153 495 1202 520 οὐκ
1215 494 1284 520 ἔστι·
1303 493 1399 524 πιστος
1413 492 1467 526 γὰρ
1483 492 1496 518 ὁ
1511 489 1753 524 ἐπαγγειλάμενος,

968 541 1029 575 μεθ’
1043 540 1123 575 ἡμῶν
1149 539 1260 566 ἔσεσθαι
1284 539 1333 570 τὰς
1350 538 1459 573 ἡμέρας
1475 536 1598 567 ἁπάσας,
1624 535 1688 569 ἄχρι
1708 533 1753 567 τῆς

967 586 1123 618 συντελείας
1138 586 1186 614 τοῦ
1199 585 1306 617 αίῶνος.
1327 585 1423 619 Ἡμεῖς
1442 583 1493 619 μὲν
1503 581 1551 609 οὖν
1569 581 1659 608 ταῦτα
1682 580 1753 614 scapi

966 632 1021 659 τῶν
1041 632 1127 666 ἁγίων
1138 631 1298 658 ἀποστόλων
1309 630 1354 657 καὶ
1365 629 1419 656 τῶν
1431 628 1552 659 ἐκείνους
1567 626 1754 661 ικδεξιμένων

968 678 1182 713 παραλαϐόντες,
1212 678 1259 705 καὶ
1283 676 1438 712 κατέχομεν
1460 674 1686 709 ἀμεταποιήτως,
1711 672 1755 697 καὶ

967 724 1013 751 τὸν
1030 724 1194 759 γιγνόμενον
1210 722 1253 749 ἐπ’
1271 722 1363 753 αὐτοῖς
1378 720 1542 754 ἀποδίδομεν
1565 718 1658 752 λόγον·
1676 718 1715 744 ὅτι
1731 717 1756 743 δὲ

968 771 982 797 ὁ
1002 770 1049 796 τοῦ
1067 770 1171 804 Κυρίου
1189 769 1252 804 περὶ
1276 769 1330 795 τῶν
1355 767 1514 803 μυστηρίων
1529 766 1621 800 λᾶγος¹
1641 765 1671 791 ἐν
1692 764 1757 790 εῖδει

967 816 1122 851 διηγήσεως
1141 815 1300 850 λεγόμενος,
1318 814 1386 850 προς
1403 813 1538 847 ἁγιασμδν
1555 811 1651 846 δώρων
1667 811 1757 844 ἀρκεῖ,

968 862 1054 893 οὐδεὶς
1069 861 1129 888 οὔτε
1156 861 1211 888 τῶν
1237 860 1406 890 ἀποστόλων,
1428 858 1488 885 οὔτε
1510 858 1567 884 τῶν
1588 856 1758 883 διδασκάλων

133 906 206 933 bitus
225 913 316 934 sermo
327 913 436 941 semper
463 910 601 941 operetur,
629 906 680 933 hoc
705 905 742 932 ait
766 913 855 932 aurea‘

1019 908 1053 934 ὼν
1067 907 1200 941 φαίνεται.
1210 905 1281 933 Ἀλλ’
1298 905 1340 932 ὅτι
1359 905 1408 939 μὲν
1434 904 1507 936 ἅπαξ
1525 903 1572 930 ὑπ’
1588 902 1693 929 ἐκείνου
1711 903 1755 937 ῥη-

134 951 233 986 linguaa
243 950 373 979 Joannes.
383 952 460 985 Quod
476 959 540 979 vero
555 959 628 979 nunc
645 959 660 979 a
675 951 817 979 sacerdote
829 951 916 986 prola-

135 1001 189 1029 tus,
206 997 257 1025 hoc
280 997 340 1031 ipso
364 997 437 1032 quod
464 997 497 1024 ab
512 1004 546 1025 eo
572 997 687 1030 dicatur,
718 996 772 1024 hoc
793 996 919 1030 possit,a

134 1042 210 1070 nullo
223 1042 285 1070 licet
300 1043 419 1071 ediscere
432 1051 441 1071 :
472 1043 692 1078 quandoquidem
708 1050 757 1070 nec
771 1043 829 1074 ipse
841 1042 920 1077 opili-

132 1088 176 1115 cis
194 1092 326 1122 operatur
338 1095 439 1120 sermo.
451 1088 516 1123 quia
531 1088 558 1116 in
573 1088 699 1123 singulis.
719 1096 780 1123 qu:e
805 1088 872 1115 ﬂunt
885 1087 919 1115 ab

133 1134 226 1170 aliquo
239 1135 349 1162 homine
367 1134 500 1162 referatur
516 1142 524 1162 :
541 1134 587 1162 sed
603 1134 665 1169 quia
678 1134 763 1161 semel
776 1138 818 1161 est
835 1141 850 1160 a
864 1133 918 1161 Deo

134 1181 305 1208 enuntiatus.
330 1180 402 1213 Quin
434 1181 517 1208 etiam
543 1188 593 1208 nec
617 1180 668 1215 ipsi
692 1180 803 1214 quidem
828 1180 920 1207 dicent

134 1226 243 1259 operari
257 1225 429 1253 Dominicum
441 1227 566 1258 verbum,
593 1234 607 1253 a
632 1227 730 1261 quovis
757 1226 918 1260 simpliciter

133 1271 280 1306 prolatum,
296 1279 384 1306 neque
400 1272 502 1308 absque
517 1273 608 1300 altari.
625 1273 653 1300 Si
681 1273 763 1307 igitur
779 1272 920 1300 sacerdote

133 1322 176 1345 est
199 1326 266 1352 opus
290 1323 318 1346 et
348 1319 439 1350 altari.
468 1323 496 1347 et
517 1319 577 1347 aliis
602 1327 662 1354 quae
673 1319 706 1346 ad
732 1318 758 1346 id
771 1319 918 1353 pertinent,

134 1363 228 1397 quidni
241 1368 269 1392 et
278 1364 625 1399 precibus,benedictione.
645 1369 672 1391 et
687 1371 733 1399 per
745 1372 803 1392 eam
817 1364 920 1392 adven-

134 1414 162 1436 tu
175 1410 262 1437 sancti
279 1409 411 1444 Spiritus,
426 1410 575 1446 quiomnia
588 1410 695 1445 perlicit
709 1415 736 1438 et
746 1415 919 1439 consummat

134 1457 262 1491 mysteria
272 1457 283 1483 ί
292 1457 400 1489 Adhazc,
410 1464 486 1485 sacer
494 1457 538 1485 ille
549 1456 695 1492 Dionysius
704 1457 858 1485 testimonio
867 1465 918 1486 suo

133 1506 241 1530 unstros
255 1502 322 1530 ritus
333 1503 544 1531 conﬁrmaturus
559 1504 680 1532 accedat.
692 1503 721 1531 In
735 1504 837 1531 theoria
845 1503 916 1531 enim

134 1549 256 1582 mysterii
274 1557 408 1584 synaxeos
423 1557 430 1576 :
446 1559 455 1575 ι
469 1549 520 1585 Ubi
540 1556 630 1581 sacra,
646 1549 744 1584 inquit,
761 1549 809 1577 Dei
834 1557 916 1584 opera

970 952 1037 985 θεὶς,
1054 953 1127 988 αὒτῷ
1144 952 1182 987 τῷ
1197 952 1244 979 ὑπ’
1265 952 1371 978 ἐκείνου
1388 950 1514 986 ῥηθῆναι,
1533 949 1660 984 καθάπερ
1673 949 1687 975 ὁ
1710 948 1758 982 δή·

971 997 1130 1032 μιουργικὺς
1151 997 1237 1031 Λόγος
1256 997 1299 1023 ἀεὶ
1315 997 1431 1032 ἐνεργεῖ,
1455 995 1535 1022 τοῦτό
1560 1003 1645 1030 φησιν
1671 994 1685 1020 ό
1709 993 1759 1028 τὴν

969 1044 1092 1078 γλῶτταν
1116 1043 1233 1078 χρυσοῦς
1265 1043 1404 1076 Ἰωάννης.
1431 1042 1491 1068 Ὀτι
1510 1041 1538 1068 δὲ
1560 1040 1608 1067 νῦν
1634 1040 1688 1067 ὑπὸ
1711 1039 1760 1066 τοῦ

970 1089 1066 1124 ῑερέως
1080 1089 1239 1124 λεγόμενος,
1258 1089 1302 1116 διὰ
1317 1088 1349 1115 τδ
1371 1088 1418 1115 ὑπ’
1438 1086 1521 1115 αὐτοῦ
1534 1086 1664 1121 λέγεσθαι
1681 1085 1760 1112 τοῦτο

969 1132 1261 1170 δύναται,”οὒδαμόθεν
1287 1134 1344 1161 ἐστι
1370 1134 1477 1169 μαθεῖν·
1497 1134 1559 1161 ἐπεὶ
1580 1134 1635 1160 οὐδ’
1650 1133 1734 1164 αὐτὸς
1748 1134 1761 1159 δ

969 1181 1167 1217 δημιουργικδς
1193 1181 1278 1215 Λόγος
1301 1181 1419 1216 ἐνεργεῖ,
1445 1181 1486 1207 ὅτι
1512 1179 1556 1214 ἐφ’
1572 1180 1683 1213 ἑκάστῳ
1705 1178 1761 1204 τῶν

971 1227 1123 1262 γινομένων
1148 1227 1200 1254 ὑπό
1225 1235 1298 1257 τινος
1322 1226 1467 1261 ἀνθρώπου
1492 1226 1618 1259 λέγεται·
1637 1225 1697 1251 ἀλλ’
1719 1225 1761 1250 ὅτι

971 1274 1046 1300 ἐστὶν
1062 1273 1136 1306 ἅπαξ
1151 1274 1204 1301 ὑπὸ
1220 1273 1269 1300 τοῦ
1286 1273 1353 1300 Θεοῦ
1369 1273 1537 1308 εἰρημένος)
1550 1273 1606 1299 Καὶ
1625 1272 1680 1307 μὴν
1705 1271 1761 1297 οὐδ’

970 1319 1048 1349 αὐτοὶ
1063 1321 1196 1355 φήσουσιν
1214 1321 1337 1355 ἐνεργεῖν
1352 1320 1400 1346 τὸν
1417 1319 1578 1346 δεσποτικὸν
1598 1319 1690 1352 λόγον,
1707 1318 1762 1344 ὑπο

969 1368 1017 1394 τοῦ
1030 1367 1157 1402 τυχόντος
1172 1365 1266 1397 ἁπλῶς
1284 1365 1441 1400 λεγόμενος,
1455 1365 1509 1391 οὔδ’
1525 1365 1589 1392 ἄνευ
1607 1365 1761 1398 θυσιαστη-

971 1414 1041 1450 ρίου.
1070 1414 1099 1440 Εί
1125 1412 1215 1439 τοίνυν
1234 1412 1330 1447 ἱερέως
1356 1412 1456 1438 δεῖκαὶ
1483 1411 1691 1446 θυσιαστηρῖου,
1715 1411 1762 1436 καὶ

970 1460 1025 1487 τῶν
1041 1459 1128 1487 ἄλλων
1145 1459 1196 1486 ὅσα
1214 1459 1279 1493 πρὸς
1294 1458 1372 1484 τοῦτο
1388 1457 1528 1491 συντείνει,
1551 1458 1595 1484 διὰ
1614 1457 1641 1483 τί
1659 1458 1698 1492 μὴ
1715 1457 1762 1483 καὶ

969 1506 1057 1541 εὐχῶν
1080 1505 1188 1540 δεήσεις
1207 1504 1343 1539 εὐλογίας,
1360 1505 1407 1529 καὶ
1427 1503 1477 1538 τῆς
1498 1503 1533 1529 δι’
1549 1503 1635 1537 αὐτῆς
1653 1503 1761 1536 ἐπιφοι-

970 1553 1074 1588 τήσξως
1095 1552 1143 1579 τοῦ
1159 1551 1238 1586 ἁγίου
1264 1550 1442 1585 Πνεύματος,
1461 1550 1522 1585 ήτις
1547 1551 1638 1577 πάντα
1662 1550 1761 1577 τελευλί

133 1594 274 1623 bierarclia
289 1595 445 1628 celebravit,
459 1597 491 1623 ad
510 1596 741 1625 consecrationem
757 1596 860 1623 accedit

1028 1598 1182 1634 μυστήρια;
1207 1597 1280 1633 Πρὸς
1303 1596 1409 1628 τούτοις
1424 1596 1438 1622 ὁ
1454 1595 1526 1631 ἱερὸς
1542 1595 1683 1627 Διονύσιος
1705 1597 1756 1623 ἐπι

132 1640 208 1674 prius
218 1639 326 1675 quidem
338 1649 386 1674 pro
401 1649 432 1668 ea
442 1641 647 1668 excusationem
662 1640 918 1669 affertexclamaus:

135 1696 146 1712 ι
158 1686 197 1713 Tu
207 1687 299 1714 dixisti
311 1696 318 1714 :
330 1686 387 1714 Hoc
401 1688 480 1722 facile
493 1688 519 1714 in
533 1695 616 1714 nteant
629 1691 919 1721 commemorationem;

132 1733 195 1761 dein
207 1733 241 1761 ad
255 1734 433 1762 imitationem
443 1734 489 1761 Dei
504 1733 662 1769 compositae
679 1734 761 1768 hujus
776 1741 920 1762 consecra-

133 1780 322 1814 tionisdignus
361 1779 420 1806 fieri
451 1784 578 1814 precatur
605 1783 632 1806 et
656 1779 688 1805 ad
714 1778 919 1806 similitudinem

133 1828 220 1861 ipsius
229 1826 331 1854 Christi
345 1826 436 1854 divina
458 1833 600 1860 peragere.
614 1830 641 1853 et
660 1826 793 1861 impertiri
807 1826 921 1854 sanctis-

132 1875 221 1901 sime:
238 1881 270 1901 ac
283 1881 360 1901 sacra
377 1877 564 1907 percepturos,
580 1877 755 1900 sacrosancte
770 1873 919 1908 percipere.

134 1919 235 1947 Deinde
247 1919 287 1946 sic
303 1918 472 1945 divinissima
486 1918 590 1952 peragit
614 1925 703 1950 sacra,
722 1922 806 1953 atque
833 1918 920 1947 oculis

132 1965 239 1999 objicit,
257 1971 318 1999 quae
330 1964 478 1991 celebravit
493 1972 540 1998 per
566 1971 644 1991 sacra
677 1964 826 1998 proposita.
853 1963 919 1992 Nam

135 2019 205 2046 pane
216 2011 262 2045 qui
277 2014 389 2044 opertus
406 2015 464 2037 erat
481 2015 507 2037 et
523 2010 667 2042 indivisus,
686 2010 820 2045 patefacto
851 2016 877 2038 et
893 2011 919 2038 in

134 2056 235 2083 multas
246 2060 336 2090 partes
350 2055 505 2087 distributo,
518 2056 675 2090 unitateque
688 2057 781 2084 calicis
795 2057 921 2085 onmibus

133 2102 287 2137 dispertita,
320 2100 477 2136 symbolice:
503 2101 635 2129 unitatem
653 2103 813 2137 multiplicat
837 2108 864 2130 et
879 2103 921 2130 di-

134 2148 254 2176 stribuit.
273 2156 282 2174 I
303 2147 337 2174 Et
353 2151 413 2182 post
429 2154 513 2182 pauca
532 2156 538 2174 :
557 2157 566 2173 I
582 2146 711 2182 Percepta
727 2156 758 2175 ac
769 2149 831 2176 data
847 2156 921 2176 coin-

133 2193 265 2222 munione
279 2193 421 2221 bierarelia
442 2193 469 2220 in
496 2201 603 2222 sacram
620 2194 769 2229 gratiarum
787 2194 920 2222 actionem

133 2241 244 2269 desiuit.
260 2250 270 2267 ι

973 1644 1160 1679 μαρτυρήσων
1184 1642 1293 1678 παρίτω
1306 1643 1363 1674 τοῖς
1383 1641 1449 1676 παρ’
1467 1641 1547 1677 ήμῶν
1563 1641 1742 1676 τελουμένοις
1755 1648 1761 1656 ·

972 1691 1000 1717 ὲν
1014 1690 1068 1726 γὰρ
1081 1691 1113 1726 τῇ
1123 1689 1227 1725 θεωρίᾳ
1239 1689 1286 1716 τοῦ
1295 1689 1345 1724 τῆς
1357 1688 1493 1722 συνάξεως
1509 1688 1674 1724 μυστηρίου,
1692 1688 1761 1719 (Τὰς

972 1736 1059 1771 ἱερὰς,
1079 1736 1157 1771 φησι,
1174 1736 1317 1770 θεουργίας
1332 1737 1346 1762 δ
1357 1736 1489 1771 ιεράρχης
1502 1735 1638 1770 ὑμνήσας,
1652 1734 1700 1760 ἐπὶ
1714 1734 1760 1768 τὴν

972 1782 1130 1816 ἱερουργίαν
1145 1782 1266 1817 ἔρχεταυ
1281 1786 1328 1808 καὶ
1344 1781 1484 1816 πρότερον
1500 1781 1550 1815 μὲν
1567 1780 1638 1814 ὑπὲρ
1659 1780 1760 1814 ταύτης

971 1826 1143 1861 ἀπολογεῖται
1158 1828 1205 1854 καὶ
1219 1827 1330 1862 ἀναϐοᾷ,
1355 1828 1391 1854 Σὺ
1413 1825 1502 1859 εἶπας,
1536 1826 1626 1853 Τοῦτο
1651 1826 1760 1852 ποιεῖτε

971 1875 1015 1907 εις
1039 1874 1097 1908 τὴν
1117 1873 1195 1908 ἐμὴν
1218 1873 1410 1908 ἀνάμνησιν·
1433 1871 1493 1899 εἶτα
1517 1872 1566 1907 τῆς
1590 1871 1760 1905 θεομιμήτου

971 1920 1074 1955 ταύτης
1088 1919 1243 1955 ἱερουργίας
1259 1920 1333 1953 ἄξιος
1345 1919 1416 1946 αἰτεῖ
1429 1918 1567 1952 γενέσθαι,
1586 1917 1633 1944 καὶ
1648 1919 1682 1952 τῇ
1694 1918 1759 1952 πρὸς

971 1966 1089 2001 Χριστὸν
1109 1965 1280 2001 ἀφομοιώσει
1302 1965 1336 1991 τὰ
1351 1964 1410 1990 θεῖα
1423 1963 1568 1997 πανάγνως
1581 1963 1694 1989 τελέσαι
1716 1963 1759 1988 καὶ

971 2012 1118 2045 διαδοῦναι,
1145 2011 1190 2037 καὶ
1218 2012 1280 2042 τοὺς
1299 2010 1463 2046 μεθέξοντας
1490 2009 1662 2044 ἱεροπρεπῶς
1682 2016 1758 2042 μετα-

973 2059 1059 2093 σχεῖν.
1085 2055 1144 2085 Εἴθ’
1161 2056 1249 2088 οὓτως
1274 2056 1410 2092 ἱερουργεῖ
1433 2055 1468 2082 τὰ
1492 2054 1632 2085 θειότατα,
1655 2055 1701 2080 καὶ
1717 2053 1759 2080 ar:

971 2103 1032 2140 ὕψιν
1049 2105 1111 2138 ἄγει
1123 2103 1157 2130 τὰ
1175 2103 1320 2138 ὑμημένα
1333 2103 1378 2129 διὰ
1392 2102 1448 2128 τῶν
1466 2101 1547 2136 ίερῶς
1559 2100 1759 2135 προκειμένων·

971 2153 1017 2179 τὸν
1035 2152 1089 2187 γὰρ
1104 2151 1347 2186 ἐγκεκαλυμμένον
1364 2153 1410 2176 καὶ
1425 2149 1579 2184 ἀδιαίρετον
1595 2148 1679 2183 ἄρτον
1698 2148 1758 2173 ἀνα-

972 2197 1106 2233 καλύψας,
1123 2197 1163 2228 εἰς
1182 2196 1270 2224 πολλὰ
1285 2195 1393 2228 διελὼν,
1418 2196 1466 2222 καὶ
1481 2195 1509 2222 τὸ
1531 2195 1632 2222 ἑνιαῖον
1647 2194 1695 2220 τοῦ
1713 2203 1758 2220 πο-

972 2245 1066 2279 τηρίου
1083 2244 1151 2270 πᾶπι
1164 2243 1367 2278 καταμερίσας,
1383 2241 1555 2276 συμϐολικῶς
1578 2241 1627 2276 τὴν
1643 2240 1756 2276 ἑνότητα

134 2287 265 2323 πληθύνει
280 2289 326 2316 καὶ
340 2288 473 2324 διανέμει·
486 2299 495 2315 ι
506 2289 554 2316 καὶ
570 2288 629 2324 μετ’
642 2289 731 2323 ὀλίγα·
744 2297 754 2315 (
769 2289 921 2325 Μετασχὼν
939 2290 967 2318 δὲ
982 2292 1028 2320 καὶ
1047 2291 1179 2327 μεταδοὺς
1193 2293 1207 2318 ὁ
1243 2290 1384 2326 Ξεράρχης,
1409 2290 1450 2321 είς
1473 2289 1651 2325 εὐχαριστίαν
1685 2289 1758 2324 ἱερὰν

132 2335 298 2370 καταλήγει.
318 2344 328 2361 ι

168 2382 232 2410 Hau:
247 2381 335 2409 cuivis
347 2380 449 2408 volenti
465 2380 590 2407 contueri
617 2379 688 2412 licet,
722 2388 784 2408 cum
801 2381 904 2416 quibus

1020 2381 1098 2409 Ταῦτα
1114 2383 1230 2418 συνορᾷν
1248 2382 1336 2415 ἔξεστι
1365 2381 1402 2416 τῷ
1427 2380 1584 2416 βουλομένῳ
1601 2382 1693 2412 παντὶ,
1724 2380 1756 2407 τί·

133 2435 196 2455 nam
224 2427 408 2459 consentiant,
433 2426 503 2453 iisne
520 2432 581 2460 quae
606 2433 620 2452 a
635 2426 714 2454 nobis
739 2431 916 2462 peraguntur,

131 2475 181 2498 aut
205 2470 238 2498 iis
255 2477 318 2505 quas
332 2477 347 2496 a
364 2469 478 2497 Latinis.
495 2468 551 2497 Nos
562 2469 634 2497 enim
653 2475 799 2505 sequentes
824 2479 918 2500 sacros

132 2516 272 2552 apostolos
283 2522 311 2544 et
329 2515 465 2547 doctores.
480 2516 558 2549 juxta
571 2516 686 2544 traditas
699 2516 734 2544 ab
747 2517 781 2545 iis
811 2518 921 2552 exposi.

132 2565 222 2592 tienes
246 2568 274 2590 et
305 2563 378 2590 hunc
397 2562 460 2589 item
477 2569 619 2590 sacrorum
639 2563 826 2598 interpretem,
839 2571 917 2592 sacra

134 2609 181 2637 Dei
193 2616 275 2644 opera
289 2608 472 2641 celebramus,
491 2608 519 2636 id
537 2612 590 2641 est,
614 2614 645 2637 nt
664 2609 714 2637 iste
735 2611 783 2641 ait.
804 2611 850 2638 Dei
870 2619 919 2645 pro

133 2656 213 2683 nobis
225 2654 456 2688 incarnationem,
476 2655 534 2690 ejus
550 2663 599 2690 pro
618 2656 697 2684 nobis
706 2660 831 2689 mortem,
848 2657 920 2684 divi-

132 2709 196 2729 nam
209 2701 408 2736 baptizatorum
425 2703 639 2736 generationem.
654 2703 775 2731 divinant
794 2704 920 2739 adoptio~

132 2755 206 2780 nem,
219 2745 363 2774 servandis
373 2747 508 2775 mandatis
521 2748 719 2776 deillcatlonem
736 2758 743 2777 :
759 2749 794 2777 ita
821 2750 920 2778 deinde

132 2794 166 2822 ad
183 2793 415 2822 consecrationem
430 2795 580 2827 venientes.
595 2795 669 2830 prius
677 2796 787 2831 quidem
811 2804 859 2831 pro
869 2797 920 2825 hac

130 2841 340 2868 excusationem
353 2841 501 2874 all'crimus,
515 2847 542 2869 et
556 2843 742 2870 exclamantus
760 2843 817 2877 ipsa
830 2844 921 2871 Domi-

133 2886 198 2913 niea
211 2888 304 2920 verba,
324 2895 384 2921 quae
414 2893 470 2916 tum
498 2889 650 2917 euuntiatit
679 2898 686 2915 :
712 2893 739 2916 et
766 2886 919 2923 sdbdimus,

974 2436 1016 2455 σιν
1046 2429 1105 2455 ἐστὶ
1132 2428 1275 2464 σύμφωνα,
1302 2428 1358 2459 τοῖς
1390 2427 1456 2462 παρ’
1475 2426 1553 2461 ἡμῶν
1576 2426 1757 2460 τελουμένοις,

972 2475 989 2510 ἢ
1018 2475 1074 2506 τοῖς
1103 2476 1177 2510 παρὰ
1206 2474 1340 2502 Λατίνων.
1363 2474 1457 2509 Ἡμεῖς
1488 2474 1537 2508 μὲν
1567 2473 1621 2506 γὰρ
1649 2473 1758 2498 ἀκολουο

973 2520 1083 2553 θοῦντες
1101 2522 1159 2553 τοῖς
1189 2521 1273 2557 ἱεροῖς
1295 2520 1457 2551 ἀποστόλοις
1491 2519 1539 2546 καὶ
1569 2519 1756 2550 διδασκάλοις,

972 2567 1045 2594 κατὰ
1069 2567 1117 2600 τὰς
1141 2568 1188 2594 ὑπ’
1203 2567 1302 2604 αὐτῶν,
1317 2565 1541 2603 παραδεδομένας
1564 2564 1699 2595 ἐκθέσεις,
1715 2566 1756 2591 le

973 2613 1061 2648 τούτῳ
1088 2613 1121 2647 δὴ
1150 2613 1190 2648 τῷ
1222 2613 1411 2648 ίεροφάντορι,
1437 2611 1488 2643 τὰς
1513 2611 1588 2646 ίερὰς
1618 2611 1756 2646 θεουργὶας

973 2659 1122 2694 ὑμνῡῦμεν,
1138 2659 1288 2691 τουτέστιν,
1301 2659 1339 2690 ὡς
1365 2658 1446 2689 αὑτός
1466 2665 1545 2692 φησι,
1567 2657 1618 2691 τὴν
1634 2656 1668 2682 δι’
1686 2657 1756 2692 ήμᾷς

972 2705 1181 2741 ἐνανθρῶπησιν
1195 2705 1242 2732 τοῦ
1257 2705 1337 2738 Θεοῦ,
1360 2705 1405 2732 τὺν
1423 2704 1493 2738 ὑπὲρ
1513 2703 1591 2738 ήμῶν
1615 2702 1698 2729 αὑτοῦ
1710 2702 1756 2729 Oci-

972 2759 1063 2783 νστον,
1075 2751 1126 2786 τὴν
1137 2750 1310 2784 θεογενισίαν
1320 2750 1374 2777 τῶν
1387 2748 1606 2785 βαπτιζομένων,
1622 2748 1672 2783 τὴν
1685 2748 1755 2775 θείαν

974 2796 1121 2830 υἱοθεσίαν,
1136 2797 1186 2830 τὴν
1195 2797 1240 2822 διὰ
1254 2795 1303 2830 τῆς
1316 2795 1441 2831 φυλακῆς
1452 2795 1507 2822 τῶν
1521 2795 1636 2822 ἐντολῶν
1651 2794 1755 2821 θέωσιν*

972 2841 1023 2870 εἷθ’
1038 2842 1124 2874 οὕτως
1141 2842 1188 2868 ἐπὶ
1202 2842 1251 2877 τὴν
1274 2842 1431 2876 ίερουργίαν
1455 2840 1610 2876 ἐρχόμενοι,
1628 2840 1755 2875 πρότερον

974 2889 1023 2924 μὲν
1050 2889 1120 2924 ὑπὲρ
1144 2888 1246 2923 ταύτης
1274 2887 1494 2923 ἀπολογούμεθα,
1523 2887 1572 2913 καὶ
1598 2886 1754 2920 ἀναιὶοῶμεν
