1864 3058
65 134 143 166 1089

510 131 558 161 DE
571 127 749 161 CORPOIKE
767 127 814 158 ET
835 126 1037 157 SANGUINE
1056 126 1227 158 CHRISTI.

1634 123 1703 157 1090

62 193 143 220 αὐτὰ
160 192 193 218 τὰ
212 190 360 218 δεσποτικὰ
385 191 506 226 ῥήματα,
524 190 542 217 ἃ
557 190 618 216 τότε
639 186 701 216 εἷπε
714 196 720 204 ·
737 189 785 216 καὶ

966 188 986 215 d
1003 188 1060 223 ipse
1071 188 1194 222 jusserit,
1209 187 1268 215 Hoc
1295 186 1385 222 facite,
1405 186 1544 221 inquiens,
1562 186 1589 213 in
1616 193 1702 213 meum

62 239 201 273 λέγομεν.
225 237 267 264 ὅτι
295 236 377 268 αὐτὸς
391 235 555 271 προσέταξε,
574 234 665 262 Τοῦτο
689 233 800 261 ποιεῖτε
819 234 863 266 είς

63 284 130 318 τὴν
143 284 223 318 ἐμὴν
236 282 420 316 ἀνάμνησιν·
437 278 498 307 εἶτα
511 281 560 315 τῆς
575 279 745 315 θεομιμήτου
761 277 864 314 ταύτης

65 330 234 365 ἱερουργίας
249 329 321 361 ἄξιοι
336 328 498 363 αἰτήσαντες
511 326 649 361 γενέσθαι.
673 325 745 353 καθὰ
767 325 862 360 περιέ-

63 384 166 410 χουσιν
185 376 213 402 αἱ
231 375 366 406 ἐκθέσεις.
391 371 589 409 ίερουργοῦμεν
612 374 648 400 τὰ
668 373 796 400 θειότατα
818 372 864 399 διὰ

64 424 121 456 τῆς
140 422 223 457 εὐχῆς
239 422 286 448 καὶ
302 421 441 455 εὐλογίας,
458 421 505 447 καὶ
516 421 565 455 τῆς
580 419 627 446 τοῦ
648 419 721 446 θείου
735 419 864 454 Πνεύμα-

64 477 117 500 τος
146 468 366 504 ἐπιφοιτήσεως’
385 467 433 494 καὶ
455 467 501 493 τὸν
526 466 769 501 ἐγκεκαλυμμένον
793 466 864 498 τέως

65 513 119 539 καὶ
147 511 302 546 ἀδιαίρετον
330 511 412 546 ἄρτον
438 511 682 544 ἀνακαλύψαντες,
713 511 753 542 εἰς
777 510 864 538 πολλὰ

65 557 244 592 διαιροῦμεν,
262 557 309 583 καὶ
325 557 354 583 τὺ
368 557 469 583 ἐνιαίον
482 556 528 583 τοῦ
546 557 675 591 ποτηρίου
692 557 760 584 πᾶσι
778 564 863 583 κατα-

68 603 234 639 μερίζομεν.
257 603 287 629 Ὀ
303 603 332 629 δὲ
356 602 431 636 παρὰ
453 602 578 633 Λατίνοις
606 602 695 638 ἱερεὺς
725 602 863 637 μέμνηται

68 650 125 684 μὲν
146 649 194 676 καὶ
211 649 291 679 αὐτὸς
314 648 525 684 διηγηματικῶς
547 648 602 674 τῶν
622 647 789 675 δεσποτικῶν
813 649 862 682 ρη-

68 698 179 731 μὰῖων,
200 696 242 722 ὃτι
257 696 337 727 αὐτὸς
355 695 517 731 προσέταξε,
534 695 659 728 Λάϐετε,
677 695 797 730 φάγετε,
813 694 862 721 καὶ

66 743 157 769 :zlsre
181 742 304 774 πάντες,
329 741 387 773 καὶ,
404 741 497 768 Τοῦτο
524 741 637 768 ποιεῖτε
655 742 698 778 εις
715 741 773 775 τὴν
785 740 864 775 ἐμὴν

66 789 258 825 ἀνάμνησιν
275 790 413 824 ἱερουργεῐ
428 789 455 815 δὲ
473 788 550 815 οὐδὲν
567 788 668 822 μᾶλλον
680 807 687 819 ,
703 787 761 815 ἀλλ’
776 788 863 816 οῐεται

66 836 123 870 τὴν
134 836 262 870 διήγησιν
272 835 358 871 αὐτὴν
369 835 424 861 τῶν
439 835 571 884 ῥημάτων
583 834 651 869 πρὸς
663 836 710 861 τὸν
725 834 868 869 ἁγιασμόν.
877 855 900 884 Β

69 883 121 908 καὶ
135 881 186 918 τὴν
203 881 360 916 ἱερουργίαν
384 881 492 915 ἁρκεῖν’
511 877 571 906 εἶτα
593 880 638 906 τὸν
661 879 765 915 ἄζυμον
780 881 863 915 ἄρτον

68 928 190 960 ἐκεῖνον,
203 928 252 954 οὐκ
270 926 513 962 ἐγκεκαλυμμένον
526 925 607 959 τέως,
624 925 681 952 ἀλλ’
693 926 754 953 ὅθεν
766 927 862 962 ἔτυχεν

68 974 145 1001 οὕτω
160 973 252 1001 λαϐὼν
263 973 313 1003 καὶ
330 972 453 1007 ὑψώσας,
474 971 557 1006 μέρος
584 971 633 1006 μὲν
657 972 860 1006 ἀπορρήγνυσι,

68 1020 121 1047 καὶ
138 1019 176 1054 τῷ
192 1020 315 1054 ποτηρίῳ
327 1017 467 1053 ἐμὸάλλει”
482 1019 512 1044 τὸ
528 1017 558 1043 δὲ
573 1017 666 1043 λοιπον
681 1018 809 1053 καθίησιν
823 1019 863 1049 είς

68 1067 103 1093 τδ
131 1066 230 1100 στόμα,
256 1064 351 1092 καὶτὸ
374 1063 507 1099 ποτήριον
534 1062 640 1089 ἐκπιὼν
662 1063 723 1090 ὅλον
751 1063 862 1098 ὁμοίως,

69 1111 248 1143 ἀσπάζεσθαι
275 1110 357 1137 αὑτὸν
382 1109 570 1145 προτρέπεται
600 1109 664 1140 τοὺς
691 1108 863 1145 συλλειτουρ-

69 1159 192 1193 γοῦντας
218 1157 292 1192 αὐτῷ
309 1157 464 1189 διακόνους,
486 1156 581 1192 μηδενὶ
606 1156 690 1191 μηδὲν
712 1155 862 1190 μεταδοὺς¹,

69 1205 85 1231 ὸ
97 1205 141 1236 τδ,
156 1204 277 1236 Λάϐετε,
292 1203 403 1238 φάγετε
417 1202 541 1234 πάντες.
554 1202 611 1235 καὶ,
626 1201 712 1229 Πίετε
725 1201 759 1233 ἐξ
770 1201 864 1228 αὑτοῦ

70 1249 198 1283 πάντες.
211 1249 401 1285 μεγαλαυχῶν.
417 1249 512 1276 Ταῦτα
523 1248 553 1275 οὺ
571 1247 705 1283 πρόδηλον
721 1248 800 1283 φέρει
812 1247 863 1283 τὴν

70 1296 234 1322 ἐναντίωσιν
258 1295 306 1322 καὶ
327 1294 396 1330 πρὸς
419 1295 469 1326 τὰς
491 1294 717 1330 παραδεδομένας
741 1294 864 1326 ἐκθέσεις

72 1342 123 1368 καὶ
138 1340 284 1376 ἐξηγήσεις
300 1339 368 1375 πρὸς
383 1340 417 1366 τὰ
432 1339 580 1366 δεσποτικὰ
595 1340 717 1375 ῥήματα,
733 1340 781 1366 καλ¹
796 1340 864 1374 πρὸς

70 1386 160 1417 αὑτὰς
174 1386 224 1416 τὰς
238 1385 350 1412 ἐκείνων
365 1385 456 1419 φωνάς
469 1393 476 1418 ;
497 1384 564 1411 Εῑτα
578 1384 760 1420 τολμήσουσιν
777 1384 864 1416 οὕτως

71 1432 184 1467 ἔχοντες
199 1431 326 1466 ἐγκαλεῖν
346 1431 413 1466 ἡμῖν
434 1430 482 1458 καὶ
498 1431 731 1466 περιεργάζεσθαι
747 1431 780 1458 τὰ
795 1431 864 1466 ἡμέ-

71 1486 143 1513 τερα
156 1477 204 1504 καὶ
225 1475 436 1511 ἐφερμηνεύειν,
453 1476 541 1507 οὕτως
553 1475 688 1503 ἀκόλουθα
701 1477 758 1507 τοῖς
774 1476 864 1510 ἁγίοις

915 236 1191 263 commemorationem
1221 244 1228 262 :
1258 239 1314 262 tum
1344 239 1376 262 ut
1409 234 1443 262 ad
1464 233 1642 262 imitationem
1656 233 1702 259 Dei

915 281 1074 316 composita:
1103 282 1185 316 hujus
1211 281 1427 310 consecrationis
1451 280 1524 315 digni
1554 279 1705 307 eﬂiciamur

914 328 1028 364 precati,
1061 328 1292 364 quemadmodum
1334 327 1473 355 continent
1506 326 1703 361 expositiones,

915 375 1086 404 diviulssima
1101 382 1178 403 sacra
1194 374 1365 408 conﬁcimus,
1378 373 1565 401 intercedente
1580 372 1705 399 oratione

915 427 996 457 atque
1021 421 1221 455 benedictione,
1252 428 1358 448 necnon
1374 420 1460 448 divini
1473 419 1590 454 Spiritus
1613 426 1704 446 acces-

914 470 1001 498 sione.
1020 469 1189 504 interimque
1218 473 1343 502 opertum
1369 475 1468 502 panem
1498 471 1525 494 et
1553 466 1701 494 indivisum

915 513 1080 549 patefactum
1098 514 1124 541 in
1148 513 1250 541 multas
1264 518 1354 548 partes
1368 520 1503 546 secamus,
1529 515 1557 539 et
1573 512 1702 539 unitatem

915 559 1009 587 calicis
1042 559 1172 587 omnibus
1203 559 1405 586 distribuimus.
1447 557 1608 585 Latinomm
1639 564 1704 584 vero

916 605 1044 634 sacerdos
1058 606 1154 633 recitat
1169 610 1197 632 et
1211 605 1270 639 ipsc
1286 603 1427 631 Dominicn
1444 603 1537 636 verba,
1557 602 1629 637 quod
1646 602 1705 636 ipse

915 653 1086 688 prteceperit,
1112 651 1240 686 Accipite,
1267 650 1406 681 comedite,
1436 654 1460 676 et
1483 649 1562 675 bibite
1592 655 1704 675 omnes:

915 705 952 734 et,
971 700 1028 728 Hoc
1041 700 1122 734 facile
1136 700 1163 726 in
1175 707 1260 726 meam
1286 697 1582 729 commemorationem;
1611 703 1704 723 verum

916 745 1002 772 nihilo
1017 745 1102 779 magis
1113 748 1267 776 consecrat,
1278 741 1325 771 sed
1349 742 1496 770 arbitratur
1511 741 1701 768 recitationem

916 790 987 818 hanc
1001 790 1146 822 verborum
1161 789 1196 817 ad
1223 788 1468 817 sanetillcationem
1502 791 1529 814 et
1556 792 1705 813 consecra-

916 836 1016 865 tionem
1027 836 1158 864 suliicere.
1167 835 1269 863 Deinde
1278 834 1498 862 infermentatum
1507 840 1605 868 panem
1616 832 1705 865 illum,

918 891 971 911 non
986 887 1112 916 opertum
1133 880 1320 914 interim,’sed
1353 881 1535 914 undecunque
1559 879 1707 913 contigerit

917 932 954 957 ita
973 934 1081 961 unctus,
1097 929 1144 956 ubi
1166 927 1331 960 sublevavit,
1347 930 1451 961 partem
1467 926 1578 961 quidem
1593 924 1705 959 frangit,

916 976 980 1003 etin
991 975 1103 1003 calicem
1126 974 1216 1008 injicit
1233 983 1239 1001 :
1256 973 1329 1008 quod
1363 972 1499 1007 reliquum
1518 976 1560 999 est
1574 971 1600 998 in
1617 978 1647 997 os
1660 970 1707 996 de-

918 1022 1010 1054 mittit,
1025 1024 1052 1049 et
1067 1026 1124 1048 toto
1139 1020 1225 1048 calice
1248 1020 1352 1055 pariter
1375 1023 1467 1053 epoto,
1489 1022 1519 1045 ut
1533 1025 1563 1045 se
1588 1017 1707 1044 salutent

917 1068 1077 1096 adhortatur
1093 1067 1139 1102 qni
1154 1074 1216 1094 cum
1237 1073 1270 1094 eo
1301 1063 1587 1095 ministrantdiaconi,
1602 1061 1706 1090 nemini

916 1113 1065 1150 quidquam
1083 1112 1250 1147 impartitus,
1275 1110 1322 1146 qui
1352 1110 1405 1138 hoc
1433 1109 1565 1145 gloriatur
1598 1107 1706 1135 Domini

917 1160 1010 1191 verbo,
1026 1159 1151 1193 Accipite,
1168 1158 1298 1185 comedite
1309 1165 1409 1190 omnes,
1422 1161 1447 1183 et
1471 1155 1550 1182 bibite
1562 1162 1594 1182 ex
1605 1163 1634 1181 eo
1646 1162 1705 1181 om-

917 1213 974 1232 nes.
990 1203 1054 1232 Haec
1065 1204 1279 1231 manifestamne
1312 1201 1458 1244 proferunt
1483 1201 1705 1229 contrarietatem

918 1251 951 1279 iis
963 1258 1023 1286 quin
1035 1251 1113 1278 nobis
1127 1250 1233 1278 traditae
1250 1254 1313 1277 sunt
1335 1249 1509 1284 liturgiarum
1529 1245 1707 1282 expositioni-

917 1296 979 1329 bus,
996 1299 1023 1323 ct
1037 1295 1126 1323 verbis
1144 1294 1302 1327 Dominicis.
1328 1298 1356 1322 et
1372 1294 1438 1330 ipsis
1463 1292 1577 1320 vocibus
1605 1292 1706 1327 quibus

917 1341 1049 1370 utuntur?
1063 1340 1173 1369 Scilicet
1183 1342 1219 1368 ita
1235 1341 1383 1369 sentientes
1403 1339 1482 1367 nobis
1502 1339 1568 1366 vitio
1601 1342 1706 1365 vertere

917 1388 1065 1421 audebunt,
1084 1393 1110 1416 et
1136 1393 1245 1416 nostros
1275 1387 1345 1414 ritus
1383 1385 1518 1414 curiosius
1543 1385 1709 1419 investigare

918 1440 1000 1470 atque
1013 1434 1199 1469 interpretari,
1216 1441 1277 1468 quae
1290 1433 1394 1461 sanctis
1412 1432 1539 1459 Patribns
1561 1438 1615 1458 tam
1642 1435 1707 1458 sunt

918 1480 1125 1508 consentanea?
1148 1479 1184 1507 At
1216 1479 1429 1514 Cltrysostomus
1456 1477 1505 1510 ait,
1524 1477 1706 1504 .Dominirum

71 1525 158 1557 ὂντας
178 1522 250 1550 Ἀλλ’
266 1523 279 1549 ὁ
289 1522 485 1558 Χρυσόστομός
502 1530 570 1557 φησι
584 1522 630 1550 τὸν
644 1522 803 1550 δεσποτικὸν

969 1527 1029 1554 bum
1058 1526 1142 1554 semel
1163 1526 1265 1554 dictum
1296 1525 1462 1553 sacriticium
1488 1528 1705 1552 consummatqu

72 1579 123 1605 γον
142 1570 216 1602 ἅπαξ
244 1569 361 1604 ρηθέντα
398 1569 449 1603 τὴν
469 1568 565 1595 θυσίαν
582 1568 792 1603 ἀπηρτισμένην
817 1568 864 1603 ἐρ-

72 1616 227 1650 γάζεσθαι’
256 1615 331 1649 ἅπαξ
356 1614 473 1650 ρηθέντα
504 1614 587 1649 φησὶν
609 1615 639 1641 οὐ
667 1614 715 1641 νῦν
741 1614 794 1641 ὗπδ
817 1614 864 1641 τοῦ

74 1663 172 1697 ἱερέως
195 1662 353 1696 λεγόμενον,
367 1660 426 1687 ἀλλ’
442 1660 517 1693 ἅπαξ
531 1660 583 1687 ὑπὸ
607 1660 654 1687 τοῦ
672 1653 801 1696 ’Σωτῆρος
816 1661 865 1696 ῥη-

74 1707 171 1739 θέντα,
200 1707 250 1741 τὴν
272 1704 449 1740 τελειωτικὴν
475 1705 519 1732 ἀεὶ
545 1704 660 1740 δύναμιν
681 1705 782 1732 ἐνιέναι
809 1706 866 1737 τοῖς

75 1752 280 1788 προκειμένοις,
297 1751 348 1778 οὐκ
361 1750 412 1787 ἢδη
430 1751 477 1778 καὶ
491 1751 621 1786 ἐνεργείᾳ
635 1749 758 1777 τελειοῦν
774 1750 865 1778 αὑτά·

75 1798 159 1826 τοῦτο
173 1799 227 1833 γὰρ
244 1797 260 1833 ἡ
274 1797 320 1831 τοῦ
334 1797 414 1831 ἁγίου
426 1797 586 1831 Πνεὺματος
597 1796 771 1831 ἐπιφοίτησις
784 1797 866 1833 ἐργά-

76 1846 156 1877 ζεται
167 1844 212 1871 διὰ
226 1843 278 1878 τῆς
291 1843 337 1871 τοῦ
356 1843 462 1879 ἱερέως,
479 1842 527 1869 καὶ
540 1841 619 1876 δῆλον
642 1841 672 1874 ἐξ
694 1839 732 1870 ὧν
755 1842 836 1874 αὐτὸς
852 1843 866 1869 ὸ

77 1890 198 1927 χρυσοῦς
208 1890 258 1925 τὴν
269 1889 403 1924 γλῶτταν,
417 1889 456 1920 ὡς
472 1889 606 1924 πρότερον
622 1887 781 1922 ὲξεθέμεθα,
797 1889 867 1923 μετὰ

77 1938 110 1964 τὸ
132 1936 220 1963 εἰπεῖν
247 1935 282 1962 τὰ
305 1935 456 1962 δεσποτικὰ
485 1935 609 1969 ῥήματα,
627 1943 636 1960 ι
658 1934 865 1970 Κατάπεμψον,

77 1982 159 2018 φησὶ,
176 1980 207 2008 τὸ
222 1980 335 2015 Πνεῦμά
353 1988 400 2006 σου
413 1979 443 2006 τὸ
456 1979 546 2014 ἅγιον,
567 1979 614 2005 καὶ
630 1979 744 2012 ποίησον
758 1979 803 2005 τὸν
818 1980 867 2015 μὲν

78 2029 163 2063 ἄρτον
186 2027 280 2054 τοῦτον
295 2025 386 2061 τίμιον
404 2025 484 2060 σῶμα
504 2025 551 2052 τοῦ
574 2024 693 2058 Χριστοῦ
712 2033 769 2058 σου,
794 2025 824 2052 τὸ
839 2025 867 2052 δὲ

79 2073 110 2100 ἐν
124 2072 164 2107 τῷ
178 2071 303 2107 ποτηρίῳ
318 2070 406 2106 τούτῳ
420 2070 511 2105 τίμιον
521 2067 592 2104 αἷμα
609 2070 654 2096 τοῦ
667 2069 789 2105 Χριστοῦ
807 2079 867 2104 σου,

79 2117 242 2154 μεταϐαλὼν
258 2117 296 2153 τῷ
320 2116 460 2152 Πνεῦματι
476 2124 523 2143 σου
546 2115 586 2151 τῷ
606 2115 689 2152 ἁγιῳ.
704 2126 713 2142 t
733 2117 825 2144 Ταῦτα
843 2119 867 2145 εί

80 2164 120 2200 μὴ
134 2164 259 2198 πείθουσι
274 2164 338 2196 τοὺς
353 2163 513 2199 φιλονείκως
535 2162 659 2198 ἔχοντας,
682 2163 817 2191 ἐλεεῖσθαι
834 2164 868 2192 ἂν

78 2208 137 2238 εἷεν
155 2210 256 2238 δίκαιοι
271 2210 323 2246 τῆς
337 2210 435 2246 διπλῆς
450 2209 576 2244 ἀγνοίας,
599 2209 648 2238 καὶ
662 2209 712 2246 τῆς
726 2210 767 2242 είς
784 2209 866 2246 βάθος

79 2255 250 2290 πωρώσεως.

916 1573 1032 1600 eliicere.
1050 1572 1140 1600 Semel
1155 1571 1260 1599 dictum
1276 1571 1374 1606 inquit,
1405 1577 1458 1597 non
1486 1569 1559 1605 quod
1592 1576 1666 1596 nunc
1691 1575 1708 1596 ιι

917 1618 1058 1647 sacerdote
1082 1618 1193 1649 dicitur.
1213 1617 1261 1645 sed
1275 1617 1347 1649 quod
1366 1616 1450 1645 semei
1466 1624 1481 1644 a
1506 1615 1652 1644 Servatore
1666 1615 1708 1643 di-

916 1670 989 1694 ctum
1012 1670 1062 1698 est,
1076 1664 1264 1701 lueriectricem
1284 1665 1430 1692 immittere
1454 1662 1599 1697 propesitis
1626 1661 1707 1690 donis

916 1713 972 1738 vim
999 1717 1083 1746 atque
1111 1711 1273 1746 potentiam,
1302 1717 1357 1738 non
1377 1710 1440 1738 item
1453 1714 1481 1738 et
1493 1713 1556 1737 actu
1573 1716 1603 1736 ea
1618 1707 1708 1742 perﬁ-

916 1765 997 1792 cere;
1018 1759 1070 1786 hoc
1081 1758 1154 1785 enim
1171 1758 1256 1785 sancti
1270 1757 1389 1793 Spiritus
1400 1756 1536 1785 adventus
1551 1764 1599 1791 per
1613 1763 1704 1784 sacer-

917 1802 989 1829 dotis
1001 1803 1156 1830 orationem
1182 1801 1275 1835 emcit,
1291 1802 1373 1837 idque
1383 1801 1558 1837 perspicuum
1571 1806 1657 1829 estex
1670 1801 1705 1830 iis

917 1855 978 1882 qua:
993 1848 1217 1883 Cbrysostomus,
1232 1848 1346 1882 utprius
1356 1848 1542 1883 exposuimus,
1558 1853 1704 1883 postquam

918 1893 1059 1921 Dominica
1089 1893 1170 1921 verba
1198 1895 1307 1922 recitata
1341 1899 1405 1922 sunt
1430 1903 1439 1922 ι
1461 1902 1471 1920 ι
1487 1894 1588 1927 Mittas,
1606 1895 1706 1929 inquit,

919 1939 1051 1975 Spiritum
1067 1943 1142 1966 tuum
1157 1943 1293 1972 sanctum,
1309 1943 1335 1966 et
1347 1939 1387 1966 iac
1397 1946 1492 1974 panem
1503 1940 1585 1967 istum
1594 1940 1705 1975 quidem

918 1987 1066 2021 pretiosum
1082 1993 1181 2021 corpus
1198 1985 1298 2013 Clu-isti
1313 1986 1365 2017 tui.
1392 1990 1418 2013 et
1434 1986 1508 2020 quod
1520 1991 1561 2013 est
1574 1986 1600 2013 in
1620 1986 1705 2014 calice

919 2031 972 2058 isto
1001 2031 1150 2066 pretiosum
1164 2030 1325 2065 sanguinem
1342 2029 1446 2058 Christi
1466 2030 1516 2062 tui,
1546 2035 1706 2065 permutans

920 2082 1016 2104 sancto
1029 2075 1133 2112 Spiritu
1151 2081 1207 2103 tuo.
1220 2085 1230 2101 ›
1249 2075 1312 2103 Haec
1326 2076 1378 2103 nisi
1401 2077 1582 2111 persuadeant
1596 2084 1644 2104 eos
1657 2077 1706 2111 qui

920 2123 1082 2150 contentiosi
1110 2126 1186 2155 sunt,
1202 2122 1221 2149 ii
1255 2122 1404 2150 miserandi
1432 2122 1530 2149 merito
1574 2123 1705 2150 censendi

920 2172 994 2200 sunt,
1012 2173 1067 2195 tum
1084 2169 1159 2204 quod
1186 2168 1338 2203 ignorantia
1366 2167 1467 2203 duplici
1492 2172 1648 2202 teneantur,
1678 2173 1707 2196 ct

919 2214 1101 2243 excaecatione
1112 2214 1257 2250 profunda.
