1823 3063
55 110 66 141 1
78 111 128 143 169

513 111 633 141 MARCI
653 111 840 142 EUGENICI
862 110 911 142 DE
929 110 1049 144 ()FFIC.
1072 109 1219 141 ECCLES.

1561 135 1565 140 .
1614 111 1683 145 1170

55 177 120 205 μεν.
146 165 185 196 Οὔ
210 168 301 204 τυχεῖν
317 167 409 200 ἐλέους
438 166 580 203 αίτοῦμεν,
598 167 722 199 εἰκότως.
750 167 775 195 Ὅ

988 168 1122 196 mediator
1136 167 1220 196 Deum
1244 168 1314 196 inter
1333 172 1360 196 et
1384 168 1510 198 homines
1525 168 1684 204 Christique

55 213 114 247 γὰρ
129 212 227 248 ἱερεὺς.
241 212 322 244 αὐτὸς
332 211 369 239 ὢν
381 213 395 239 ὁ
414 212 527 247 μεσίτης
544 212 611 240 Θεοῦ
623 213 669 241 καὶ
685 212 848 248 ἀνθρώπων,

54 259 154 286 εἰκόνα
170 259 265 291 σώζων
277 259 410 293 Χριστοῦ,
421 259 549 294 καθάπερ
562 259 613 295 ἤδη
638 259 752 294 βεϐαίαν
779 259 849 295 ἔχων

56 305 250 340 πληροφορίαν
265 306 397 341 περὶτῶν
423 307 594 342 αἰτημάτων,
612 306 771 342 εὐχαριστιῖ
800 308 850 342 τῆς

53 359 89 378 τε
106 352 147 382 είς
159 352 190 378 τὺ
204 349 274 379 εῖναι
297 351 376 388 ἡμῶν
405 353 575 388 παραγωγῆς
603 353 693 387 ἑνεκα,
721 354 768 381 καὶ
796 353 849 380 τῶν

54 398 183 433 ἀρχῆθεν
208 398 291 425 αὐτοῦ
320 399 389 435 πρὸς
412 400 487 434 ἡμᾶς
511 399 693 435 δωρημάτων,
723 400 771 427 καὶ
795 400 850 427 τῶν

55 439 177 480 ὕστερον
199 444 244 472 διὰ
269 445 318 479 τῆς
345 445 392 472 τοῦ
417 445 587 480 Μονογενοῦς
613 446 779 481 σαρκώοεως
803 446 850 473 καὶ

54 490 234 525 ἐπιφανείας,
250 491 297 518 καὶ
320 491 361 518 ἔτι
385 492 441 519 τῶν
470 491 518 518 νῦν
548 492 717 528 αἰτουμένων
746 501 776 520 τε
803 492 851 520 καὶ

54 537 252 572 ῖοηησομένων
263 545 270 554 ·
287 537 383 572 ὥσπερ
402 538 485 570 αὐτὸς
503 538 518 566 ό
533 538 630 575 me”.
643 538 723 574 ἡμῶν
751 539 797 566 ἐπὶ
812 539 851 575 τῷ

55 583 194 618 Λαζάρῳ.
208 584 256 611 καὶ
271 585 336 619 πρὶν
347 585 500 620 ἀναστῆσαι
513 586 558 612 τὸν
579 586 715 620 κείμενον,
752 587 851 622 Εὐκα-

49 630 154 662 ρίστῶ
189 631 334 665 σοι,·ιρὺς
367 632 414 658 τδν
452 632 564 667 Πατέρα
594 633 688 667 φησὶν,
712 632 757 659 ὅτι
789 642 850 667 μου

53 675 211 711 ἤκουσας.
235 678 330 712 Ἡμεῖς
347 678 375 705 δὲ
398 676 421 705 οἱ
448 678 552 711 πολλοὶ,
575 679 629 705 τῶν
655 679 728 707 ἰδίων
743 680 851 715 μέτρων

53 724 249 759 ἐπιγνώμονες
259 724 346 757 ὄντες,
366 725 511 760 ἐλεηθῆναι
527 725 687 760 αἰτούμεθα,
705 727 776 754 κατὰ
804 727 851 754 τδν

53 769 161 803 τυφλὸν
175 770 289 802 ἐκεῖνον,
320 771 370 806 οὐχ
395 771 454 797 υἱὸν
486 771 579 806 μέντοι
608 772 702 802 Δαΰὶδ,
738 773 806 799 Θεοῦ
823 773 851 800 δὲ

57 814 130 841 Υἱὸν
144 815 191 842 τὸν
204 814 319 850 Σωτῆρα
335 815 415 850 ἡμῶν
430 815 623 850 ὀνομάζοντες,
638 815 675 847 ὡς
690 815 784 850 ἕτερός
799 825 850 842 που

902 221 1046 249 personam
1060 222 1168 250 gerens,
1184 214 1263 249 quasi
1278 214 1333 250 iam
1347 219 1451 242 certam
1478 214 1582 243 habens
1604 215 1683 243 iidem

901 260 935 288 de
943 260 1047 295 petitis.
1062 260 1166 294 gratias
1178 260 1233 296 agit
1248 264 1275 288 et
1291 260 1325 287 de
1339 261 1478 288 creatione
1492 264 1595 293 nostra,
1609 264 1636 288 et
1652 261 1686 289 de

901 306 982 334 nobis
1008 305 1043 333 ab
1059 305 1138 333 initio
1160 305 1299 334 concessis
1315 305 1404 338 donis.
1419 309 1447 334 et
1463 305 1497 334 de
1525 311 1619 341 postea
1638 313 1686 343 per

901 351 1043 387 Unigeniti
1057 351 1272 380 incarnationem
1290 351 1544 387 revelationemque
1558 352 1639 386 datis,
1657 356 1684 380 et

901 397 993 427 adhuc
1002 399 1034 425 de
1048 397 1081 425 iis
1092 405 1152 433 qua
1164 398 1190 424 in
1205 398 1346 433 praesentia
1355 398 1474 433 petimus
1485 403 1512 425 et
1528 406 1589 434 quae
1607 398 1687 426 nobis

902 447 966 471 sunt
979 443 1151 471 concedenda
1166 451 1175 472 :
1197 444 1335 479 sicutipse
1348 443 1471 472 Salvator
1488 447 1581 472 noster
1595 444 1622 471 in
1633 443 1686 471 La-

902 496 978 523 zaro,
999 493 1026 517 et
1051 489 1210 525 priusquam
1243 488 1381 525 jacentem
1397 490 1562 518 suscitaret:
1578 489 1686 517 Gratias

901 543 953 570 ago
969 535 1027 567 tibi,
1052 535 1086 562 ad
1104 534 1213 562 Patrem
1231 536 1280 567 ait,
1307 535 1370 571 quia
1394 543 1435 563 me
1461 535 1687 563 audiisti".‘Nos

901 586 992 610 autem
1006 582 1138 618 plerique,
1153 582 1186 610 de
1201 583 1318 617 propriis
1331 582 1464 610 limitibus
1476 581 1591 614 conscii,
1604 581 1688 610 mise-

902 629 1049 656 ricordiam
1065 629 1184 664 petimus
1196 636 1245 664 pro
1260 637 1335 656 more
1353 629 1430 662 caeci,
1441 636 1495 656 non
1509 628 1565 664 jam
1580 628 1688 656 Davidis

901 675 999 708 ﬁlium,
1014 675 1060 703 sed
1074 675 1118 703 Dei
1135 676 1292 704 invocantes
1308 675 1532 710 Salvatoremque
1549 678 1688 706 nostrum,

902 727 932 750 ut
948 727 975 750 et
990 722 1058 750 alter
1073 721 1137 749 fecit
1154 729 1243 749 caecus
1263 726 1404 757 postquam
1418 725 1474 749 tum
1490 722 1613 756 corporis
1631 725 1686 748 tum

902 769 985 796 animi
1006 768 1093 796 oculis
1107 767 1276 795 illuminatus
1293 772 1345 795 est.
1359 767 1504 795 Enimvero
1518 775 1568 795 nos
1582 775 1597 794 e
1612 770 1688 794 terte-

902 814 958 842 liris
973 814 1060 841 vocati
1089 821 1184 841 sumus
1213 814 1240 840 in
1257 813 1411 841 admirabili
1437 813 1483 840 Dei
1502 812 1616 846 lumine,
1641 812 1687 841 sed

55 861 163 895 τυφλὸς
177 861 246 895 μετὰ
259 861 288 887 τὸ
321 860 473 895 ἀναϐλέψαι
505 860 615 896 σύναμα
641 862 698 892 τοῖς
716 860 775 888 aloe

967 868 987 887 ιιι
999 860 1038 887 sic
1058 868 1104 895 per
1116 864 1227 887 sanctos
1245 862 1353 887 nostros
1368 859 1462 886 Patres
1475 858 1622 894 propitium
1639 858 1687 885 ha-

54 906 126 936 τοὺς
139 906 252 939 νοητοὺς
262 905 430 940 ὀφθαλμούς.
446 906 497 932 Καὶ
511 906 565 941 γὰρ
590 907 671 941 ἡμεῖς
685 907 717 933 ὲκ
739 906 850 938 σκότους

55 951 219 986 ἐπὶ-ἠθημεν
233 952 273 982 είς
285 951 314 977 τὸ
326 951 484 985 θαυμαστὸν
497 952 543 978 τοῦ
556 952 623 979 Θεοῦ
644 952 712 987 φῶς,
727 952 793 980 ἀλλὰ
805 952 852 979 καὶ

56 997 135 1025 οὕτω
144 998 189 1025 διὰ
199 999 253 1025 τῶν
261 998 348 1032 ἁγίων
359 998 437 1033 ἡμῶν
463 999 593 1034 Πατὲρων
623 999 685 1026 ἵλεω
708 999 851 1032 τεύξεσθαι

58 1044 262 1080 προσδοκῶμεν
272 1045 320 1072 τοῦ
340 1046 387 1072 ἐπὶ
414 1046 524 1072 πάντων
540 1045 618 1073 Θεοῦ.
633 1060 669 1066 -
684 1045 763 1078 Δόξα
789 1053 852 1079 σοι,

55 1094 73 1119 ό
86 1093 176 1125 Θεὸς,
193 1092 213 1126 ἠ
228 1091 316 1125 ἐλπὶς
330 1091 424 1126 ἡμῶν,
438 1091 538 1125 Κύριε,
564 1091 640 1123 δόξα
657 1099 718 1118 σοι.
731 1106 765 1111 ——
786 1091 853 1119 Τού-

53 1147 116 1170 τοις
131 1139 178 1165 καὶ
194 1139 274 1173 ἡμεῖς
288 1138 461 1172 συνάπτομεν
481 1137 637 1171 δοξολογίας
654 1137 703 1173 τῆς
717 1138 758 1169 είς
786 1137 853 1164 Θεδν

55 1185 150 1219 μικρὰ
161 1184 230 1211 ἄττα
244 1184 368 1219 ῥήματα,
386 1183 435 1214 τὰς
452 1182 507 1209 τῶν
533 1183 659 1217 ἀγγέλων
685 1183 852 1218 μιμούμενοι

55 1230 251 1265 Θείαςφωνὰς,
274 1230 303 1256 αἳ
328 1229 434 1264 πρῶται
460 1228 498 1263 τῷ
531 1229 576 1255 ἐπὶ
600 1229 651 1263 γῆς
674 1229 853 1264 σαρκουμένῳ

53 1276 119 1311 Θεῷ
130 1276 372 1312 προσηνέχθησαν,
387 1275 428 1308 ab,
446 1274 524 1307 Δόξα
547 1275 582 1301 ἐν
603 1275 747 1309 ὑψίστοις
780 1274 851 1308 Θεῷ,

54 1323 106 1350 και
135 1323 187 1350 ἐπι
220 1322 277 1357 τῆς
301 1323 418 1357 ειρήνη,
454 1323 490 1350 ἐν
516 1322 684 1356 ἀνθρώποις
718 1322 852 1350 εὐδοκία.

54 1386 90 1391 —
106 1370 243 1398 Βασιλεῡ
258 1370 390 1405 οὐράνιε.
408 1384 442 1390 -
453 1370 507 1396 Καὶ
520 1369 591 1404 μετὰ
608 1369 694 1396 ταῦτα
704 1369 852 1405 τροπάριόν

55 1426 82 1443 τι
100 1416 312 1450 συντεθειμένον
325 1417 371 1442 ἐπὶ
383 1417 416 1452 τῇ
441 1416 511 1443 κατὰ
527 1415 576 1451 τὴν
596 1415 786 1451 Πιντηκοστὴν
811 1416 852 1447 είς

54 1465 123 1495 τοῦς
142 1463 268 1498 μαθητὰς
288 1462 396 1497 καθόδῳ
416 1462 463 1489 τοῦ
482 1462 555 1489 θείου
575 1463 746 1497 Πνεύματος,
771 1462 853 1489 αὑτὸν

904 907 969 934 here
984 906 1106 934 omnium
1122 905 1205 934 Deum
1221 914 1373 941 speramus.
1394 922 1421 928 —
1443 905 1537 933 Gloria
1550 906 1605 937 tibi,
1620 904 1689 932 Deus

903 963 961 989 spes
982 961 1086 987 nostra,
1115 954 1234 987 Domine,
1261 955 1348 989 gloria
1373 954 1430 980 tibi.
1452 968 1487 973 —
1515 952 1562 980 liis
1582 958 1608 980 et
1637 961 1688 981 nos

905 1001 1080 1036 adjungimus
1099 1000 1133 1028 de
1162 999 1241 1028 laude
1269 999 1316 1027 Dei
1345 1007 1428 1035 parva
1451 999 1570 1035 quadam
1594 1000 1687 1033 verba,

904 1047 1061 1082 angelorum
1079 1046 1187 1074 divinas
1202 1054 1281 1074 voces
1294 1045 1444 1079 imitantes,
1459 1053 1520 1081 qua:
1528 1047 1622 1081 primm
1632 1046 1689 1075 Deo

904 1094 932 1122 in
961 1099 1032 1122 terra
1066 1095 1208 1122 incarnato
1237 1093 1324 1121 allatae
1339 1098 1412 1126 sunt,
1444 1093 1531 1121 illud:
1548 1093 1640 1121 Gloria
1661 1093 1688 1121 in

903 1141 1044 1168 altissimis
1063 1140 1127 1174 Deo,
1146 1145 1171 1168 et
1197 1140 1223 1168 in
1239 1145 1310 1167 terra
1324 1148 1390 1175 pax,
1406 1140 1433 1167 in
1451 1140 1600 1167 hominibus
1619 1140 1689 1167 bona

903 1187 1025 1214 voluntas
1036 1187 1067 1214 ιθ.
1081 1201 1107 1207 -
1125 1186 1180 1213 Rea:
1198 1186 1319 1215 caelestis.
1335 1201 1371 1207 —
1384 1186 1418 1213 Et
1432 1190 1524 1221 postea
1539 1186 1688 1221 troparium

903 1232 1053 1267 quoddam.
1064 1232 1091 1260 in
1102 1232 1262 1262 descensum
1274 1232 1393 1267 Spiritus
1403 1231 1490 1259 sancti
1503 1231 1529 1258 in
1539 1231 1690 1266 discipulos

904 1279 948 1306 dic
962 1279 1140 1307 Pentecostes
1160 1280 1354 1314 compositum,
1369 1283 1479 1307 orantes
1498 1278 1587 1313 ipsum
1607 1277 1691 1305 Pars-

904 1324 1004 1352 cletum
1030 1329 1061 1351 ut
1084 1324 1175 1352 veniat
1191 1328 1228 1355 ct,
1252 1331 1313 1358 qua:
1336 1323 1416 1351 nobis
1431 1323 1502 1351 inest
1522 1323 1625 1350 malitia
1644 1323 1692 1350 de-

905 1370 968 1402 leta,
988 1369 1086 1405 dignos
1103 1378 1152 1397 nos
1163 1369 1259 1397 reddat
1272 1369 1319 1405 qui
1333 1369 1389 1396 Deo
1403 1368 1691 1397 assistamus.—San-

904 1419 962 1441 ctus
977 1414 1101 1441 θέαι-
1111 1414 1176 1442 Inde
1191 1414 1321 1450 hymnum
1332 1413 1476 1448 Trisagion
1489 1413 1590 1441 dictum
1608 1421 1690 1448 quem

905 1462 957 1490 sibi
973 1470 1004 1489 ex
1019 1461 1089 1490 Isaia
1103 1461 1212 1497 quando
1226 1462 1271 1488 ille
1286 1461 1405 1488 mirabili
1427 1459 1570 1496 Seraphim
1587 1460 1692 1489 visione

58 1510 152 1536 ἐλθεῖν
165 1509 210 1536 τὸν
221 1508 400 1545 Παράκ).ητον
427 1507 674 1544 προσκαλούμενοι,
694 1507 736 1542 ἐφ’
750 1504 773 1542 ᾧ

974 1512 1036 1534 atus
1049 1506 1111 1539 fuit,
1128 1514 1277 1542 excerpens
1289 1506 1410 1535 Ecclesia
1423 1507 1588 1541 composuit.
1602 1506 1691 1534 verbis

57 1557 89 1583 ὲν
105 1556 176 1590 ἡμῖν
191 1555 305 1582 ἐνοῦσαν
319 1554 489 1589 ἀφανίσαντα
512 1554 656 1589 πονηρίαν,
673 1554 765 1587 ἀξίους
787 1554 852 1581 ἀνα.

56 1602 149 1636 δεῖξαι
169 1600 216 1628 τοῦ
236 1600 407 1635 παρεστάναι
431 1599 501 1635 Θεῷ.
521 1615 556 1621 -
572 1600 675 1635 Ἄγιος
690 1602 706 1627 δ
722 1601 805 1634 Θεός.
818 1615 853 1622 --

60 1647 129 1674 Εἶτα
140 1647 189 1675 τὸν
208 1647 355 1682 Τρισάγιον
372 1646 520 1681 λιγόμενον
549 1645 643 1681 ὕμνον,
673 1646 703 1673 δν
727 1646 853 1674 συνέθετο

61 1696 113 1730 μὲν
130 1695 149 1729 ἡ
174 1693 322 1729 Ἐκκλησία
336 1692 412 1728 παρὰ
425 1692 472 1719 τοῦ
493 1692 607 1720 Ἡσαΐου
624 1692 756 1726 λαϐοῦσα,
772 1693 853 1728 ἡνίκα

57 1740 109 1774 τῆς
126 1739 291 1773 Θαυμαστῆς
303 1738 413 1774 ἠξιοῦτο
433 1738 488 1764 τῶν
501 1737 629 1772 Σεραφὶμ.
650 1737 780 1773 θεωρίας,
806 1738 853 1764 καὶ

54 1787 97 1812 ἔτι
113 1785 351 1820 προσχρησαμένη
367 1785 424 1815 τοῖς
441 1783 488 1810 τοῦ
505 1784 587 1810 Δαὸὶδ
603 1785 734 1819 ῥήμασιν,
763 1785 791 1810 ἑν
812 1781 852 1816 οἷς

55 1840 157 1866 φησιν.
175 1829 374 1864 Ἐδίψησενή
389 1829 474 1864 ψυχή
497 1838 557 1864 μου
580 1829 656 1863 πρὸς
684 1829 739 1856 τὸν
768 1830 853 1864 Θεὸν,

57 1879 115 1904 τὸν
130 1876 273 1911 ισχυρὸν,
291 1876 344 1903 ’τὸν
361 1876 469 1906 ζῶντα·
488 1876 610 1909 ἐκύρωσε
622 1875 650 1903 δὲ
678 1876 743 1906 Θεὸς
769 1876 855 1911 ἀμφι-

56 1921 227 1956 γ-ιοούμενον
242 1921 356 1955 ἄνωθεν,
368 1922 412 1948 ὅτε
430 1921 472 1948 διὰ
488 1921 685 1957 τῆςρρπαγῆς
700 1922 747 1949 τοῦ
760 1923 854 1955 παιδὸς

57 1969 200 2002 ἐμήνυσεν
210 1967 296 1999 οὕτως
310 1967 422 2003 ᾅδοντας
434 1968 497 2000 τοὺς
512 1968 655 2002 ἀγγέλους,
670 1968 699 1995 ὃν
715 1969 762 1996 καὶ
776 1978 853 2004 τρισ-

57 2015 186 2045 σοῦντες,
199 2014 238 2044 εἰς
251 2015 333 2049 τιμὴν
344 2015 391 2040 καὶ
406 2015 485 2042 τοῦτο
497 2015 547 2048 τῆς
563 2015 756 2051 προσκυνητῆς
770 2017 855 2051 Τριάο

57 2062 116 2093 60;,
135 2060 302 2091 τοσαυτάκις
332 2060 379 2087 καὶ
408 2060 627 2096 προσκυνοῦμεν,
651 2062 854 2096 ἐπιδεικνύντες

57 2107 142 2142 ἡμῶν
158 2106 189 2132 τὸ
202 2106 315 2139 εὐλαϐὲς
343 2106 408 2142 περὶ
422 2106 468 2133 τὸν
484 2107 633 2141 ἁγγελικόν
652 2116 681 2134 τε
709 2108 757 2135 καὶ
782 2109 854 2137 θεῖον

58 2154 160 2187 ὕμνον.
176 2168 211 2173 -
225 2153 302 2185 Δόξα
329 2153 431 2186 "arpi.
447 2168 483 2174 -ι
505 2151 572 2180 Εἶτα
599 2156 646 2180 καὶ
672 2155 854 2189 ὀνομάσαντες

905 1553 988 1581 etiam
1004 1553 1115 1580 Davidis
1131 1557 1210 1580 utens
1228 1553 1255 1579 in
1271 1552 1371 1588 quibus
1387 1552 1454 1580 dicit
1473 1561 1480 1580 :
1498 1552 1587 1580 Silioit
1602 1553 1692 1579 anima

906 1608 963 1626 mea
974 1599 1008 1626 ad
1019 1598 1102 1626 Deum
1115 1599 1223 1634 fortem,
1240 1599 1326 1626 vivum
1343 1600 1363 1616 ¹⁹
1382 1608 1389 1626 :
1402 1606 1484 1634 quem
1496 1599 1529 1627 de
1543 1599 1614 1629 coelo
1625 1606 1693 1626 con-

907 1646 1025 1674 ﬁrmavit
1053 1646 1126 1674 Deus
1160 1646 1341 1676 hmsitantem.
1366 1645 1475 1680 quando
1511 1653 1559 1680 per
1586 1649 1692 1680 raptum

908 1683 986 1728 pueri
1001 1692 1129 1720 rcvelavit
1145 1692 1256 1727 angelos
1270 1691 1309 1719 sic
1331 1695 1459 1719 canentes
1494 1691 1636 1726 hymnum,
1667 1695 1694 1718 et

906 1739 1017 1774 quidem
1033 1731 1141 1766 ternum
1154 1742 1285 1766 canentes
1295 1738 1320 1764 in
1333 1730 1464 1764 honorent
1479 1737 1622 1764 adorandae
1631 1736 1693 1764 Tri-

907 1785 1013 1818 nitatis,
1035 1785 1115 1812 toties
1135 1788 1162 1811 et
1180 1784 1341 1816 adoramus,
1362 1791 1411 1811 nos
1425 1783 1551 1817 pietatem
1570 1787 1692 1809 nostram

906 1839 971 1866 erga
991 1831 1144 1866 angelicum
1175 1830 1352 1864 divinumque
1386 1830 1516 1866 hymnum
1536 1828 1694 1862 signiﬁcan-

907 1882 958 1905 tes.
976 1891 1012 1897 —
1024 1876 1118 1904 Gloria
1131 1876 1221 1904 Patri.
1237 1891 1271 1897 —-
1295 1876 1397 1904 Exinde
1422 1881 1476 1903 tres
1491 1875 1693 1910 omnipotentes

907 1931 1040 1960 personas
1057 1924 1132 1959 ipsas
1149 1927 1293 1958 postquam
1323 1922 1523 1950 nominavimus
1543 1925 1570 1948 ct
1595 1922 1629 1948 ad
1647 1928 1694 1948 eas

907 1971 1023 2005 gloriam
1049 1978 1104 1997 non
1133 1974 1237 1997 tantum
1254 1976 1338 2001 nunc,
1364 1969 1411 1995 sed
1434 1971 1461 1995 et
1485 1974 1592 2002 semper
1604 1972 1631 1994 et
1647 1973 1695 2001 per

907 2024 987 2044 omne
1010 2016 1139 2044 saeculum
1165 2015 1312 2050 pertinere,
1339 2016 1482 2049 postquam
1509 2013 1639 2045 diximus,
1665 2012 1692 2039 in

907 2070 993 2089 unum
1032 2062 1182 2097 jungentes
1210 2060 1429 2096 pronuntiamus.
1454 2074 1491 2080 ———
1518 2059 1695 2086 Sanctissima

909 2108 1039 2136 Trinitas.
1057 2123 1091 2128 —
1101 2107 1136 2134 Et
1150 2114 1248 2134 rursus
1258 2107 1418 2134 invocantes
1435 2112 1492 2138 eas,
1515 2104 1622 2132 Patrem
1635 2105 1696 2138 qui-

907 2154 981 2187 dem,
997 2153 1142 2181 Dominum
1162 2153 1335 2180 nominamus
1351 2156 1380 2179 ut
1401 2157 1575 2183 creatorem;
1596 2150 1695 2178 Filium

57 2199 132 2226 αὐτὰ
155 2198 191 2225 τὰ.
206 2198 340 2234 θεαρχικὰ
352 2199 498 2233 πρόσωπα,
514 2199 650 2232 καὶδόξαν
664 2200 755 2231 αὐτοῖς
769 2209 777 2225 ιι

978 2220 985 2233 ,
1003 2199 1163 2234 magistrum
1180 2203 1314 2231 nostrum,
1331 2201 1423 2232 utpote
1438 2199 1484 2233 qui
1500 2205 1550 2225 nos
1563 2199 1695 2230 sanguine

57 2244 143 2278 ήκειν
156 2243 290 2276 εἰπόντες,
304 2242 334 2269 οὗ
348 2242 396 2269 νῦν
408 2244 499 2278 μόνον,
529 2243 597 2270 ἀλλὰ
613 2244 660 2270 καὶ
679 2244 723 2272 ἀεὶ
746 2246 792 2273 καὶ
815 2246 855 2278 εἰς

58 2291 152 2316 αἰῶνσ.
167 2289 212 2315 τὸν
222 2290 342 2322 ἅπαντα,
362 2289 593 2321 ὲπισυνάπτοντες
609 2291 707 2322 ἑνικῶς
718 2292 856 2325 ἐκφωνοῦ-

60 2345 124 2370 μεν.
147 2349 178 2355 -
194 2336 329 2370 Har-aria
347 2337 488 2369 Tplac.—
502 2337 557 2363 Καὶ
571 2335 649 2368 αὖθις
675 2337 857 2372 ἐπικαλούμε-

57 2392 101 2409 νοι
117 2382 219 2412 ταῦτα,
238 2381 283 2408 τὸν
299 2381 349 2416 μὲν
366 2381 477 2416 Πατέρα
504 2381 608 2417 Κύριον
627 2382 805 2417 ὀνομάζοντες
817 2384 855 2415 ὼς

57 2427 241 2462 ἱημιουργὺν,
258 2427 304 2457 τὸν
318 2427 381 2454 Υἰὸν
395 2427 423 2454 δὲ
435 2429 587 2463 Δεσπότην,
599 2429 636 2459 ὡς
659 2429 706 2456 καὶ
722 2429 769 2456 τοῦ
786 2429 852 2456 ἰδίου

59 2477 182 2511 εἵματος
216 2475 291 2510 ἡμᾶς
319 2475 514 2511 ἀγοράσαντα,
542 2477 587 2502 τὶν
615 2476 653 2503 δὲ·
676 2476 853 2512 Παράκλητον

59 2522 154 2556 ἅγιον,
171 2522 210 2553 ὡς
238 2521 310 2552 ίδίως
334 2521 383 2556 τὴν
406 2521 566 2556 ἐπωνυμίαν
589 2530 618 2548 τε
638 2522 686 2548 καὶ
712 2522 854 2557 ἐνέργειαν

58 2568 168 2602 ταύτην
185 2567 404 2602 πεπλουτηκότα,
417 2567 493 2602 παρὰ
507 2568 554 2594 τοῦ
572 2568 622 2602 μὲν
636 2568 750 2602 ἱλασμὸν
765 2568 854 2602 ἀμαρ-

60 2615 129 2641 τιῶν
146 2614 318 2649 ἐξαιτοῦμεν,
332 2616 408 2649 παρὰ
429 2622 475 2641 του
495 2614 523 2640 δὲ
538 2614 568 2641 τὸ
589 2614 669 2641 πλέον
682 2614 731 2649 τὴν
746 2613 852 2648 συγχώι

62 2669 146 2696 ρησιν
159 2660 274 2693 τούτων,
290 2661 366 2696 παρὰ
381 2661 428 2687 τοῦ
443 2661 470 2688 δὲ
486 2661 515 2687 τὸ
536 2660 640 2692 λοιπὸν,
655 2660 854 2695 ὲπισκεφθῆναί

60 2717 90 2734 τε
112 2709 161 2734 καὶ
179 2707 291 2742 ἰαθῆναι
315 2709 366 2740 τὰς
399 2707 553 2739 ἀσθενείας.
580 2706 729 2734 Νοσοποιδν
744 2707 799 2742 γάρ
828 2715 854 2733 τι

64 2755 111 2781 καὶ
125 2753 214 2780 δεινὸν
230 2754 354 2789 ἁμαρτία
366 2754 415 2789 τὴν
430 2754 488 2787 ἕξιν
499 2754 548 2789 τῆς
562 2753 651 2788 ψυχῆς
674 2753 831 2787 διαφθεῖραι
848 2761 856 2769 -

103 2843 124 2858 Π
142 2842 225 2871 Joan.
246 2851 283 2874 XI,
301 2843 343 2870 Η.
386 2843 405 2857 ’⁸
423 2842 490 2870 Luc.
504 2851 533 2877 ιι,
553 2843 593 2870 Η.
635 2842 656 2869 ιε
669 2842 741 2870 l‘sal.
761 2843 855 2874 “1.7;.

906 2254 958 2275 suo
972 2245 1097 2278 redemit,
1105 2250 1131 2272 et
1146 2244 1277 2279 Spiritum
1292 2248 1527 2279 sanctum,utpote
1537 2244 1582 2278 qui
1594 2251 1694 2271 nomen

907 2294 959 2321 hoc
985 2293 1113 2327 hancque
1146 2291 1275 2318 virtutem
1294 2291 1403 2326 proprie
1419 2290 1550 2325 possidet.
1574 2291 1615 2316 Ab
1641 2298 1696 2317 uno

907 2340 1019 2374 quidem
1053 2338 1274 2374 propitiationem
1303 2342 1475 2372 peccatorum
1501 2337 1640 2370 petimus;
1662 2328 1714 2387 ab;

905 2385 990 2412 altero
1015 2385 1103 2420 magis
1120 2384 1216 2411 horum
1240 2383 1480 2414 condanationvm,
1503 2382 1536 2409 ab
1549 2383 1635 2410 altero
1651 2390 1694 2409 rc-
1709 2382 1712 2420 ξ

905 2431 1023 2465 liquum,
1038 2430 1228 2465 inspiciendas
1237 2429 1427 2464 sanandasque
1440 2429 1624 2455 inﬁrmitates.
1640 2421 1712 2455 Ati-'

908 2477 972 2510 quid
988 2477 1060 2504 enim
1076 2476 1157 2503 habet
1183 2481 1323 2510 peccatum
1336 2474 1409 2510 quod
1440 2481 1490 2502 nos
1507 2479 1623 2509 aegrotos
1637 2476 1696 2502 rett-

908 2523 964 2556 dat,
983 2527 1011 2549 et
1027 2523 1124 2549 anima:
1138 2521 1319 2548 valetudinem
1337 2527 1513 2555 corrumpere
1533 2526 1615 2556 queat
1630 2529 1636 2548 :
1651 2521 1694 2548 cui

909 2569 988 2604 culpa
1018 2569 1135 2595 liberatae
1151 2568 1249 2595 animae
1268 2566 1324 2595 Deo
1340 2575 1409 2602 opus
1431 2573 1474 2594 cst
1491 2567 1694 2595 corroborante.

910 2615 944 2642 Et
964 2623 1059 2642 rursus
1079 2616 1106 2641 in
1130 2623 1213 2642 linunt
1233 2616 1427 2642 contrahentes
1444 2614 1623 2643 addimus.—-
1641 2614 1697 2640 No-

909 2662 985 2688 minis
1000 2662 1039 2687 Ini
1056 2669 1149 2688 causa.
1161 2676 1195 2681 ——
1205 2661 1282 2694 Quod
1301 2661 1383 2696 igitur
1397 2661 1517 2688 nomen?
1531 2660 1694 2694 Misericors,

910 2708 958 2738 ait,
986 2711 1013 2733 et
1044 2707 1217 2734 miseratione
1247 2707 1378 2734 Dominus
1411 2707 1516 2739 plenus,
1535 2706 1697 2741 longanimis

910 2758 935 2780 ct
964 2753 1037 2780 taldc
1071 2753 1212 2785 misereris,
1234 2753 1313 2788 cujus
1339 2754 1378 2780 rei
1409 2754 1494 2788 gratia
1522 2757 1547 2778 rt
1579 2753 1613 2779 ab
1637 2759 1696 2787 ipso
