1864 3058
185 168 251 202 i203

877 178 1066 212 ADDENDA.

1734 191 1803 223 130$

184 235 284 260 senius,
303 232 355 254 tam
371 236 418 262 per
440 233 574 257 oratorem
590 235 678 263 tuum.
691 240 771 266 quam
787 242 836 269 per
851 235 966 270 literas,
982 242 1002 268 Α
1019 240 1106 273 gitare
1120 239 1244 275 velimtis,
1261 243 1333 277 quod
1347 243 1416 279 duos
1432 245 1601 280 principatus
1619 247 1699 275 simili
1716 249 1802 276 forma

183 271 268 305 magis
283 279 361 305 quam
381 272 462 299 rebus
482 275 548 301 satis
568 275 669 303 factum
691 278 734 305 iri.
751 277 847 314 Accipe
873 281 964 314 igitur,

181 317 339 345 charissima
366 317 413 351 ﬁli,
433 327 492 353 quae
515 320 614 349 dicturi
638 331 743 358 sunms,
773 330 901 361 tauquam
931 329 965 355 ob

180 363 367 391 amantissimo
385 366 485 399 animo,
512 375 593 402 quem
618 377 681 397 vere
699 376 726 398 et
745 372 829 399 libere
847 379 873 401 te
896 375 964 401 allo.

179 415 307 443 queutem
328 411 438 445 deputa.
467 412 534 440 Nam
558 422 608 442 nos
635 416 747 445 minime
766 426 918 446 versamur
936 422 962 448 in

178 456 303 489 dubium,
337 458 469 486 Joannem
504 459 683 497 Palazologum
708 464 756 490 tibi
786 465 812 491 in
851 467 963 500 imperio

179 502 416 536 prmdecessorem,
427 504 538 532 fratrem
555 510 583 533 et
597 514 757 541 germanum
776 514 862 542 tuum,
879 510 900 537 si
918 519 964 538 vo-

179 549 286 583 luisset,
303 557 352 585 pro
367 550 428 578 data
445 552 495 579 sibi
511 560 525 579 a
542 552 596 580 Deo
607 554 759 589 prttd_entia,
776 555 846 583 hanc
861 564 916 583 rem
929 558 962 585 ad

179 595 285 622 felicem
302 598 564 625 consummationem
586 600 735 634 perducere
759 602 892 635 potuisse.
911 603 962 630 Ve-

177 645 329 668 rumtamen
345 649 404 669 cum
423 642 468 670 ille
482 644 564 671 nimis
579 645 680 680 cogitat
696 646 766 674 hanc
781 655 838 674 rem
859 653 963 683 tempo-

177 686 226 713 rali
260 688 342 714 statui
367 696 418 716 suo
453 695 592 725 coaptare,
621 693 653 720 de
687 694 778 720 medio
805 694 962 722 subtractus

173 737 227 760 est.
242 732 332 759 Voluit
347 734 438 761 divina
455 737 623 770 providentia
654 743 678 765 te
695 747 882 767 successorem
900 742 961 774 eius

174 778 211 805 illi
239 780 264 806 in
298 780 412 815 imperio
447 783 605 818 subrogare.
641 784 786 813 Serenitati
811 795 884 814 nunc
909 793 961 816 tua:

174 825 369 858 pruridcndum
390 832 441 859 est,
476 835 520 861 ne,
547 837 602 855 rem
630 830 733 858 diutius
764 833 959 867 protrahendo,

172 872 299 899 efliciaris
316 881 428 901 consors
447 880 538 902 reatus
553 879 580 903 et
597 884 693 910 poenae.
709 876 851 907 Nescimus
865 881 887 907 si
913 881 960 908 do-

171 918 239 950 lose.
258 919 279 946 si
307 919 431 955 religiose
459 921 492 948 de
518 921 673 950 Christiana
701 924 831 959 religione
856 924 995 962 cogita—8

171 972 255 992 mus:
271 965 298 990 in
316 972 399 1000 regno
413 965 544 993 cmlorum
563 967 652 995 locum
676 968 733 996 dari
753 977 834 1004 posse
856 971 889 999 iis
911 973 956 1007 qui

169 1017 184 1035 ιι
204 1008 349 1036 christiana
370 1011 472 1038 unitate
489 1010 663 1039 dissentiunt.
681 1012 747 1040 Nam
766 1014 799 1041 de
815 1014 888 1043 facto
903 1017 959 1051 pri-

170 1055 270 1087 mario,
297 1056 434 1090 quoddam
463 1057 604 1085 exordium
631 1058 794 1087 Christiana:
819 1061 958 1096 religionis

167 1106 210 1128 est
225 1100 383 1136 Symbolum
401 1105 537 1138 profiteri,
554 1105 582 1132 in
607 1104 660 1139 qu'o
675 1114 756 1134 unam
784 1113 906 1136 sanctam
930 1116 957 1138 et

168 1148 331 1176 catholicam
360 1150 521 1178 conﬁtemur
549 1150 711 1186 Ecclesiam,
743 1161 803 1188 qum
835 1155 956 1188 profecto

166 1201 220 1221 una
235 1202 295 1222 esse
310 1202 363 1222 non
381 1197 489 1230 poterit,
511 1197 560 1224 nisi
578 1198 660 1226 unius
682 1199 764 1234 capiti
781 1201 874 1229 omnia
898 1203 956 1237 ejus

167 1242 287 1268 membra
305 1242 499 1276 respondeant.
511 1251 565 1277 quo
576 1244 721 1279 dirigente,
737 1251 764 1273 et
779 1247 865 1274 vicem
884 1248 955 1276 illius

166 1289 258 1314 aeterni
284 1288 425 1315 Pontiﬁcis
443 1289 593 1323 obtinente,
622 1293 666 1325 qui
695 1297 790 1327 regnat
814 1293 840 1320 in
866 1295 954 1328 coalis,

166 1340 278 1360 necesse
293 1338 335 1360 est
349 1333 422 1361 illius
437 1337 569 1367 membra,
591 1337 695 1371 mystici
721 1340 844 1373 corporis
867 1348 949 1368 mcm~

166 1376 225 1408 bra,
242 1377 274 1403 ad
291 1384 337 1404 sua
355 1378 504 1405 ministeria
523 1387 703 1408 moveantur:
721 1387 750 1409 ut
773 1385 795 1410 si
822 1391 893 1413 recte
909 1393 956 1413 co-

167 1465 325 1498 προσθεῖναι
338 1467 477 1501 ἑῆούλετο,
491 1469 570 1496 οὐθὲν
586 1470 618 1496 ἂν
635 1468 670 1506 ἦν
697 1472 832 1506 ἐμποδὼν,
863 1476 898 1510 μὴ
916 1477 955 1507 al;

166 1511 243 1542 τέλος
261 1513 371 1547 εὐτυχὲς
386 1514 419 1540 τὰ
436 1515 483 1549 τῆς
509 1516 644 1549 ἑνώοεως,
671 1521 864 1555 προχωρῆσαι.
898 1522 954 1548 Νῦν

164 1558 193 1584 δὲ
206 1559 263 1585 ἄλλ’
276 1560 334 1585 ἃττ’
345 1560 374 1585 οὐ
390 1561 479 1593 καλῶς
494 1563 549 1588 αἰεὶ
568 1566 793 1599 προαιρούμενος,
809 1569 855 1595 καὶ
873 1569 954 1605 ἔργον

166 1605 238 1631 θεῖον
251 1606 384 1641 ἐπιθυμίᾳ
398 1608 568 1641 πραγμάτων
581 1610 738 1644 πολιτικῶν,
776 1615 877 1648 μᾶλλον
907 1615 953 1642 τοῦ

164 1651 270 1683 δέοντος
282 1651 510 1686 φιλοτιμούμενος
535 1655 702 1690 ἐφαρμόσαι,
717 1658 843 1694 ἐπίχειρα
855 1668 953 1694 upon-

165 1698 265 1732 ρέσεως
283 1698 332 1724 οὐκ
347 1700 454 1735 ἀγαθῆς
469 1703 664 1738 καταστροφὴν
679 1704 726 1730 τοῦ
743 1703 801 1738 βίου
818 1705 951 1739 λαμϐἑνει

164 1745 241 1779 παρὰ
263 1745 342 1778 Θεοῦ,
373 1746 408 1772 ἵν’
431 1747 512 1779 αὐτὸς
544 1748 594 1782 μὲν
621 1748 718 1776 θᾶττον
747 1751 871 1778 ἐκποδὼν
897 1755 952 1784 τοῖς

164 1791 310 1825 πράγμασι
328 1792 449 1828 γένῃται,
469 1794 562 1829 ἕτερος
575 1795 603 1821 δέ
622 1804 665 1827 τις
679 1796 733 1822 τῶν
748 1796 828 1823 οείων
855 1806 952 1833 προαι-

165 1837 344 1871 ρετικὼτερος
356 1839 405 1871 τήν
434 1847 464 1865 τε
483 1840 569 1874 ἀρχὴν
590 1840 748 1877 παραλάϐῃ,
766 1842 813 1868 καὶ
836 1841 894 1876 ἅμα
917 1843 951 1868 τὰ

161 1882 200 1917 τῷ
214 1882 274 1918 Θεῷ
285 1883 415 1910 δοκοῦντα
432 1885 593 1922 ὗπουργήσῃ
610 1886 702 1919 εὐθύς.
717 1887 762 1914 Διδ
783 1889 812 1914 σὲ
827 1889 859 1923 δὴ
878 1890 950 1922 γένει

163 1930 212 1963 μὲν
227 1930 340 1965 ἀδελφὺν
358 1931 421 1957 ὄντα
438 1932 555 1965 ἐκείνου,
581 1934 666 1969 ἀρετῇ
691 1934 719 1960 δὲ
748 1935 839 1970 πολλῷ
865 1936 950 1963 πλείω

160 1976 335 2010 διαφέροντα,
351 1977 367 2011 ἡ
381 1977 414 2004 τὰ
426 1977 515 2004 πάντα
539 1978 679 2006 διοικοῦσα
696 1981 810 2015 πρόνοια
836 1982 874 2012 είς
900 1982 950 2018 τὴν

161 2021 247 2055 αὐτὴν
262 2021 348 2056 ἀρχὴν
363 2023 503 2056 ἀγαγοῦσα
525 2025 698 2060 καθίστησιν,
723 2027 766 2054 ἵνα
795 2027 849 2054 τῶν
868 2028 949 2055 οείων

161 2067 334 2100 πραγμάτων
349 2068 484 2102 ἀμελῆται
500 2069 593 2104 μηδὲν,
613 2072 644 2097 ἐκ
660 2072 797 2107 μηδεμιᾶς
812 2074 867 2100 τῶν
885 2075 948 2108 περὶ

161 2112 207 2138 τὸν
219 2112 388 2148 ἀνθρώπινον
402 2116 507 2141 τουτονὶ
536 2116 594 2150 βίον
610 2118 773 2151 προφάσεως
789 2128 795 2135 ·
822 2119 884 2146 ὃθεν
914 2121 947 2155 σὴ

162 2159 208 2184 καὶ
225 2160 343 2187 σκεπτέα
361 2169 402 2187 σοι
425 2161 473 2187 νῦν
503 2163 573 2196 ἔστι,
602 2164 648 2190 καὶ
681 2165 833 2200 προνοητέα
858 2165 946 2193 σθένει

162 2205 251 2237 παντὶ,
264 2206 337 2237 ὅπως
352 2207 388 2241 μὴ
405 2208 451 2234 καὶ
468 2208 500 2234 σὺ
517 2209 597 2235 πάλιν
608 2210 661 2236 τῶν
673 2210 773 2244 αὐτῶν,
792 2211 865 2238 ὲκῶν
879 2213 946 2248 ἀμε-

1018 286 1149 320 viventes,
1165 293 1254 315 tamen
1272 290 1390 324 propriis
1416 291 1536 325 regibus,
1556 292 1638 319 etiam
1660 294 1803 328 irruperato-

1016 332 1091 359 ribus
1105 334 1266 366 servientes,
1286 343 1370 362 unum
1388 344 1442 363 non
1461 344 1525 365 esse
1552 339 1692 372 permittet
1716 340 1801 374 impe-

1015 377 1098 405 rium.
1114 378 1300 408 Intelleximus
1311 381 1385 409 enim
1397 381 1499 411 diversi
1512 388 1601 411 status
1617 384 1723 420 imperii
1740 386 1801 413 inde

1015 425 1123 459 prodire
1135 425 1281 460 rationem,
1305 429 1378 462 quod
1398 428 1484 456 divisa
1499 430 1587 465 capita
1602 430 1654 457 sibi
1674 436 1724 458 n0n
1739 433 1801 459 sub-

1014 470 1151 505 ordinata,
1195 473 1242 500 sed
1270 474 1348 508 quasi
1375 474 1409 502 de
1444 479 1578 510 potestate
1596 477 1798 509 contendentia,

1015 523 1099 543 unum
1114 524 1176 544 esse
1194 525 1247 545 non
1266 519 1407 552 patiuntur
1424 520 1578 555 imperium.
1597 521 1637 548 Ex
1658 529 1714 556 quo
1727 522 1799 549 facil-

1012 561 1079 589 lime
1103 562 1184 590 datur
1211 564 1336 599 intelligi.
1362 573 1444 593 unam
1469 574 1522 594 non
1547 575 1630 601 posse
1655 567 1797 594 Ecclesiam

1014 609 1111 636 conﬁci
1131 618 1163 636 ex
1190 610 1223 637 iis
1247 611 1294 646 qui
1326 612 1371 638 uni
1408 613 1490 647 capiti
1526 613 1641 640 subesse
1665 618 1796 641 recusant.

1013 654 1068 682 Nec
1084 655 1182 690 aliquid
1199 662 1251 689 est,
1270 657 1342 692 quod
1359 658 1394 684 ita
1410 659 1552 686 evidenter
1564 659 1606 686 vel
1631 660 1746 694 politicz
1759 660 1796 686 vel

1013 700 1118 734 imperii
1136 707 1233 736 arguat
1258 703 1401 735 unitatem,
1418 711 1499 738 quam
1522 705 1595 739 quod
1620 705 1712 732 unitas
1727 706 1797 740 prin-

1011 747 1129 781 cipatu;
1144 747 1199 774 Nec
1212 749 1292 776 unica
1311 750 1409 782 forma,
1425 751 1465 777 vel
1491 751 1553 779 linis
1581 751 1692 778 unionis
1707 752 1797 779 divisis

1012 794 1211 828 principatibus
1227 800 1342 829 possunt
1360 803 1422 823 esse
1442 798 1610 824 communia.
1627 797 1740 825 Unionis
1755 806 1797 824 au-

1011 843 1065 867 tem
1082 845 1170 867 motor
1185 840 1313 873 eﬂiciens,
1330 841 1370 869 vel
1385 843 1481 870 ductor
1494 851 1642 877 supremus
1658 851 1690 870 ex
1708 851 1799 870 neces-

1011 886 1089 913 sitate
1109 887 1220 914 unicum
1240 888 1329 922 arguit
1351 889 1555 924 principatum;
1569 898 1636 926 ergo
1650 893 1741 919 omnis
1754 891 1796 926 qui

1011 940 1092 958 unum
1107 933 1255 960 confitetur
1270 933 1430 968 Ecclesium,
1455 943 1516 971 quze
1532 937 1560 964 in
1580 942 1638 965 toto
1656 939 1724 966 orbe
1747 939 1797 966 dif-

1009 976 1068 1003 fusa
1092 981 1146 1010 est,
1162 982 1271 1011 oportet
1291 984 1320 1007 ut
1345 987 1429 1006 unum
1454 987 1588 1015 agnoscat
1613 988 1695 1018 caput
1719 985 1797 1010 totius

1010 1022 1154 1050 militautis
1173 1023 1313 1058 Ecclesiae,
1344 1026 1388 1053 cui
1406 1033 1502 1061 parere
1523 1033 1550 1055 et
1575 1029 1688 1057 obedire
1705 1035 1796 1057 tenea-

1010 1073 1063 1096 tur.
1078 1069 1158 1097 lllum
1173 1078 1373 1106 recognoscens
1387 1073 1468 1099 etiam
1485 1073 1626 1102 Pontiﬁcis
1640 1074 1703 1102 .lesu
1718 1075 1755 1103 Cb
1762 1077 1797 1103 ri-

1008 1114 1041 1141 sti
1059 1113 1165 1141 Domini
1181 1116 1269 1143 nostri
1286 1117 1373 1144 vicem
1389 1122 1480 1146 tenere
1502 1119 1529 1146 in
1545 1121 1636 1153 terris,
1651 1126 1677 1148 et
1691 1122 1734 1148 cui
1750 1130 1796 1157 pa-

1009 1166 1068 1187 rere
1085 1167 1197 1188 necesse
1213 1162 1259 1189 sit.

1044 1206 1115 1241 Ergo
1130 1208 1175 1243 qui
1193 1209 1251 1236 vult
1270 1217 1332 1238 vere
1345 1211 1500 1246 Symbolum
1525 1217 1553 1240 ct
1567 1221 1649 1241 unam
1675 1219 1795 1242 sanctam

1008 1250 1157 1290 Ecclesiam
1183 1254 1345 1282 catholicam
1366 1257 1499 1290 profiteri,
1522 1262 1614 1286 teneat
1635 1267 1720 1287 unum
1737 1268 1796 1288 esse

1007 1288 1088 1332 caput
1103 1298 1232 1327 Ecclesia:
1256 1301 1413 1334 militantis;
1428 1304 1471 1331 cui
1487 1305 1600 1333 obedire
1620 1314 1733 1334 necesse
1749 1308 1795 1334 sit.

1005 1343 1061 1372 Nec
1071 1353 1189 1380 unquam
1207 1347 1234 1374 in
1247 1347 1292 1375 Dei
1308 1348 1429 1376 Ecclesia
1445 1351 1593 1380 schismata
1605 1359 1795 1384 surrexerunt.

1008 1391 1059 1418 nisi
1078 1399 1111 1419 ex
1127 1392 1169 1420 liis
1196 1393 1243 1427 qui
1258 1394 1322 1421 huic
1339 1395 1421 1430 capiti
1437 1397 1549 1426 subesse
1567 1399 1724 1427 noluerunt.
1744 1401 1796 1427 Es-

1006 1473 1052 1499 ὲπὶ
1065 1473 1095 1508 τὸ
1111 1474 1213 1500 οἰκεῖον
1226 1474 1369 1508 κινήσεται
1380 1475 1470 1510 ἔργον.
1487 1477 1540 1504 Καὶ
1558 1478 1608 1512 μὲν
1626 1478 1658 1514 δὴ
1685 1480 1795 1506 Miseni

1006 1518 1080 1544 δυοῖν
1094 1517 1118 1544 τ’
1133 1519 1201 1545 ἄλλα
1220 1519 1271 1549 μὲν
1288 1519 1415 1554 ἐχούσαιν
1425 1521 1538 1554 ὁμοίως,
1555 1523 1669 1557 ἄρχοντι
1695 1525 1724 1551 δὲ
1756 1527 1794 1560 μὴ

1006 1563 1100 1590 οὔσαιν
1114 1565 1151 1600 τῷ
1177 1565 1251 1600 αὐτῷ
1272 1566 1414 1600 ὑτιίηκόοιν.
1436 1568 1524 1595 αἴτιον
1544 1569 1591 1595 τοῦ
1613 1570 1678 1603 μίαν
1701 1572 1794 1605 γίγνε-

1007 1610 1068 1636 σθαι
1087 1611 1239 1645 ἠγεμονίαν
1250 1612 1342 1647 ἥκιστ’
1354 1613 1469 1647 ἐθέλειν,
1486 1616 1566 1642 οὐθὲν
1587 1617 1653 1644 ἄλλο
1668 1619 1793 1651 φαίνεται

1007 1656 1154 1682 σκοποῦσιν
1168 1657 1268 1691 ὀρθῶς,
1287 1658 1303 1693 ῆ
1316 1659 1371 1686 τῶν
1384 1659 1417 1686 τὰ
1429 1660 1550 1695 ἄρχοντα
1566 1662 1614 1688 δύο
1643 1663 1721 1696 ὄντα,
1746 1665 1793 1690 καὶ

1007 1701 1155 1737 μηδέτερον
1184 1703 1291 1738 θατέρῳ
1317 1705 1448 1740 ὑπήκοον,
1486 1706 1554 1733 ἀλλὰ
1583 1708 1712 1743 ἀλλήλοιν
1738 1710 1792 1736 τῶν

1005 1747 1147 1780 πρωτείων
1165 1748 1365 1783 ἀμιλλομένων,
1383 1750 1448 1785 μίαν
1464 1751 1514 1778 οὐκ
1527 1752 1560 1788 ἑᾷ
1569 1753 1712 1787 γίγνεσθαι
1727 1756 1792 1789 ἡγε-

1005 1794 1102 1828 μονίαν
1117 1793 1171 1820 τῶν
1185 1794 1264 1822 ὅλων.
1278 1794 1384 1822 Οὔκουν
1402 1797 1432 1823 οὐ
1447 1797 1474 1823 δὲ
1490 1801 1661 1833 χριστιανοῖς
1678 1798 1734 1827 οἷόν
1761 1809 1788 1827 τε

1005 1840 1070 1874 μίαν
1081 1841 1146 1866 ποτὲ
1163 1841 1313 1876 ἐκκλησίαν
1343 1843 1440 1877 στῆναι
1464 1845 1496 1870 ἐκ
1521 1845 1576 1871 τῶν
1608 1847 1697 1880 μηθὲν
1721 1849 1789 1881 σφᾶς

1003 1886 1103 1918 αὐτοὺς
1116 1888 1226 1914 τάσσειν
1244 1888 1289 1922 ὑφ’
1304 1888 1352 1915 ἕνα
1371 1889 1490 1924 ἄρχοντα
1505 1891 1653 1919 ἐθελόντων
1671 1902 1678 1909 ·
1695 1894 1726 1920 οὐ
1737 1896 1787 1929 γὰρ

1002 1932 1075 1957 ἔστιν
1084 1932 1124 1958 ὅτι
1134 1932 1272 1960 πολιτείαν
1279 1933 1373 1968 ἥντινα
1382 1933 1429 1961 οὖν
1437 1935 1500 1969 μίαν
1509 1935 1556 1961 καὶ
1565 1937 1625 1962 ἀδια
1631 1937 1720 1972 ίρετον
1726 1939 1788 1965 ﬁxo.

1002 1977 1128 2012 φαίνεται
1148 1978 1259 2012 μᾶλλον,
1281 1982 1341 2011 τοῦ,
1359 1980 1389 2006 τὸ
1401 1980 1429 2007 ἓν
1447 1978 1517 2007 εἶναι
1531 1981 1561 2008 τὺ
1576 1983 1672 2018 κύριον
1689 1984 1787 2019 Ἀρχῆς

1002 2023 1052 2057 μὲν
1068 2023 1123 2057 γὰρ
1133 2023 1250 2058 σχῆμαῆ
1271 2024 1344 2055 τέλος
1362 2024 1402 2057 ἓν,
1416 2026 1466 2052 οὐκ
1484 2026 1616 2054 πλειόνων
1626 2030 1731 2064 κυρίων
1744 2031 1787 2063 γέ-

1000 2069 1067 2095 νοιτ’
1085 2070 1130 2102 ἂν,
1146 2069 1174 2095 ἓν
1188 2070 1216 2096 δὲ
1240 2071 1376 2105 κινήσεως
1404 2074 1547 2108 ποιητικὸν
1570 2075 1668 2106 αῐτιον,
1701 2076 1786 2102 εῐτονν

1000 2114 1115 2149 πρώτως
1131 2116 1309 2143 διατακτικὺν
1325 2117 1374 2143 καὶ
1391 2117 1544 2146 διουντικδν
1558 2119 1607 2146 τοῦ
1634 2121 1731 2154 αὑτοῦ,
1759 2122 1786 2148 ἓν

998 2161 1028 2187 τὸ
1045 2161 1140 2197 κύριον
1155 2162 1185 2194 ἐξ
1195 2163 1320 2198 ἀνάγκης
1335 2164 1522 2192 ἀποδεικνύει.
1538 2165 1591 2191 Τὸν
1603 2167 1695 2194 τοίνυν
1725 2169 1783 2194 Ἐκ-

999 2208 1114 2243 κλησίαν
1128 2209 1311 2244 ὁμολογοῦντα
1331 2211 1407 2245 μίαν,
1425 2212 1474 2247 τὴν
1490 2213 1529 2243 εις
1546 2215 1637 2240 πάντα
1656 2214 1728 2249 μέρη
1738 2215 1783 2249 τῆς

159 2251 255 2286 ὶ-ήσας,
276 2253 323 2278 καὶ
340 2252 377 2287 μὴ
404 2254 493 2284 καλῶς
511 2254 550 2290 τῷ
576 2255 641 2291 θείῳ
665 2257 842 2291 ὑπουργικῶς
871 2259 946 2294 θελή-
962 2261 984 2289 ι)
997 2255 1160 2291 οἰκουμένης
1171 2256 1414 2291 προὸιὸασθεῖσαν,
1425 2258 1473 2284 ’ἐνα
1481 2259 1512 2293 δή
1526 2260 1572 2286 καὶ
1582 2261 1631 2293 τῆς
1646 2261 1710 2295 ὅλης
1728 2262 1782 2287 Ἕκ-

160 2306 236 2330 ματι,
262 2298 390 2330 κοινωνὸς
406 2300 430 2324 τ’
443 2299 550 2334 ἀδελφῷ
567 2302 672 2337 γενήσῃ
698 2303 753 2328 τῶν
769 2303 835 2330 ῐσων
849 2303 947 2339 ἀδικη-

161 2345 255 2377 μάτων
273 2345 319 2370 καὶ
330 2346 481 2380 τιμωριῶν,
499 2346 535 2377 ὠς
551 2347 635 2379 εἰκὸς,
659 2348 714 2374 τῶν
734 2348 833 2376 αὐτῶν.
855 2350 892 2377 Οὐ
909 2351 946 2384 μὴ

123 2421 127 2426 ι
160 2393 214 2426 γὰρ
231 2391 345 2424 δίκαιον,
360 2392 390 2418 οὐ
403 2392 430 2418 δὲ
445 2392 518 2419 ὅσιον
544 2393 560 2427 ἦ
580 2393 644 2424 τοὺς
665 2394 702 2429 μὴ
724 2394 774 2428 τὴν
796 2395 850 2422 τῶν
880 2396 947 2430 Χρι-

160 2437 276 2463 στιανῶν
293 2437 390 2464 ἕνωσιν
413 2438 461 2464 καὶ
483 2439 611 2472 ὁμόνοιαν
645 2440 878 2475 ὑποδεχουμένους
899 2442 946 2469 καὶ

118 2493 124 2513 ξ
159 2483 333 2518 πράσσοντας
347 2484 444 2518 μοίρας
456 2483 489 2510 ἂν
509 2483 614 2510 οἴεσθαι
637 2487 730 2520 τυχεῖν
745 2486 794 2521 τῆς
822 2486 946 2522 οὐρανῶν

160 2528 339 2563 βασιλείας,ῆ
360 2530 473 2564 χάριτος
498 2529 658 2564 ἡστινοσοῦν
687 2533 762 2567 παρά
789 2532 837 2558 τοῦ
865 2532 942 2560 Θεοῦ.

159 2574 239 2600 "Eo-ct
255 2575 307 2609 γὰρ
340 2575 377 2606 ὡς
399 2575 507 2610 ἀληθῶς
529 2577 578 2610 τῆς
603 2577 774 2612 Χριστιανῶν
802 2579 945 2610 εὐσεῦείας

156 2620 252 2654 ὥσπερ
276 2629 301 2646 τι
316 2622 457 2655 προοίμιον
474 2623 490 2656 ἡ
506 2622 551 2648 τοῦ
567 2623 639 2658 ἱεροῦ
656 2624 790 2657 συμϐόλου
802 2626 942 2660 ὁμολογία,

156 2668 185 2692 ἑν
195 2663 216 2700 ᾧ
226 2667 290 2701 μίαν
306 2667 490 2702 ὁμολογοῦμεν
505 2669 586 2702 ἀγίαν
603 2670 649 2696 καὶ
664 2670 810 2706 καθολικὴν
828 2672 944 2707 Ἐκκλη-

157 2713 229 2739 σίαν.
246 2713 354 2748 Ταύτην
371 2714 400 2740 δὲ
413 2715 478 2748 μίαν
497 2715 631 2750 ὑπάρχειν
648 2717 696 2751 οὐχ
715 2715 771 2743 οἷόν
794 2727 834 2750 τε,
855 2719 887 2745 ἂν
906 2720 943 2754 μὴ

154 2760 189 2785 sit
206 2759 351 2793 σύμπαντα
367 2760 452 2795 αὐτῆς
471 2761 541 2795 μέρη
565 2762 617 2788 ὑπὸ
634 2763 700 2796 μίαν
717 2765 838 2799 τυγχάνῃ
860 2774 944 2799 κεφα-

154 2805 203 2839 λὴν
220 2806 295 2832 ὄντα.
340 2807 379 2837 ﬂ;
419 2807 472 2842 ἄρα
502 2808 590 2839 ἄλλως
616 2809 759 2844 ὀρθούσης,
790 2810 942 2845 ἰθυνοὺσης,

155 2849 202 2874 καὶ
218 2850 278 2875 ἀντὶ
296 2850 412 2883 Χριστοῦ
425 2851 471 2876 τοῦ
494 2852 579 2878 ἀϊδίου
596 2853 748 2887 ἀρχιερέως
774 2855 942 2889 προϊσταμέ-

156 2901 213 2926 νης,
227 2893 342 2920 ἕκαστον
356 2895 409 2920 τῶν
436 2897 482 2922 τοῦ
515 2898 647 2930 μυστικοῦ
681 2898 805 2932 σώματος
839 2900 942 2934 μορίων

999 2300 1114 2335 κλησίας
1128 2300 1247 2336 ἄρχοντα
1266 2301 1388 2328 τίθεσθαι
1401 2302 1450 2334 δεῖ,
1471 2299 1492 2337 ᾧ
1510 2305 1673 2338 πειθόμενος
1698 2307 1782 2334 πάντα

998 2347 1043 2372 τὴν
1058 2337 1155 2382 χρόνον
1170 2347 1314 2381 διατελέοι,
1330 2348 1378 2374 {ita
1396 2348 1428 2382 δὴ
1441 2348 1488 2374 ἐπὶ
1503 2349 1556 2383 γῆς
1569 2337 1626 2376 ὄντι
1649 2352 1709 2378 ἀντ’
1735 2353 1781 2378 αὺ-

997 2392 1043 2418 τοῦ
1066 2392 1113 2419 τοῦ
1127 2392 1236 2419 πάντων
1247 2394 1350 2429 Κυρίου
1368 2393 1456 2428 Ἰησοῦ
1474 2395 1594 2430 Χριστοῦ
1625 2398 1674 2423 καὶ
1699 2399 1780 2425 ἀϊδίου

996 2438 1159 2473 ἀρχιερέως,
1175 2436 1198 2473 ᾧ
1214 2440 1316 2471 πάντας
1330 2439 1481 2467 ὑπακούειν
1496 2441 1607 2478 ἀνάγκη
1627 2443 1716 2471 πᾶσι.

1032 2485 1077 2510 Δεῖ
1087 2485 1231 2519 τοιγαροῦν
1245 2486 1308 2517 τοὺς
1324 2486 1354 2512 τὸ
1371 2486 1508 2521 σύμϐολον
1525 2488 1572 2514 καὶ
1585 2489 1653 2523 μίαν
1671 2490 1781 2524 Ἐκκλη-

997 2531 1058 2556 σίαν
1074 2531 1215 2565 ὁμολογεῖν
1227 2531 1380 2564 ἀξιοῦντας,
1399 2532 1447 2559 ἕνα
1461 2533 1511 2568 τής
1538 2534 1602 2569 ὅλης
1621 2536 1779 2572 Ἐκκλησίας

996 2576 1065 2604 εἶναι
1083 2578 1204 2612 ὑγεμόνα
1220 2578 1353 2614 νομίζειν,
1368 2575 1389 2612 ᾧ
1412 2580 1520 2612 πάντας
1535 2581 1680 2609 πείθεσθαι
1701 2584 1779 2617 ἀναγ-

995 2625 1073 2650 καῖον
1087 2625 1140 2660 εἴη.
1165 2625 1210 2656 Ὠς
1221 2625 1255 2651 τά
1277 2633 1307 2651 τε
1321 2626 1462 2660 σχίσματα
1476 2628 1563 2654 ὁπόσα
1576 2628 1609 2663 δὴ
1625 2630 1672 2655 καὶ
1689 2630 1777 2664 γέγονε

995 2669 1106 2695 πώποτε
1123 2670 1188 2704 περὶ
1209 2669 1258 2704 τὴν
1272 2667 1341 2697 Θεὸῦ
1366 2671 1542 2706 Ἐκκλησίαν,
1557 2673 1708 2707 οὐδαμόθεν
1733 2676 1776 2702 ἆλ-

994 2715 1071 2742 λοθεν
1089 2716 1160 2749 πλὴν
1178 2717 1254 2752 παρά
1265 2717 1319 2743 τῶν
1336 2717 1374 2753 μὴ
1387 2717 1559 2753 βουλομένων
1576 2721 1648 2754 σφᾶς
1665 2721 1777 2748 ὑιοτασ-
1826 2739 1828 2741 ι

996 2771 1053 2787 σειν
1067 2763 1107 2788 ἐνὶ
1121 2763 1237 2798 ἡγεμόνι
1252 2764 1366 2799 τοιούτῳ
1381 2765 1521 2802 εἰσερρύη.
1542 2766 1605 2797 Τοῖς
1620 2776 1650 2793 τε
1665 2768 1718 2800 ἔξω
1736 2777 1775 2794 ποι

996 2808 1158 2842 φερομένοις
1173 2817 1202 2834 τε
1222 2809 1269 2836 καὶ
1286 2810 1493 2844 ἀφηνιάζουσιν.
1511 2812 1561 2838 οὐκ
1574 2812 1652 2838 ἔσται
1681 2813 1735 2839 οὐδ’
1761 2813 1775 2846 ἡ

995 2854 1086 2880 τισοῦν
1104 2855 1226 2890 σωτηρία
1238 2863 1244 2870 ·
1263 2855 1361 2881 πολλοῦ
1375 2864 1406 2889 γε
1421 2857 1468 2883 καὶ
1498 2857 1548 2886 δεῖ.
1564 2858 1645 2885 ὀσοι
1665 2859 1721 2893 γάρ
1741 2866 1776 2885 τοι

995 2899 1069 2934 ὲντῇ
1092 2899 1188 2935 Νώχου
1209 2901 1324 2936 λάρνακι
1356 2902 1392 2936 μὴ
1422 2903 1687 2937 ἐγκατακλείσαντες
1719 2906 1773 2931 εαυ-
