1864 3058
138 143 148 174 i
158 144 209 175 £05

456 142 611 173 NICOLAI
630 144 649 173 V
683 142 804 172 ΙΞΡίὂΤ.
827 143 875 172 AD
888 142 1192 173 CONSTANTINUM
1215 144 1429 174 l‘ALdLOlOG.

1695 143 1762 175 1286

133 207 178 228 tra
193 199 341 229 Ecclesium
358 207 411 227 non
428 204 468 226 est
486 200 579 227 Salus:
595 200 640 234 qui
657 206 711 226 non
727 198 777 226 fuit
804 198 831 226 in
856 206 919 226 arca
934 202 956 230 Α
973 187 1054 234 hique
1080 199 1236 233 peculiaris,
1280 200 1354 234 gravi
1385 200 1542 234 captivitate
1577 199 1671 234 punita
1711 206 1762 226 cst-

132 248 205 283 Noe,
229 247 330 274 diluvio
345 246 458 278 interiit,
483 251 510 272 ct
526 246 635 280 gravius
661 245 754 280 punita
770 250 833 272 sunt
853 244 925 271 schi-

133 299 226 321 smata
255 301 336 328 quam
351 292 403 319 alia
420 299 588 327 quaecunque
603 297 721 327 peccata.
739 290 805 317 Nam
831 290 857 317 in
871 289 924 317 Co-

134 348 176 373 re,
195 339 298 367 Datban
330 343 357 365 ct
372 338 484 369 Ahiron,
501 339 547 373 qui
569 338 688 365 schisma
703 337 729 364 in
754 336 801 363 Dei
827 335 925 371 populo

136 385 226 414 moliti
252 390 327 418 sunt,
341 385 451 421 gravius
477 389 504 412 et
525 384 648 412 severius
661 383 781 418 legimus
803 382 925 409 vindica-

135 437 194 460 tum
231 439 311 467 quam
328 439 389 459 cum
407 431 439 458 iis
454 431 500 465 qui
517 429 695 457 idololatriam
720 428 924 456 commiserunt.

173 477 252 506 Nunc
267 486 342 513 ergo,
358 477 531 506 serenissime
547 476 683 511 princeps,
701 475 808 502 intuere
824 477 924 500 statum

137 524 313 560 praesentium
329 527 491 558 temporum,
509 525 536 548 et
559 520 746 547 animadverte
770 518 923 553 diligenter,

137 578 193 605 quo
209 573 290 604 pacto
308 569 365 595 tieri
383 567 481 602 potuit,
500 571 528 593 ut
553 566 643 593 divina
675 563 846 600 providentia
862 568 923 590 tan-

138 622 193 644 tam
219 616 356 643 nationem
379 615 429 641 sub
451 620 504 640 uno
529 613 703 646 imperatore,
729 615 784 637 tam
809 609 924 637 ell‘usum

138 663 258 690 habente
280 660 434 694 imperium,
460 665 519 693 quze
539 659 604 685 olim
628 656 778 684 abundavit
800 656 925 683 innume-

140 708 270 736 rabilibus
287 705 468 734 sanctissimis
495 709 521 730 ct
538 703 705 731 doctissimis
721 703 795 736 viris,
811 703 839 729 in
855 710 924 738 pra:-

138 755 288 782 sentiarum
305 753 338 780 ad
355 752 380 779 id
395 752 510 778 miseriae
526 750 654 778 devenire
670 749 834 784 permiserit,
848 754 877 776 ut
890 748 925 776 sit

137 799 291 827 miserrima
316 797 436 824 omnium
470 795 612 831 gentium;
634 795 704 829 quod
731 792 851 828 profecto
871 798 923 819 tam

137 846 252 874 evidens
284 849 325 872 est
356 849 382 870 ut
416 843 506 878 negari
532 850 587 869 non
611 842 706 876 possit.
741 840 923 876 lnttlligemus

139 892 274 928 proiecto,
292 897 418 924 magnum
439 896 499 916 esse
516 888 567 915 hoc
581 887 713 922 sacrilegii
740 894 836 922 genus,
853 886 925 920 quod

138 938 259 965 divinam
283 935 453 963 clementiam
477 934 505 960 in
530 937 632 960 tantam
673 932 740 959 iram
762 931 926 966 indignatio-

141 991 257 1018 nemque
277 982 432 1009 concitarit.
455 980 487 1007 Et
510 979 573 1014 quia
596 970 770 1005 vehementer
790 977 926 1012 angimur,

140 1030 271 1058 Greciam
290 1035 397 1055 omnem
415 1034 447 1053 co
466 1027 633 1061 pervenisse,
650 1029 680 1050 ut
695 1024 752 1051 fere
770 1026 852 1050 totam
876 1022 927 1049 iui-

141 1076 220 1103 micis
238 1075 327 1102 crucis
342 1071 445 1101 Christi
470 1078 564 1107 parere
587 1077 698 1097 necesse
721 1068 767 1096 sit.
785 1067 927 1096 Credimus

142 1130 185 1154 ea,
200 1129 260 1156 qua:
274 1120 401 1150 dicimus,
422 1119 458 1145 ita
485 1116 627 1144 serenitati
654 1121 705 1142 tua:
729 1122 789 1141 esse
816 1119 884 1145 nota,
900 1118 928 1139 ut

143 1167 251 1194 notiora
268 1166 325 1192 ﬁeri
340 1171 393 1191 n0n
408 1163 522 1199 possint.
535 1161 660 1197 Magnum
674 1165 715 1187 est
735 1161 797 1190 tam,
812 1165 839 1186 τι
853 1158 928 1185 valde

143 1220 270 1248 magnum
294 1211 472 1239 demeritum:
499 1210 570 1244 quod
596 1209 688 1236 divino
718 1207 819 1242 judicio
850 1210 928 1232 tantm

143 1260 258 1291 nationi,
277 1264 330 1286 tam
344 1258 490 1293 praeclarze,
505 1260 558 1282 tam
572 1254 707 1289 gloriosa
725 1259 776 1280 tam
788 1253 927 1282 diuturna,

144 1313 198 1334 tam
219 1306 310 1340 gravis
332 1303 475 1339 captivitas
500 1301 600 1336 injecta
623 1300 667 1328 sit.
692 1299 762 1334 Ergo
783 1298 929 1332 aliquando

144 1352 318 1387 cogitandum
333 1355 384 1381 est,
401 1355 525 1382 quamam
541 1346 660 1381 potuerit
674 1352 734 1372 esse
747 1351 829 1371 causa
849 1340 928 1377 digna

145 1400 241 1427 horum
257 1397 401 1424 malorum.
417 1394 531 1429 Propter
543 1394 597 1421 ddo
611 1392 682 1420 enim
695 1391 811 1418 maxima
822 1394 929 1425 peccata

145 1452 212 1477 gens
229 1443 351 1474 Hebraea,
370 1448 429 1476 qu:c
447 1443 506 1466 erat
521 1437 636 1473 populus
651 1444 664 1462 a
681 1435 734 1461 Det)
757 1435 869 1463 eluctus,
891 1432 930 1459 si-

144 1533 208 1563 τοὺς
235 1528 448 1558 διασεσώκασιν,
483 1523 556 1552 οὗτοι
587 1523 663 1550 ὕδασι
697 1519 930 1549 κατακλυσθέντες

146 1578 286 1605 ἀπώλοντο
303 1576 412 1606 πάντες,
430 1573 477 1600 καὶ
493 1570 683 1607 χαλεπώτερον
701 1569 728 1594 δὲ
758 1568 793 1594 τὰ
817 1567 932 1593 τοιαῦτα

148 1623 286 1658 σχίσματα
305 1620 413 1651 κολάζει
428 1619 504 1649 Θεὸς,
519 1617 534 1651 ἢ
551 1616 638 1642 ὁτιοῦν
654 1615 708 1641 τῶν
725 1614 813 1641 ἄλλων
841 1613 933 1647 ἀμαρσ

146 1670 286 1705 τημάτων.
305 1667 390 1701 Δῆλον
419 1665 472 1699 γὰρ
494 1665 534 1690 ὅτι
549 1664 613 1693 τοὺς
639 1662 704 1695 περὶ
733 1661 833 1691 Δαθὰν,
858 1658 931 1693 Κορὲ

147 1704 193 1742 καὶ
216 1711 345 1746 Ἀϐειρὼν
359 1711 461 1745 σχίσμα
490 1709 538 1735 καὶ
564 1708 660 1733 στάσιν
686 1705 873 1739 πεποιηκότας
902 1704 932 1729 ὲν

146 1761 186 1794 τῷ
199 1760 256 1794 λαῷ
269 1758 313 1785 τοῦ
325 1756 404 1788 Θεοῦ,
415 1754 613 1791 χαλεπωτέρως
627 1752 756 1785 ἐπεξῆλθε
771 1750 802 1778 τὸ
821 1751 891 1777 θεῖον
915 1749 931 1781 ἢ

147 1807 210 1837 τοὺς
226 1804 430 1838 εἰδωλολατρεῖν
443 1800 684 1834 ἐπιϐαλλομένους.

185 1852 322 1886 ’Δθρησον
338 1849 397 1882 οὖν,
414 1845 437 1875 ὧ
453 1847 636 1882 αὐτοκράτορ,
648 1847 697 1880 τὴν
713 1844 868 1879 παροῦσαν.
895 1839 933 1869 ὧν

149 1899 253 1933 ἄρχεις,
284 1897 380 1931 τύχην,
407 1895 453 1921 καὶ
479 1893 578 1928 σκέψαι
611 1892 679 1926 πρὸς
712 1890 779 1919 Θεοῦ
798 1889 932 1925 ἀκριϐῶς,

149 1945 205 1970 τίσι
221 1944 320 1977 δήποτε
334 1940 532 1976 ἁμαρτήμασιν
549 1938 626 1968 ἔθνος
637 1936 799 1971 τηλικοῦτον
815 1936 860 1970 ὑφ’
874 1936 932 1966 ἐνὸς

149 1991 299 2025 ἀρχόμενον
314 1988 358 2014 ἀεὶ
379 1985 594 2020 αὐτοκράτορος,
626 1983 733 2018 μυρίοις
759 1983 789 2008 eo
817 1980 934 2016 πρόσθεν

151 2035 296 2062 εὐσθενοῦν
307 2034 465 2064 ὁσιωτάτοις
484 2033 531 2059 καὶ
546 2032 712 2065 σοφωτάτοις
728 2030 868 2065 ἀνδράσιν,
894 2029 933 2060 εἰς

149 2081 229 2108 τοῦτο
252 2079 463 2115 κακοδαιμονίας
476 2078 608 2113 ἐληλυθδς
625 2076 746 2112 περιεῖδε
763 2075 838 2109 Θεὸς,
863 2074 934 2100 ὥστε

150 2127 220 2154 εἶναι
249 2126 296 2153 νῦν
324 2127 432 2153 πάντων
461 2125 545 2152 ὲθνῶν
574 2122 866 2157 κακοδαιμονέστατον.
900 2121 934 2146 Ἢ

150 2173 230 2207 δῆλον
247 2173 288 2198 δτι
302 2172 390 2198 ἐκεῖνο
408 2171 431 2197 τ’
447 2171 601 2206 ἁμάρτημα
623 2169 762 2196 αἰτιᾶσθαι
789 2167 890 2202 χρεὼν,
920 2165 934 2192 δ

978 245 1078 278 Primo,
1095 250 1206 280 propter
1224 245 1405 273 idololatriam
1431 253 1446 272 a
1462 245 1571 280 regibus
1591 245 1764 280 Assyriorum

977 290 1072 318 decem
1098 292 1185 319 tribus
1211 292 1238 319 in
1262 292 1376 320 Mediam
1403 293 1540 319 translata:
1563 297 1642 324 sunt;
1667 291 1765 317 deinde

978 345 1068 373 regem
1085 337 1154 365 Juda
1180 345 1242 365 cum
1259 338 1363 365 dttabus
1389 337 1507 365 residuis
1533 337 1659 365 tribubus
1686 343 1763 371 reges

977 382 1166 411 Chaldaeorum
1182 383 1209 410 in
1234 383 1398 419 Babylonem
1423 383 1572 415 deduxere,
1597 390 1658 417 qua:
1677 389 1765 416 usque

977 429 1010 456 ad
1027 430 1196 464 septuaginta
1211 437 1297 457 annos
1312 430 1337 456 in
1351 430 1507 464 captivitate
1530 432 1698 456 tnanserunt.
1717 427 1764 454 Se-

977 474 1077 506 cundo,
1115 479 1226 509 propter
1249 474 1420 509 sacrilegium
1446 475 1517 508 quod
1542 474 1569 500 in
1594 473 1641 501 Dei
1665 473 1762 500 Filium

977 520 1148 548 incarnatum
1163 521 1370 553 commiserunt,
1395 528 1456 548 cum
1475 529 1490 547 a
1512 520 1682 556 principibus
1704 519 1760 545 Ro-

977 566 1065 592 manis
1089 565 1255 600 Vespasiano
1271 572 1296 593 ct
1319 567 1391 598 Tito.
1416 566 1602 599 Hierosolyma
1632 566 1762 593 subversa

977 615 1028 643 est,
1045 615 1072 637 et
1096 612 1186 638 omnis
1216 612 1289 646 regio
1316 611 1407 639 Judtca
1426 613 1451 638 in
1470 611 1654 638 Romanorum
1683 609 1763 635 ditio—

976 664 1037 684 nem
1059 657 1190 684 trauslata
1211 663 1265 689 ρει,
1289 658 1326 684 ita
1345 662 1373 683 ut
1390 657 1491 684 nationi
1511 657 1559 688 illi,
1573 655 1693 683 universi
1718 663 1762 681 or-

977 702 1017 730 his
1035 711 1121 738 usque
1139 704 1164 730 in
1182 704 1252 730 hunc
1276 704 1346 730 dicm
1373 704 1498 730 tEXs‘iliutll
1516 703 1691 730 concedatur.

1014 748 1045 775 Et
1057 749 1113 776 haec
1127 750 1158 776 de
1168 749 1298 777 Hebraeis.
1307 749 1414 776 Graecos
1423 755 1524 779 autem.
1533 754 1674 783 postquam
1686 748 1763 774 tidem

977 795 1138 822 catholicam
1148 803 1303 830 suscepere.
1311 803 1361 824 nec
1371 796 1403 823 ad
1416 795 1594 823 idololatriam
1616 795 1767 822 declinasse

979 841 1109 872 videmus,
1119 841 1201 868 necin
1210 842 1256 868 Dei
1266 842 1362 869 Filium
1374 850 1404 869 ea
1414 842 1517 877 piacula
1527 840 1768 876 commisisse,qui-

979 887 1029 915 bus
1041 887 1068 914 in
1082 887 1232 915 Turcarum
1244 888 1427 923 captivitatem
1442 889 1532 916 divina
1552 888 1655 915 ulti‘one
1669 895 1763 922 perve-

980 935 1081 964 nerint.
1099 934 1168 970 Ergo
1183 934 1277 961 subest
1293 935 1365 962 aliud
1379 934 1512 968 sacrilegii
1528 941 1622 968 genus,
1639 932 1710 967 quod
1725 932 1766 959 di-

978 980 1042 1007 vina
1056 979 1160 1014 justitia
1179 979 1340 1014 impunitum
1368 987 1428 1007 esse
1456 988 1509 1006 non
1533 980 1611 1006 sinit.
1639 979 1695 1006 Nec
1719 979 1763 1006 di<

977 1026 1093 1061 ligenter
1133 1026 1345 1060 inquirentibus,
1381 1030 1510 1060 quantum
1541 1025 1629 1052 cordis
1657 1025 1767 1052 humani

979 1072 1066 1099 valeat
1095 1072 1239 1099 inﬁrmitas
1267 1071 1383 1103 intueri,
1408 1071 1472 1098 licet
1504 1071 1663 1106 intelligere,
1696 1071 1767 1098 hanc

980 1119 1163 1154 captivitatem
1180 1126 1233 1145 non
1246 1118 1354 1145 aliunde
1367 1118 1527 1152 profectam,
1541 1125 1621 1151 quam
1634 1124 1666 1144 ex
1691 1121 1768 1143 reatu

981 1165 1151 1198 sch‘smatis,
1167 1164 1239 1198 quod
1259 1169 1370 1192 auctore
1395 1163 1504 1198 Photio,
1521 1168 1640 1196 tempore
1663 1161 1768 1189 Nicolai

985 1211 1090 1247 primi,
1115 1211 1231 1245 sumpsit
1266 1210 1408 1244 exordium
1429 1228 1435 1240 .
1461 1214 1485 1236 et
1514 1216 1635 1242 eousque
1666 1208 1770 1234 invete—

982 1262 1068 1284 ratum
1096 1261 1146 1288 cst,
1163 1261 1192 1283 ut
1222 1263 1307 1290 usque
1326 1256 1359 1282 ad
1393 1259 1514 1289 tempora
1539 1254 1590 1281 ista
1604 1252 1768 1288 pervenerit.

982 1301 1110 1330 Dolenter
1134 1306 1160 1328 et
1197 1302 1276 1328 anxie
1303 1301 1354 1328 ista
1382 1299 1556 1335 proferimus,
1583 1304 1611 1326 et
1640 1299 1770 1325 vellemus

982 1353 1082 1376 mterno
1101 1348 1231 1375 danntare
1258 1347 1376 1374 silentio.
1406 1346 1506 1373 Verum
1532 1346 1556 1373 si
1581 1353 1691 1380 operam
1715 1351 1772 1371 me-

983 1393 1100 1421 dicantis
1125 1397 1267 1428 exspectas
1281 1413 1289 1425 ,
1312 1396 1418 1427 oportet
1446 1396 1474 1418 ut
1489 1392 1584 1418 vulnus
1604 1397 1679 1418 tuum
1697 1391 1772 1417 dcte-

983 1448 1039 1474 gas.
1059 1440 1127 1466 Ecce
1140 1439 1194 1474 jam
1210 1438 1265 1466 fere
1279 1438 1421 1473 quingenti
1437 1437 1501 1464 anni
1513 1437 1655 1468 transiere,
1669 1443 1701 1463 ex
1717 1443 1771 1470 quo

945 1547 967 1575 ο
985 1531 1097 1566 Πρῶτον
1114 1531 1163 1566 μὲν
1177 1531 1231 1566 γὰρ
1243 1530 1277 1557 δι’
1297 1530 1523 1565 εἰδωλολατρεῖαν
1538 1531 1566 1556 αἰ
1591 1530 1657 1557 δέκα
1686 1531 1771 1565 φυλαὶ

984 1580 1040 1609 τοῖς
1055 1578 1210 1612 ’Δσσυρίοις
1224 1577 1396 1612 αἰχμάλωτοι
1411 1577 1578 1611 ἀπήχθησαν
1595 1577 1634 1608 εἰς
1648 1576 1765 1610 Μηδίαν,

984 1625 1031 1650 καὶ
1048 1624 1110 1654 τοὺς
1128 1623 1248 1658 βασιλεῖς
1261 1623 1348 1649 Ἰούδα
1362 1623 1431 1657 μετὰ
1452 1623 1526 1649 δυοῖν
1539 1624 1600 1648 ταῖν
1614 1622 1772 1648 ὑπολοίποιν

984 1669 1080 1704 φυλαῖν
1100 1669 1231 1696 Χαλδαῖοι
1249 1669 1440 1704 αἰχμαλώτους
1465 1670 1504 1699 είς
1533 1668 1679 1694 Βαϐυλῶνα
1702 1668 1775 1701 ἀπή-

983 1724 1079 1749 γαγον.
1091 1716 1147 1742 Καὶ
1159 1715 1279 1749 διέμεινε
1295 1714 1326 1740 τὸ
1350 1714 1427 1745 ἔθνος
1445 1713 1571 1740 δουλεῦον
1587 1714 1674 1744 οὕτως
1698 1713 1772 1739 ὲὸδο-

986 1757 1106 1795 μήκοντα
1133 1761 1193 1795 ἐτη.
1224 1760 1342 1786 Ἔπειτα
1366 1760 1388 1786 δ’
1414 1760 1485 1794 ἅπερ
1503 1762 1543 1791 εἰς
1572 1760 1617 1786 τὸν
1640 1759 1686 1786 τοῦ
1704 1759 1771 1786 θεοῦ

984 1807 1042 1833 υἱὸν
1057 1805 1165 1841 Ἰησοῦν
1180 1805 1320 1841 ἠσέϐησαὶν
1342 1814 1372 1832 τε
1388 1807 1434 1832 καὶ
1451 1805 1582 1840 ὖὸριταν,
1602 1807 1771 1841 αἰχμάλωτοι

985 1852 1104 1888 γίνονται
1129 1853 1220 1884 πάλιν,
1235 1852 1316 1886 ἥνικα
1330 1852 1534 1883 Οὐεσπασιανὸς
1550 1852 1596 1878 καὶ
1608 1852 1686 1882 Τίτος
1707 1851 1771 1878 Ῥω-

986 1898 1074 1932 μαίων
1089 1898 1239 1931 στρατηγοὶ
1257 1897 1326 1923 κατὰ
1339 1897 1440 1930 κράτος
1458 1896 1567 1928 ἑλόντες
1582 1896 1770 1930 κατέσκαψαν,

986 1943 1034 1970 καὶ
1055 1942 1205 1977 σύμπασαν
1217 1942 1266 1977 τὴν
1288 1942 1426 1969 Ἰουδαίων
1449 1942 1542 1978 χώραν
1563 1942 1696 1977 ἐποίησαν
1721 1941 1773 1967 ὑπὸ

985 1989 1049 2019 τοὺς
1070 1988 1233 2023 Ῥωμαίους.
1250 1988 1305 2015 Καὶ
1319 1988 1353 2015 τὰ
1366 1990 1415 2023 τῆς
1433 1988 1629 2024 αἰχμαλωσίας
1650 1989 1682 2023 δὴ
1708 1988 1773 2014 ταύ-

985 2044 1035 2070 της
1050 2035 1127 2061 οὔπω
1148 2034 1250 2069 ἔσχηκε
1280 2035 1379 2070 πέρας,
1407 2035 1465 2061 ἀλλ’
1483 2035 1523 2061 ἔτι
1541 2035 1616 2061 πᾶσα
1637 2036 1654 2068 ὴ
1680 2036 1772 2061 οἰκου-

988 2081 1056 2114 μένη
1067 2079 1149 2111 τόπος
1164 2080 1254 2114 φυγῆς
1271 2088 1301 2106 τε
1316 2080 1362 2106 καὶ
1380 2080 1485 2116 πλάνης
1500 2081 1690 2108 ἀποδέδεικται
1707 2081 1773 2106 Ἰου-

985 2126 1069 2153 δαίων
1081 2126 1120 2161 τῷ
1135 2126 1218 2152 ἔθνει.

1021 2171 1062 2198 Τὰ
1084 2171 1177 2206 μὲνδὴ
1204 2171 1259 2198 τῶν
1293 2171 1428 2206 Ἐϐραίων
1450 2172 1545 2203 οὕτως.
1573 2172 1705 2206 Ἕλληνας
1733 2172 1772 2205 δὲ,

151 2217 268 2251 φανερὸν
280 2216 376 2248 οὕτως.
390 2215 427 2247 ὡς
449 2215 552 2250 μηδένα
568 2215 600 2242 ἃν
615 2214 687 2249 ἔχειν
711 2214 793 2247 φάναι
820 2213 934 2239 ὖπεναν·
951 2222 973 2252 ι)
987 2216 1083 2252 ἐπειδὴ
1099 2217 1149 2251 τὴν
1172 2218 1374 2252 εὒσεὸεστάτην
1399 2218 1524 2250 ἐδέξαντο
1560 2219 1664 2251 πίστιν,
1692 2219 1770 2245 οὐδὲν

151 2263 206 2290 τία.
224 2263 278 2289 Καὶ
293 2261 421 2296 μέγιστον
432 2258 486 2295 ἆρα
502 2260 581 2287 τοῦτό
596 2268 627 2294 γε
644 2259 826 2293 ὑποληπτέον,
853 2257 935 2284 ὁπότε

151 2309 197 2336 τὸν
212 2308 417 2336 ἐπιεικέστατον
431 2308 515 2334 πᾶσιν
531 2305 688 2341 ἀνθρώποις
704 2305 783 2337 Θεὸν,
794 2305 834 2334 εἰς
850 2304 936 2339 ὀργὴν

152 2354 320 2390 τηλικαύτην
343 2352 532 2388 παροξυμένον
558 2352 678 2388 δρῶμεν,
706 2350 775 2386 δῆλα
800 2350 828 2376 δὲ
849 2349 937 2377 ταῦτά

152 2407 194 2425 τοι
211 2399 327 2433 μάλιστα
343 2398 408 2425 δντα
428 2398 568 2432 τυγχάνει.
595 2397 660 2431 Ely:
685 2395 732 2423 νῦν
763 2397 895 2430 σύμπασα
919 2395 936 2429 ἡ

159 2444 254 2476 Ἑλλὰς
273 2445 318 2470 καὶ
335 2444 384 2470 ὅσα
403 2443 496 2477 σχεδόν
506 2451 533 2469 τι
556 2442 691 2477 πρότερον
723 2441 791 2468 ἄλλα
812 2441 864 2468 ὑπὸ
891 2440 936 2467 τὸν

155 2488 342 2522 αὐτοκράτορα
355 2485 399 2521 ἦν,
419 2487 458 2518 εἰς
478 2486 558 2513 τοῦτο
584 2487 669 2521 τύχης
694 2485 835 2520 ἐλήλυθεν,
867 2485 937 2512 ὥστε

155 2531 290 2557 δουλεύειν
306 2531 475 2557 ἐλεεινότατα
501 2533 558 2562 τοῖς
591 2531 639 2557 τοῦ
673 2530 792 2565 Χριστοῦ
819 2531 936 2565 ἐχθροῖς.

154 2579 277 2614 Μέγεθος
293 2578 331 2612 τῷ
343 2579 399 2605 δντι
414 2578 510 2610 κακοῦ,
524 2577 571 2604 καί
586 2586 628 2609 τις
656 2577 794 2612 ὑπερϐολὴ
810 2578 937 2612 ἁμαρτά-

144 2623 209 2655 ’δος,
219 2623 296 2656 γένος
317 2623 462 2658 Ἑλλήνων,
475 2623 505 2649 τὸ
515 2624 598 2650 πάλαι
607 2624 677 2658 μέγα
694 2624 737 2649 καὶ
751 2623 866 2657 ἔνδοξον,
878 2623 937 2649 δοῦ-

155 2668 200 2694 λον
213 2668 285 2694 οὓτω
303 2667 452 2703 βαρὸάροις
468 2670 540 2696 κατὰ
552 2669 631 2704 δίκην
649 2669 825 2696 ἀποδείκνυσι
850 2670 937 2696 θείαν.

156 2714 352 2741 Ἐπισκετττέον
376 2714 420 2740 οὖν
450 2715 509 2741 τίνα
534 2715 587 2741 τῶν
611 2714 705 2741 κακῶν
734 2714 836 2741 τούτων
864 2715 938 2748 ἄξιον

157 2761 239 2796 φαίην
253 2760 354 2787 αἰτίαν.
373 2760 409 2786 Τὸ
423 2762 472 2794 μὲν
496 2761 550 2794 γὰρ
568 2760 702 2795 Ἐὕραίων
727 2761 804 2794 γένος
832 2761 845 2786 δ
872 2762 938 2790 Θεὸς

155 2807 219 2832 λαὸν
236 2805 325 2840 ἑαυτῷ
341 2806 498 2840 ἐπελέξατο,
513 2806 559 2833 καὶ
577 2807 614 2838 ὼς
643 2807 707 2833 ίδιον
726 2806 853 2842 σύστημα
870 2807 938 2842 ἔχων

157 2852 254 2887 taliet,
281 2851 328 2878 δύο
354 2852 388 2879 τὰ
415 2853 531 2887 μέγιστα
557 2854 716 2890 ἡμαρτηῖλις
740 2853 819 2890 δίκην
843 2854 936 2883 ἔδωκε.

986 2263 1180 2299 ἡμαρτηκότας
1196 2264 1304 2299 ὁρῶμεν
1314 2263 1445 2297 τοιοῦτον,
1465 2265 1527 2292 οὔτε
1546 2266 1599 2300 γὰρ
1615 2267 1652 2297 εἰς
1667 2266 1774 2292 εἰδωλο-

988 2310 1116 2344 λατρείαν
1128 2311 1185 2338 οἶδε
1200 2311 1351 2337 ἀπέκλιναν
1368 2311 1510 2343 οὐδέποτε,
1525 2311 1587 2338 οὔτε
1615 2320 1642 2338 τι
1667 2312 1708 2344 εἰς
1726 2313 1772 2338 τὸν

986 2355 1034 2382 τοῦ
1047 2355 1115 2382 Θεοῦ
1130 2355 1187 2382 υίδν
1216 2355 1310 2389 ὅμοιον
1340 2356 1607 2392 πεπλημμεληκότες
1631 2358 1684 2384 εἰσί
1703 2365 1710 2374 ·
1739 2357 1773 2384 δι’

988 2401 1057 2437 ὅπερ
1068 2402 1114 2428 καὶ
1123 2402 1192 2436 οῐητ⁵
1207 2402 1240 2428 ἂν
1256 2411 1298 2433 τις
1313 2402 1499 2438 αἰχμαλώτοις
1521 2403 1597 2439 παρὰ
1622 2403 1691 2430 Θεοῦ
1716 2405 1772 2436 τοῖς

989 2446 1138 2482 βαρίάροις
1150 2447 1359 2482 παραδεδόσθαι.
1375 2448 1407 2474 Τί
1426 2446 1474 2475 οὖν
1499 2449 1656 2481 ἀδικοῦντες
1680 2451 1772 2477 ἐκεῖνα

989 2493 1123 2527 πάσχουσι
1141 2501 1164 2526 ;,
1190 2494 1238 2519 καὶ
1275 2494 1370 2521 τίποτε
1399 2494 1620 2531 ἐξημαρτηκότες
1651 2497 1700 2532 τὴν
1725 2497 1772 2523 τοῦ

988 2538 1056 2564 Θεοῦ
1074 2538 1163 2573 ψῆφον
1175 2539 1215 2570 εἰς
1245 2540 1380 2574 τιμωρίαν
1397 2541 1474 2574 σφίσι
1497 2540 1654 2576 δεινοτάτην
1679 2542 1773 2574 ἐξεκα-

988 2584 1102 2609 λέσαντο
1116 2592 1123 2616 ;
1138 2583 1154 2618 ἢ
1172 2584 1251 2611 οὺΘεν
1262 2585 1378 2612 καθόσον
1386 2583 1443 2612 οἷον
1461 2587 1492 2613 τὸ
1516 2587 1618 2622 σχίσμα
1645 2588 1772 2623 ἁμάρτη-
1803 2621 1806 2623 _

991 2637 1045 2663 tta;
1062 2629 1273 2664 Eﬂcpaﬂéyw,
1289 2626 1319 2657 οὗ
1331 2631 1416 2662 αἴτιος
1435 2631 1484 2666 μὲν
1505 2634 1566 2667 περ’.
1584 2633 1630 2667 τὴν
1641 2633 1687 2659 τοῦ
1704 2633 1772 2660 Θεοῦ

995 2675 1160 2709 Ἐκκλησίαν
1175 2677 1188 2702 ὁ
1205 2676 1307 2707 Φὼτιος
1323 2678 1497 2712 πατριάρχης
1513 2679 1772 2705 Κωνσταντινουπδ-

989 2722 1057 2752 λεως
1086 2723 1132 2748 ἐπὶ
1160 2722 1296 2749 Νικολάου
1337 2723 1447 2758 πρώτου
1487 2725 1596 2760 Ῥώμης
1622 2725 1773 2760 ἀρχιερέως

990 2767 1248 2802 ὲγένετο.Διέμεινε
1260 2768 1288 2794 δὲ
1306 2768 1394 2800 οὕτως
1421 2770 1469 2797 ἐπὶ
1497 2770 1576 2803 πολὺ,
1607 2770 1677 2798 ὥστε
1704 2772 1773 2806 μηδὲ

990 2811 1051 2838 καθ’
1066 2811 1138 2846 ἡμᾶς
1152 2812 1206 2845 ἔξω
1224 2812 1272 2840 τοῦ
1298 2814 1422 2841 τοιούτου
1438 2816 1525 2843 κακοῦ
1551 2817 1586 2844 τὰ
1607 2818 1771 2853 χριστιανῶν

992 2855 1073 2884 εἶναι.
1095 2857 1194 2892 Ἡμεῖς
1210 2859 1260 2893 μὲν
1276 2859 1365 2887 τοίνυν
1381 2861 1536 2897 περιαλγῶς
1551 2871 1578 2889 τε
1598 2863 1644 2890 καὶ
1660 2863 1770 2898 ἀθύμως
